2477 3512
193 257 236 289 86
892 252 1161 286 REGISTRES
1187 250 1540 284 D’ALEXANDRE
1570 250 1618 282 IV

194 371 248 397 per
265 361 513 396 quinquennium
531 361 649 393 integre
667 359 836 386 ministrari
860 359 966 390 faciat,
984 365 1046 384 non
1070 359 1198 385 obstan-
1248 363 1250 366 ·

194 408 278 434 tibus
297 408 420 433 statuto
440 408 470 432 et
490 405 715 431 consuetudine
735 403 967 437 praedictarum
987 402 1196 429 ecclesiarum.

194 452 289 486 (Rea.
307 452 355 482 25,
373 451 392 476 s.
411 452 468 476 233
485 454 530 481 νο,
547 457 596 475 an.
617 449 651 480 V,
668 457 692 474 c.
711 448 792 480 249.)

240 554 252 569 «
270 566 289 572 ..
309 539 543 581 archipiscopo
563 537 732 569 Toletano.
753 537 849 568 Sicut
868 536 1017 568 dilectus
1034 536 1128 568 lilius
1144 555 1198 568 ——.

194 595 277 626 Dat.
310 592 479 633 Anagnic,
511 591 627 623 idibus
658 590 863 626 decembris,
896 599 988 621 anno
1019 589 1156 631 quinto.
1189 602 1201 618 u

276 746 366 771 3023
675 744 813 776 Viterbe,
837 745 875 770 20
898 744 1010 770 sevrier
1036 744 1120 770 1258.

235 799 448 829 Abbatissam,
468 800 660 824 conventum
681 800 709 824 ct
731 798 957 824 monasterium
979 797 1006 823 S.
1030 797 1145 823 Mariae
1165 797 1203 824 de

195 844 299 876 Longe
330 843 447 874 Marke‚
478 843 661 869 Morincnsis
691 842 831 873 diocesis,
862 842 996 874 generali
1026 842 1142 868 ordinis
1172 843 1203 868 et

194 888 377 922 provinciali
399 888 531 914 fratrum
554 887 709 913 Minorum
726 887 806 912 illius
822 886 1002 920 provinciae
1019 886 1201 913 committit.

195 933 291 965 (lino.
308 932 357 964 25,
372 932 393 958 f.
410 932 467 958 232
483 936 529 963 Ψ),
545 939 595 958 an.
614 932 649 963 V,
666 939 690 957 c.
707 931 765 957 250
780 930 791 948 1
807 939 813 961 ;
831 931 1002 956 l‘or'rsmsr
1022 931 1143 964 17193.)

239 1032 251 1048 (ε
272 1045 291 1051 ..
313 1019 482 1051 abbatisse
502 1021 529 1050 ct
548 1019 725 1050 conventui
744 1018 942 1050 monasterii
963 1018 1084 1050 Sancte
1103 1017 1201 1050 Clare

192 1074 231 1105 de
259 1073 375 1113 Lonqe
403 1072 538 1109 sttartce,
570 1071 702 1103 ordinis
733 1071 850 1103 Sam-11·
877 1071 1058 1108 Damiani,
1090 1070 1202 1102 litori-

193 1125 309 1158 nensis
339 1125 492 1157 diocesis.
525 1126 610 1157 Cum
642 1125 733 1156 sicut
763 1135 805 1156 ex
836 1144 890 1156 —.
923 1125 1006 1156 Dat.
1040 1125 1199 1164 Vitcrbii,

193 1179 227 1211 X
251 1179 320 1210 kal.
346 1178 477 1215 marcii,
503 1188 595 1209 anno
620 1177 756 1219 quinto.
784 1190 795 1206 »

273 1331 361 1356 3024
729 1330 863 1364 Anagni,
886 1330 904 1358 3
927 1331 1005 1358 avril
1030 1331 1118 1358 1259.

233 1384 352 1411 Abbati
369 1384 552 1411 monasterii
571 1384 828 1418 Montismajoris,
847 1383 1039 1411 Arelatensis
1059 1384 1200 1417 diocesis,

193 1428 298 1460 mitra,
325 1428 441 1455 annulo
469 1428 661 1461 caeterisque
683 1428 918 1461 pontificalibus
938 1429 1048 1455 utendi
1068 1429 1200 1456 faculta-

192 1474 257 1500 tem
276 1472 428 1499 concedit.
449 1472 545 1505 (Rea.
566 1472 615 1504 25,
634 1472 655 1499 f.
677 1472 745 1505 233,
765 1479 814 1499 an.
836 1472 873 1505 V,
893 1479 918 1499 c.
938 1472 1021 1506 251.)

238 1572 252 1588 «
289 1585 311 1592 ..
349 1559 464 1591 abbati
502 1560 699 1592 monasterii
737 1561 1027 1602 Montismajwis,
1067 1561 1199 1594 ordinis

194 1612 311 1645 Sancti
344 1613 530 1650 Benedicti,
566 1612 776 1645 Arelatensis
809 1613 962 1651 diocesis,
998 1614 1042 1646 acl
1073 1615 1200 1647 Roma—

193 1675 274 1697 nam
298 1665 484 1697 Ecclesiam
507 1666 601 1698 nullo
625 1666 734 1698 medio
756 1667 968 1708 pertinentis.
994 1667 1199 1700 Laudabilis

193 1719 311 1760 religio
333 1729 400 1760 que
420 1719 454 1750 in
476 1719 689 1750 monasterio
710 1722 772 1751 tuo
793 1720 836 1751 ad
860 1720 1061 1752 Romanam
1082 1721 1201 1753 Eccle-

193 1772 282 1804 siam
306 1774 491 1813 spectante
515 1772 653 1809 colitur,
679 1772 727 1804 sic
752 1773 797 1804 ab
822 1784 861 1804 co
888 1774 1066 1805 mundane
1092 1774 1201 1806 disso-

193 1825 338 1856 lutionis
368 1824 539 1866 relegavit
569 1825 761 1862 illecebras,
796 1828 835 1857 ut
865 1826 958 1858 inter
989 1827 1057 1858 alia
1089 1827 1201 1859 claus-

192 1877 292 1909 tralis
319 1877 534 1909 abstinentie
563 1878 713 1910 nexibus
739 1878 946 1919 relegatum,
976 1879 1201 1913 observantie

192 1930 350 1973 puritate
378 1930 513 1972 fulgeat
543 1931 721 1973 regularis,
752 1934 799 1968 et,
830 1932 1028 1964 voluntatis
1058 1933 1200 1966 libitum

192 1986 368 2021 coartans,
401 1984 544 2015 omnino
575 1984 640 2015 sub
672 1984 871 2016 obedientie
904 1985 1024 2017 debito
1057 1987 1201 2027 dignam

192 2039 229 2068 et
261 2036 420 2068 sedulam
453 2037 621 2069 exhibeat
654 2037 807 2069 Domino
841 2038 1062 2070 servitutem.
1100 2040 1201 2072 Unde

192 2092 380 2131 tamquam
424 2090 553 2131 potiori
599 2090 781 2122 devotioni
826 2091 1038 2133 meminens,
1085 2093 1201 2124 attolli

191 2142 405 2184 jamdudum
427 2143 663 2185 exemptionis
686 2144 868 2185 privilegio
893 2145 1021 2176 meruit
1044 2149 1077 2177 et
1102 2147 1202 2180 velut

193 2195 397 2227 sanctitatis
421 2195 524 2227 titulo
549 2197 810 2238 pressignitum,
837 2198 1001 2229 nonnulis
1026 2199 1101 2231 aliis
1125 2209 1202 2241 gra-

193 2248 252 2280 tiis
285 2249 452 2280 decorari.
488 2249 630 2287 Verum,
666 2253 706 2281 ut
738 2260 777 2281 eo
811 2250 956 2292 majoris
989 2252 1202 2286 sinceritatis

193 2308 275 2342 erga
313 2300 438 2332 Sedein
474 2301 719 2343 Apostolicam
757 2303 923 2344 proficiat
960 2304 1094 2336 meritis
1132 2316 1202 2347 quo

196 2362 258 2395 per
286 2362 365 2384 eam
394 2353 525 2385 honore
553 2354 661 2385 fuerit
690 2355 870 2396 preditum
900 2355 1073 2398 ampliori,
1105 2359 1203 2390 volu-

196 2415 276 2437 mus
293 2408 333 2437 ut
350 2406 466 2437 adhuc
484 2407 598 2444 decor,
618 2417 723 2448 quem
740 2417 783 2439 ex
800 2409 960 2450 predicta
977 2411 1202 2452 exemptione

196 2458 340 2500 recepit,
375 2459 593 2491 exuberante
628 2461 725 2492 Sedis
758 2462 918 2503 ejusdem
951 2464 1077 2504 gratia,
1112 2464 1202 2496 circa

196 2510 283 2543 illud
323 2512 368 2543 ad
407 2512 555 2553 gloriam
595 2513 705 2545 divini
745 2515 897 2547 nominis
936 2517 1203 2558 pontificalibus

196 2564 355 2606 insigniis
378 2568 562 2606 augeatur.
588 2566 680 2598 Hinc
704 2571 758 2599 est
782 2570 876 2610 quod
902 2580 976 2608 nos,
1004 2571 1073 2602 tuis
1097 2572 1204 2602 devo-

196 2617 244 2649 tis
265 2617 584 2659 supplicationibus
605 2620 776 2659 inclinati,
802 2622 866 2654 tibi
887 2626 922 2655 ct
944 2625 1203 2658 successoribus

196 2671 280 2708 tuis,
302 2674 341 2702 ut
358 2671 395 2703 in
413 2672 565 2704 ecclesiis
584 2674 793 2716 prioratibus
813 2679 848 2708 et
866 2677 950 2709 locis
969 2678 1046 2709 aliis
1065 2688 1203 2710 monas-

198 2724 286 2755 terio
309 2724 468 2766 predicto
490 2726 671 2767 subjectis,
696 2728 800 2760 mitra
823 2732 859 2760 et
881 2731 986 2762 anulo
1009 2733 1204 2774 ceterisque

198 2777 465 2819 pontificalibus
489 2779 541 2811 uti
564 2780 606 2811 de
629 2783 745 2813 cetero
768 2782 874 2814 libere
898 2785 1057 2822 valeatis,
1083 2790 1204 2818 aucto-

199 2831 305 2863 ritate
337 2832 556 2874 presentium
587 2833 834 2875 indulgen1us;
867 2837 918 2869 ita
955 2840 1075 2870 tamen
1110 2842 1204 2881 quod

233 2945 254 2966 1.
274 2946 294 2965 A
307 2946 386 2970 partit
399 2945 429 2965 de
443 2951 469 2966 ce
483 2945 594 2969 numero,
608 2945 624 2965 il
638 2946 679 2971 n'y
694 2953 708 2966 u
722 2946 776 2971 plus
790 2946 911 2967 d'initlale
925 2953 954 2967 en
968 2947 1068 2967 couleur
1081 2953 1113 2967 au
1126 2946 1205 2967 debut

200 2981 231 3002 de
242 2981 322 3002 l'acte.

1304 359 1339 390 in
1367 358 1452 390 locis
1480 357 1629 390 aliorum
1657 357 1895 398 jurisdictioni
1926 356 2109 398 subjectis,
2139 357 2317 399 premissis

1305 412 1438 453 absque
1463 411 1605 443 licentia
1630 413 1666 442 et
1691 409 1913 451 beneplacito
1938 419 2061 441 eorum
2086 410 2146 451 qui
2170 410 2205 441 in
2229 409 2314 443 locis

1306 464 1510 506 hujusmodi
1545 463 1829 505 jurisdictionem
1865 462 2041 499 obtinent.
2080 463 2134 494 uti
2169 463 2314 495 minime

1306 517 1530 560 presumatis.
1568 516 1663 548 Nulli
1700 519 1818 547 nostre
1854 515 2089 548 concessionis
2123 518 2191 548 etc.
2230 516 2315 549 Dat.

1307 570 1476 612 Anagnic‚
1505 570 1558 601 111
1581 579 1692 601 nonas
1714 568 1844 610 aprilis,
1868 578 1961 600 anno
1984 568 2121 610 quinto.
2146 580 2159 597 ι

1389 728 1479 754 3025
1596 744 1599 745 ⁷
1825 726 1959 759 Anagni,
1983 726 2000 752 6
2022 725 2125 759 iuillet
2148 726 2235 753 1259.

1350 782 1506 815 Episcopo
1526 781 1714 807 Tornaccnsi
1734 780 1943 813 omnibusque
1963 779 2168 805 Tornacensis
2188 778 2318 806 diocesis

1310 826 1458 860 religiosis
1493 826 1635 852 concedit
1671 827 1706 851 ut
1742 825 1779 851 de
1815 824 1966 850 laicorum
2002 823 2147 850 manibus
2182 823 2319 852 decimas

1310 870 1459 896 redimere
1477 870 1606 903 possint.
1625 870 1722 903 (neo.
1741 869 1789 900 25,
1807 869 1827 894 f.
1847 868 1915 899 233,
1933 875 1982 894 an.
2001 867 2039 899 V,
2056 874 2080 893 e.
2099 867 2182 900 252.)

1355 980 1367 996 (ι
1394 993 1414 999 ..
1443 967 1599 1009 episcopo
1630 966 1849 998 Tornacensi.
1877 966 2129 999 Fraternitatis
2153 969 2215 998 tue
2241 975 2320 1009 pre-

1308 1021 1408 1053 cibus
1431 1020 1603 1057 inclinati,
1632 1020 1696 1051 tibi
1721 1020 1936 1052 auctoritate
1962 1019 2179 1062 presentium
2203 1020 2319 1052 indul-

1308 1082 1430 1116 gemus
1451 1076 1501 1111 ut,
1523 1076 1599 1105 tam
1620 1075 1659 1104 tu
1682 1082 1790 1114 quam
1810 1072 1919 1104 etiam
1941 1072 2059 1104 dilecti
2079 1072 2143 1105 filii
2163 1073 2318 1106 decanus

1307 1130 1343 1159 et
1373 1126 1573 1169 capitulum
1603 1126 1853 1163 Tornacenses,
1886 1135 2022 1158 necnon
2054 1125 2191 1168 prelati,
2223 1126 2319 1168 capi-

1308 1180 1393 1217 tula,
1419 1179 1563 1220 collegia
1588 1182 1623 1211 et
1647 1181 1845 1211 conventus
1869 1178 2095 1211 ecclesiarum
2118 1181 2155 1211 et
2178 1188 2318 1212 monas-

1307 1233 1476 1266 teriorum
1498 1231 1776 1265 Tornacensium
1786 1231 1944 1264 civitatis
1955 1234 1991 1264 et
2003 1232 2160 1270 diocesis,
2176 1232 2319 1274 possitis

1308 1286 1462 1319 decimas
1492 1285 1663 1317 redimere
1694 1285 1735 1316 (le
1767 1284 1932 1316 manibus
1961 1285 2143 1322 laicorum,
2175 1285 2218 1318 de
2247 1295 2320 1318 rec-

1310 1342 1426 1372 torum
1452 1338 1680 1371 ecclesiarum
1707 1338 1751 1369 ad
1779 1347 1868 1380 quas
1894 1338 2028 1370 decime
2054 1337 2128 1380 ipse
2153 1340 2319 1380 spectant

1306 1395 1343 1425 et
1363 1392 1520 1424 locorum
1543 1391 1812 1423 diocesanorum
1833 1400 1989 1428 assensu,
2012 1400 2032 1422 a
2054 1393 2089 1422 te
2110 1393 2146 1423 et
2167 1391 2212 1423 ab
2233 1390 2319 1433 ipsis

1309 1445 1455 1488 prestita
1486 1445 1583 1487 prius
1612 1445 1751 1486 ydonca
1781 1444 1945 1476 cautione
1976 1444 2070 1485 quod
2099 1453 2159 1476 eas
2186 1443 2319 1476 eisdem

1306 1498 1501 1530 restituetis
1543 1497 1707 1535 ecclesiis,
1752 1497 2038 1539 quandocunque
2081 1497 2123 1529 de
2160 1497 2318 1539 ipsarum

1308 1552 1420 1594 pretio
1446 1551 1548 1583 vobis
1573 1551 1681 1582 fuerit
1706 1550 1943 1582 satisfactum.
1971 1550 2066 1582 Nulli
2093 1552 2212 1582 nostre
2236 1560 2320 1583 con-

1306 1605 1471 1638 cessionis
1502 1607 1569 1636 etc.
1603 1604 1686 1635 Dat.
1720 1603 1890 1645 Anagnie,
1928 1603 1960 1634 II
1992 1603 2073 1635 idus
2102 1603 2191 1645 julii,
2225 1612 2318 1636 anno

1307 1659 1444 1700 quinto.
1470 1671 1483 1686 ³>

1389 1805 1478 1831 3020
1717 1805 1766 1831 Au
1790 1805 1919 1837 Latran,
1942 1805 1980 1832 23
2004 1805 2129 1839 J'anvier
2151 1805 2238 1833 1259.

1350 1859 1459 1886 Heliae
1477 1858 1634 1890 Jauberti,
1654 1858 1915 1892 Petragoricensis
1935 1859 2075 1891 diocesis,
2094 1858 2320 1887 tabellianatus

1307 1903 1449 1931 officium
1467 1903 1620 1930 concedit.
1639 1902 1736 1936 (Rea.
1755 1903 1804 1935 25,
1822 1903 1842 1929 f.
1862 1903 1931 1935 233,
1949 1911 1999 1930 an.
2018 1903 2056 1935 V,
2075 1910 2099 1930 c.
2119 1903 2202 1938 253.)

1354 2005 1368 2022 ι(
1403 1993 1502 2025 Helie
1538 1992 1709 2030 Jauberti,
1747 1992 2039 2033 Pet1·<190ricensis
2075 1992 2228 2025 diocesis.
2267 1992 2319 2024 Ne

1307 2049 1559 2079 contractuum
1586 2045 1755 2077 memoria
1782 2064 1836 2077 -.
1865 2045 1949 2077 Dat.
1978 2046 2156 2083 Laterani,
2186 2045 2221 2077 X
2246 2045 2317 2078 kal.

1308 2100 1488 2137 februarii,
1513 2109 1606 2131 anno
1630 2099 1767 2141 quinto.
1792 2111 1804 2127 »

1388 2254 1476 2280 3027
1832 2254 1970 2285 Viterbe,
1995 2253 2032 2279 12
2053 2252 2122 2286 juin
2147 2252 2235 2279 1259.

1349 2308 1498 2342 Magistro
1535 2308 1627 2334 Petro
1664 2308 1701 2334 de
1737 2307 1852 2338 Solido‚
1889 2306 2039 2333 canonico
2078 2305 2318 2339 Engolismensi,

1307 2353 1448 2385 indulget
1472 2354 1518 2383 ut,
1545 2354 1669 2385 praeter
1688 2351 1901 2385 praebendam
1923 2350 2202 2384 Engolismensem,
2224 2350 2318 2376 eccle—

1308 2398 1386 2424 siam
1406 2397 1443 2424 de
1463 2396 1659 2430 Segontiaco,
1680 2395 1923 2422 Xanctoniensis
1943 2394 2082 2425 diocesis,
2103 2396 2133 2421 et
2154 2394 2317 2421 ecclesiam

1311 2442 1339 2468 S.
1370 2441 1521 2468 Martialis
1551 2439 1794 2473 Engolismensis
1823 2447 1930 2465 curam
1960 2439 2138 2465 animarum
2166 2438 2319 2465 habentes

1308 2486 1441 2512 retinere
1456 2485 1564 2518 possit.
1582 2484 1678 2517 (fico.
1696 2484 1744 2515 25,
1761 2484 1781 2510 f.
1799 2484 1857 2510 233
1873 2487 1919 2515 w),
1936 2491 1986 2509 an.
2005 2482 2040 2514 V,
2057 2490 2082 2509 c.
2099 2482 2182 2516 254.)

1353 2589 1366 2605 «
1397 2575 1569 2617 Mayislro
1600 2575 1699 2607 Petro
1731 2574 1769 2606 de
1802 2573 1928 2611 Solido,
1961 2573 2124 2605 canonico
2157 2572 2319 2614 Enyolis-

1308 2629 1428 2662 mensi.
1463 2629 1597 2660 Meritis
1633 2631 1690 2660 tue
1725 2626 1924 2659 devotionis
1957 2645 2012 2657 Α.
2049 2626 2132 2657 Dat.
2157 2626 2317 2664 Viterbii,

1312 2683 1344 2714 Il
1365 2683 1444 2714 idus
1462 2682 1563 2723 junii,
1585 2692 1678 2713 anno
1700 2681 1836 2722 quinto.
1859 2692 1872 2708 »

1387 2835 1474 2861 3028
1751 2834 1884 2868 Anagni,
1907 2834 1924 2860 9
1948 2833 2117 2860 novembre
2142 2831 2228 2858 1295.

1343 2888 1468 2921 Jolan0‚
1498 2889 1648 2915 canonico
1676 2888 1823 2921 ecclesiae
1852 2888 1889 2913 de
1917 2887 2064 2920 Leproso,
2100 2883 2318 2912 Bituricenssis

1308 2932 1448 2965 diocesis,
1471 2934 1604 2960 mandat
1627 2935 1662 2959 ut
1690 2933 1840 2959 abbatem
1863 2930 2045 2958 monasteril
2072 2930 2100 2957 S.
2128 2927 2257 2956 Gildasii
2281 2927 2318 2954 de

1311 2977 1421 3003 Castro
1447 2977 1587 3008 Radulfi,
1613 2977 1730 3003 ordinis
1756 2977 1785 3003 S.
1812 2975 1985 3007 Benedicti,
2011 2974 2151 3007 ejusdem
2177 2971 2317 3002 diocesis,
