2477 3512
905 280 1134 319 TROISIEME
1159 287 1214 317 AN
1222 280 1304 317 NEE

90 361 131 390 tri
151 360 310 396 volentes,
330 365 364 389 ut
379 369 435 399 pro
449 358 594 399 ejusdem
610 357 823 397 acquisitione
844 361 933 386 terre
952 366 990 387 eo
1012 355 1077 396 ple·
1101 377 1103 403 Ι
1130 367 1144 382 α

89 417 159 446 nius
179 417 291 446 vester
306 415 432 445 animus
457 414 651 451 invalescat,
674 423 734 453 quo
754 422 813 442 vos
834 414 867 443 et
892 413 1075 442 existentes

88 471 204 502 ibidem
218 470 291 501 fidei
303 471 462 501 catholice
475 470 678 511 professores
691 471 725 499 et
741 478 759 498 a
780 468 870 499 nobis
890 467 1075 499 obtinebitis

1101 422 1102 446 l

1100 475 1102 498 A

89 527 226 568 gratiam
248 527 434 567 specialem,
457 526 539 566 quod
561 536 578 556 a
593 525 682 556 robis
703 523 905 565 suffragante
927 524 1075 555 exercitu
1101 531 1102 537 ¹

87 584 268 614 christiano
285 584 354 623 jam
375 583 413 613 de
438 583 508 624 ipsa
529 585 629 619 terra,
652 584 785 612 auctore
808 581 953 617 Domino,
973 580 1075 610 nosci-

90 644 143 670 tur
180 640 386 679 acquisitum,
415 639 519 679 injus
550 643 582 668 et
609 637 840 679 proprietatem
872 637 957 668 beati
983 635 1075 666 Petri

87 696 279 737 suscipimus
300 702 332 726 et
353 705 421 725 eam
445 694 501 725 sub
531 694 663 734 speciali
683 693 871 734 Apostolice
893 693 984 724 Sedis
1004 702 1075 733 pro-

86 752 230 783 tectione
258 762 294 782 ac
321 751 512 782 defensione
538 751 703 791 perpetuis
730 750 926 790 temporibus
950 758 1074 790 perma-

87 819 164 840 nere
207 809 380 839 sancimus,
417 807 582 847 ipsamque
622 806 712 837 vobis
751 812 784 837 et
818 806 927 837 domui
964 807 1074 835 vestre

88 875 160 896 cum
187 865 271 895 omni
298 864 370 905 jure
399 869 431 894 et
459 862 670 903 proventibus
707 864 771 893 suis
801 862 1006 893 concedimus
1043 862 1073 891 in

88 924 276 963 perpetuum
308 919 405 950 libere
430 918 671 960 possidendam,
699 920 743 949 ita
781 925 813 948 ut
848 928 904 959 per
932 929 987 949 vos
1019 920 1075 949 aut

88 978 166 1008 alios
191 976 277 1007 dicta
299 983 386 1006 terra
413 975 532 1005 nullius
563 985 699 1014 unquam
730 974 906 1005 subiciatur
937 974 1074 1005 dominio
1100 1011 1101 1019 ἵ

85 1032 256 1074 potestatis
286 1041 370 1071 :que
399 1042 475 1061 vero
501 1031 532 1061 in
558 1031 713 1068 futurum,
744 1031 905 1071 largiente
928 1032 1072 1069 Domino,

84 1088 264 1119 insistendo
282 1087 463 1118 defensioni
484 1087 737 1118 christianitatis
758 1087 796 1118 de
819 1092 907 1118 terra
934 1098 1076 1128 pagano-

85 1155 154 1175 rum
172 1145 203 1175 in
221 1144 333 1175 eadem
349 1144 514 1184 provincia
541 1154 596 1174 vos
618 1144 794 1184 contigerit
813 1143 962 1184 adipisci,
985 1145 1075 1175 tirma

85 1209 118 1232 et
136 1200 262 1231 illibata
278 1201 367 1231 vobis
389 1201 571 1240 vestrisque
592 1200 848 1237 successoribus,
873 1200 929 1230 sub
947 1201 1020 1241 jure
1038 1211 1075 1231 ac

85 1258 285 1299 proprietate
312 1257 404 1288 Sedis
428 1257 616 1298 Apostolice
645 1256 757 1288 eodem
782 1256 873 1287 modo
904 1258 1075 1287 statuimus

85 1324 307 1355 permansura.
332 1314 482 1345 Ceterum
501 1314 531 1343 in
552 1313 664 1344 eadem
678 1318 777 1350 terra,
799 1313 1001 1353 dispositioni
1016 1315 1075 1344 Se—

85 1370 134 1401 dis
159 1370 344 1411 Apostolice
368 1380 586 1408 reservanms,
616 1372 649 1400 ut
684 1380 740 1410 per
767 1370 882 1410 ipsam.
911 1380 983 1400 cum
1018 1380 1074 1401 vos

85 1427 323 1468 propitiationis
354 1425 460 1456 divine
484 1435 614 1456 munere
652 1428 764 1466 optata
801 1426 947 1465 ejusdem
987 1429 1074 1457 terre

85 1483 191 1524 spatia
211 1482 388 1523 contigerit
402 1482 564 1520 obtinere,
586 1492 622 1512 ac
644 1481 683 1512 de
704 1486 792 1512 statu
813 1482 912 1523 ipsius
933 1493 992 1523 per
1016 1492 1073 1513 vos

82 1539 206 1581 plenius
227 1539 381 1569 fuerimus
398 1538 577 1574 informati,
601 1537 770 1569 ordinetur
785 1538 824 1569 de
836 1538 1072 1570 constituendis

768 1594 885 1625 ibidem
929 1595 1069 1629 clericis,

82 1652 242 1693 episcopis
279 1653 312 1682 et
345 1651 479 1692 prelatis
510 1650 594 1689 aliis,
628 1660 752 1682 necnon
792 1650 831 1682 de
860 1651 1069 1692 providendo,

83 1707 165 1749 quod
182 1707 279 1738 iidem
299 1707 339 1738 de
367 1707 496 1748 prefata
519 1710 605 1738 terra
634 1717 811 1747 congruam
837 1707 977 1738 habeant
1000 1718 1072 1748 por-

82 1596 112 1625 in
146 1596 215 1636 ipsa
254 1595 403 1626 ecclesiis
441 1597 475 1625 et
512 1594 720 1625 instituendis

83 1765 214 1802 tionem,
238 1770 270 1795 et·
290 1764 371 1805 quod
392 1765 622 1806 promissiones
638 1775 676 1796 ac
697 1765 874 1806 pactiones,
897 1775 976 1804 quas
997 1775 1072 1805 pre·
1097 1759 1098 1766 ¹

83 1821 226 1852 sentibus
255 1821 491 1852 habitatoribus
519 1821 667 1863 ejusdem
698 1825 786 1852 terre
814 1822 935 1852 fecisse
965 1821 1071 1852 nosci-

84 1877 172 1914 mini,
186 1881 241 1908 aut
258 1878 375 1908 futuris
392 1878 520 1908 facietis
546 1878 576 1908 in
598 1880 775 1918 posterum,
797 1888 814 1908 a
830 1877 920 1908 vobis
941 1878 1073 1908 valeant

83 1934 251 1965 observari
281 1937 314 1966 et
341 1934 425 1974 quod
450 1934 480 1964 in
508 1935 765 1975 recognitionem
791 1934 919 1964 dominii
941 1936 974 1965 et
996 1945 1072 1975 per—

83 1993 178 2031 cepte
207 2001 226 2021 a
252 1990 334 2021 Sede
355 1991 541 2031 Apostolica
561 1990 734 2028 libertatis,
757 1990 909 2021 Ecclesie
928 1991 1071 2021 Romane

85 2056 202 2077 census
222 2056 346 2077 annuus
370 2047 588 2088 persolvatur,
607 2047 691 2078 sicut
711 2047 742 2077 in
754 2047 886 2077 Domino
906 2047 946 2078 ad
973 2047 1073 2078 hono—

84 2113 152 2134 rem
169 2103 316 2134 Ecclesie
336 2113 372 2134 ac
394 2103 568 2134 utilitatem
585 2106 728 2134 vestram
746 2104 849 2134 visum
866 2103 963 2134 fuerit
975 2114 1074 2145 expe-

84 2159 163 2190 dire.
176 2160 332 2190 Tenorem
355 2162 461 2190 autem
476 2160 613 2201 predicti
624 2160 787 2201 privilegii
806 2159 896 2190 vobis
913 2170 930 2190 a
946 2161 1072 2201 prefato

84 2215 165 2247 duce
185 2215 332 2247 concessi
354 2214 393 2246 de
416 2216 515 2247 verbo
540 2216 580 2247 ad
607 2216 739 2247 verbum
767 2216 972 2256 presentibus
994 2217 1074 2248 feci—

85 2282 154 2303 mus
176 2273 339 2309 annotari,
363 2273 415 2313 qui
436 2273 510 2303 talis
529 2275 579 2304 est
599 2283 603 2304 :
725 2271 728 2273 ’

837 2382 902 2407 Juin
927 2383 1002 2407 1230,

130 2480 142 2493 (ι
174 2467 205 2496 ln
229 2467 354 2497 nomine
372 2470 485 2497 sancte
514 2471 548 2497 ct
574 2467 735 2498 individue
756 2467 935 2497 Trinitatis.
960 2467 1073 2497 Amen.

86 2537 99 2548 υ
128 2522 281 2558 Quoniam
299 2523 397 2563 juxta
416 2523 550 2553 verbum
565 2524 623 2554 viri
639 2524 796 2564 sapientis
818 2524 987 2564 generatio
1006 2534 1077 2564 pre-

86 2593 98 2604 ‹·
129 2579 207 2609 terit.
245 2580 278 2609 et
308 2579 475 2619 generatio
506 2579 649 2618 advenit,
684 2580 844 2620 nichilque
877 2580 993 2610 stabih=
1027 2579 1078 2610 vel

86 2649 98 2660 v·
127 2645 322 2676 permanens
343 2638 394 2665 est
414 2635 472 2666 sub
488 2636 568 2671 sole.
593 2636 649 2667 sed
684 2637 820 2667 vanitati
851 2638 946 2676 atque
974 2640 1078 2667 muta-

86 2705 98 2716 ι·
128 2691 429 2733 bilitatisubjacent
451 2693 615 2726 universa,
647 2703 685 2723 ne
699 2703 768 2723 cum
788 2692 972 2724 labentibus
983 2694 1077 2724 annis

87 2762 98 2773 ι·
128 2758 234 2779 rerum
255 2748 426 2787 magnifice
446 2760 501 2779 seu
522 2749 644 2780 utiliter
665 2752 830 2789 gestarum
847 2750 975 2780 labatur
995 2751 1078 2791 pari-

87 2819 98 2828 ··
129 2806 179 2835 ter
203 2807 237 2835 et
263 2805 431 2836 aboleatur
455 2807 622 2844 memoria,
654 2806 888 2836 munificentias
918 2808 951 2837 et
981 2806 1077 2837 liber-

87 2875 98 2886 «ι
131 2863 227 2900 tates,
250 2864 419 2903 presertim
451 2863 479 2893 in
516 2864 584 2904 pias
607 2873 722 2893 causas
755 2865 788 2893 et
816 2862 886 2893 loca
925 2863 1077 2903 religiosa

88 2931 100 2942 «
129 2916 276 2955 collatas,
307 2920 466 2960 scriptura
500 2919 650 2949 convenit
680 2920 880 2960 perpetuari,
920 2928 980 2958 que
1016 2930 1076 2950 non

90 2986 101 2997 ι·
131 2972 234 3004 solum
254 2984 380 3006 omnem
397 2980 621 3017 emergentem
639 2976 669 3006 in
690 2979 853 3016 posterum
880 2975 1025 3016 precidat
1043 2979 1076 3007 et

1129 424 1143 438 ((

1137 482 1143 495 t

1128 536 1142 551 ((

1136 594 1142 607 (

1128 649 1142 663 ((

1128 706 1142 720 ((

1128 762 1142 776 (t

1128 818 1142 833 (t

1127 874 1141 888 ί(

1128 931 1141 946 t(

1128 988 1142 1002 ((

1128 1044 1142 1059 ((

1129 1102 1142 1115 ί(

1128 1158 1143 1171 ((

1128 1214 1142 1229 ((

1129 1270 1142 1284 (ί

1129 1326 1143 1340 ((

1128 1382 1142 1397 (<

1128 1439 1141 1453 «

1127 1494 1141 1509 ((

1126 1550 1140 1565 «

1126 1608 1139 1623 (‹

1126 1664 1140 1679 t(

1127 1720 1141 1736 ((

1126 1777 1141 1792 ((

1127 1834 1140 1849 ((

1126 1891 1139 1905 «

1126 1948 1139 1962 «

1126 2005 1140 2019 ((

1127 2060 1141 2075 ((

1127 2118 1141 2132 ((

1128 2174 1141 2189 (‹

1128 2230 1141 2245 t<

1129 2286 1143 2301 ((

1130 2343 1144 2357 (‹

1130 2400 1143 2414 (ι

1132 2456 1145 2470 ((

1131 2512 1145 2525 t(

1132 2569 1145 2583 (‹

1132 2626 1145 2639 <4

1133 2682 1146 2696 t(

1133 2739 1145 2752 ‘4

1132 2796 1145 2809 (ι

1132 2851 1146 2865 «

1132 2909 1145 2923 ((

2051 287 2115 318 719

1172 355 1265 385 tollat
1301 354 1558 395 ambiguitatem,
1595 366 1704 386 verum
1735 356 1831 387 etiam
1869 356 2039 393 universis,
2073 355 2113 386 ad

1170 421 1302 450 quorum
1331 411 1479 441 notitiam
1518 413 1716 452 pervenerit,
1744 411 1914 442 laudabilis
1942 414 1974 443 et
2008 412 2112 442 imita-

1172 468 1258 498 tione
1285 467 1372 507 digni
1399 467 1541 507 exempli
1564 468 1703 508 speciem
1739 468 1997 509 represeutaudo
2027 478 2112 499 com-

1171 524 1300 554 mendet
1316 529 1348 554 et
1368 524 1408 554 ad
1423 523 1539 553 similia
1561 523 1724 553 invitando
1745 525 1890 555 accedat.
1920 524 1996 555 Cum
2025 525 2109 555 enim

1172 590 1263 610 omne
1296 579 1404 610 datum
1436 580 1591 621 optimum
1615 582 1647 610 ct
1673 590 1766 610 omne
1793 580 1909 611 donum
1930 581 2109 621 perfectum

1169 636 1338 666 desursum
1356 636 1396 666 sit
1411 647 1428 666 a
1447 638 1539 677 patre
1554 636 1707 666 luminum
1739 636 1952 669 descendens,
1976 638 2027 677 qui
2054 637 2112 668 dat

1170 693 1314 723 omnibus
1332 692 1532 723 affluentian'i
1554 694 1587 722 et
1610 693 1728 722 nemini
1770 693 1979 733 improperat,
2010 694 2109 723 homi-

1169 748 1260 779 nibus
1293 749 1475 779 concedens
1506 749 1708 790 temporalia,
1731 759 1791 779 non
1821 756 1854 779 ut
1887 750 2036 790 placeant
2060 752 2113 780 aut

1170 804 1344 838 delectent„
1364 805 1436 845 quia
1454 806 1483 835 in
1506 805 1553 835 sui
1567 808 1680 835 natura
1693 815 1786 839 vana,
1802 816 1883 843 vaga
1896 811 1969 835 sunt
1990 808 2022 836 et
2043 816 2115 835 cor-

1168 861 1342 902 ruptibilia,
1367 861 1423 891 sed
1453 865 1603 901 tanquam
1620 871 1731 891 semen
1753 863 1786 891 et
1807 862 1941 892 materia
1963 862 2001 892 ad
2020 872 2114 892 exer-

1169 917 1271 949 cenda
1297 918 1517 948 n‘iisericordie
1542 928 1641 958 opera
1672 917 1809 958 benigne
1834 918 2079 948 sulmiinistrans
2106 929 2112 949 2

1170 977 1299 1015 oportet
1327 975 1409 1005 diem
1448 977 1597 1005 extreme
1631 975 1811 1011 messionis,
1841 975 1967 1014 quando
2004 985 2113 1006 omnes

1170 1031 1265 1061 simul
1311 1032 1341 1061 in
1385 1042 1479 1062 unum
1520 1031 1610 1062 dives
1646 1037 1679 1062 et.
1720 1042 1842 1072 pauper
1872 1030 2001 1061 stabunt
2040 1033 2115 1061 ante

1169 1088 1308 1118 tribunal
1326 1088 1466 1119 districti
1484 1088 1615 1129 judicis,
1638 1089 1795 1118 rationem
1818 1087 1856 1117 de
1873 1087 2018 1118 omnibus
2039 1097 2114 1127 ges-

1171 1145 1212 1174 tis
1233 1144 1440 1175 strictissime
1461 1144 1630 1181 reddituri,
1650 1144 1799 1186 operibus
1826 1144 1973 1174 caritatis
2002 1154 2115 1184 preve—

1172 1201 1230 1230 niri
1246 1201 1274 1231 in
1292 1201 1385 1242 hujus
1405 1202 1471 1232 vite
1492 1202 1542 1231 via
1558 1201 1759 1239 seuiinando,
1782 1201 1864 1241 quod
1879 1203 1954 1231 tunc
1976 1204 2114 1231 metatur

1170 1258 1201 1287 in
1216 1258 1334 1298 patria,
1356 1258 1481 1297 quando
1502 1258 1533 1288 in
1552 1257 1752 1288 exultatione
1769 1257 2022 1298 reportabuntur
2047 1267 2114 1287 ma-

1167 1313 1266 1354 nipuli
1303 1313 1454 1344 bonorum
1492 1324 1623 1355 operum
1660 1324 1731 1344 cum
1767 1314 1872 1344 fructu
1911 1313 2110 1354 centuplato.

1170 1370 1351 1410 Eapropter
1379 1380 1441 1409 ego
1471 1369 1647 1407 Couradus,
1677 1370 1784 1400 divina
1810 1370 2018 1400 miseratione
2046 1369 2113 1400 dux

1170 1426 1315 1456 Mazovie
1334 1428 1366 1456 et
1383 1425 1528 1467 Cujavie,
1558 1427 1683 1457 cunctis
1715 1426 1920 1466 presentibus
1947 1429 1980 1456 et
1995 1425 2114 1456 futuris

1169 1493 1304 1522 presens
1319 1483 1473 1523 scriptum
1494 1483 1688 1524 inspecturis
1707 1484 1815 1513 notum
1831 1492 1904 1512 esse
1926 1482 2009 1518 volo,
2033 1482 2114 1522 quod

1164 1548 1234 1568 cum
1255 1539 1389 1569 Pruteni
1409 1545 1441 1569 et
1463 1538 1515 1569 alii
1540 1539 1709 1569 christiani
1738 1538 1874 1568 nominis
1901 1539 2022 1568 inimici
2047 1548 2115 1568 ma-

1165 1605 1260 1635 gnam
1289 1597 1415 1636 partem
1440 1599 1597 1625 terrarum
1620 1605 1762 1625 mearum
1793 1594 1870 1635 ipsis
1895 1594 2113 1635 adjacentium

1167 1651 1465 1692 depredationibus,
1491 1652 1648 1683 incendiis
1677 1654 1758 1692 taur
1774 1652 1986 1683 ecclesiarum
2020 1661 2113 1692 quam

1168 1708 1301 1739 aliorum
1318 1708 1474 1743 locorum,
1497 1708 1779 1739 interfectionibus
1793 1710 1826 1739 et
1846 1708 2116 1749 captivationibus

1167 1765 1321 1803 virorum,
1346 1765 1513 1796 mulierum
1536 1767 1570 1796 et
1595 1765 1817 1806 parvulorum,
1839 1765 1985 1805 peccatis
2014 1765 2114 1795 homi-

1167 1831 1253 1855 num,
1270 1822 1321 1861 qui
1335 1822 1525 1852 altissimum
1542 1822 1572 1851 in
1599 1821 1798 1852 vanitatibus
1813 1822 1878 1852 suis
1890 1822 2114 1857 irritaverunt,

1167 1877 1389 1919 exigentibus,
1412 1878 1644 1909 miserabiliter
1666 1878 1775 1909 divina
1800 1878 2012 1919 permissione
2044 1888 2116 1908 vas-

1168 1937 1332 1973 taverunt,
1351 1945 1536 1975 eorumque,
1560 1935 1611 1975 qui
1634 1934 1796 1966 Christum
1817 1934 1966 1972 oderunt,
1990 1944 2116 1975 semper

1167 1991 1348 2022 ascendens
1366 1991 1515 2032 superbia
1535 1992 1722 2029 invaluerit,
1741 1991 1822 2022 adeo
1846 1993 1879 2022 ut
1906 2002 1966 2022 nec
2013 1991 2116 2022 adhuc

1164 2048 1268 2088 ipsum
1286 2048 1315 2078 in
1338 2048 1491 2079 membris
1511 2048 1582 2089 ejus
1604 2048 1757 2089 persequi
1776 2050 1906 2078 cessent
1931 2050 1986 2078 aut
2011 2048 2115 2078 desis-

1169 2105 1251 2141 tant,
1270 2114 1331 2135 non
1349 2104 1450 2135 solum
1471 2114 1535 2141 res,
1556 2105 1652 2135 immo
1669 2105 1771 2145 magis
1797 2104 1899 2145 ipsum
1925 2104 2114 2145 sanguinem

1169 2160 1311 2191 fidelium
1327 2161 1413 2191 inter
1432 2160 1573 2191 infinitas
1587 2164 1621 2191 et
1640 2160 1820 2191 horrendas
1841 2160 1952 2191 auditu
1970 2164 2003 2191 et
2027 2160 2114 2191 dictu

1170 2217 1353 2255 abusiones,
1375 2228 1453 2257 quas
1467 2218 1498 2248 in
1517 2217 1745 2248 contumeliam
1762 2219 1920 2248 exercent
1936 2216 2112 2255 Creatoris,

1171 2273 1332 2312 sitientes,
1352 2283 1486 2315 sperans
1515 2283 1574 2314 per
1597 2274 1682 2305 viros
1706 2273 1880 2313 religiosos
1906 2284 2032 2304 manum
2055 2274 2116 2304 Do-

1172 2330 1258 2367 mini,
1276 2340 1336 2370 que
1353 2340 1410 2361 nos
1429 2330 1548 2371 tetigit,
1568 2332 1599 2361 et
1618 2330 1783 2370 flagellum
1799 2329 1872 2361 sue¹
1886 2329 2116 2370 indignationis

1172 2386 1307 2427 placari,
1346 2386 1481 2427 ejusque
1508 2387 1640 2417 favente
1668 2387 1786 2428 gratia,
1821 2387 1871 2426 qui
1903 2386 1968 2416 suis
2000 2385 2117 2417 adesse

1172 2443 1353 2480 consuevit,
1376 2453 1434 2484 per
1453 2443 1573 2474 Christi
1604 2443 1734 2481 milites,
1753 2453 1885 2483 quorum
1912 2453 1999 2484 spes,
2017 2443 2118 2473 virtus

1173 2501 1207 2530 et
1227 2499 1328 2540 gloria
1344 2500 1427 2530 Deus
1446 2501 1508 2537 est,
1528 2499 1693 2530 brachium
1710 2499 1910 2530 fortitudinis
1923 2500 2117 2530 Sarraceno—

1174 2566 1242 2586 rum
1266 2556 1512 2593 conterendum,
1533 2556 1647 2587 salutis
1669 2556 1774 2587 anime
1798 2566 1867 2586 mee
1895 2566 1931 2586 ac
1972 2565 2115 2586 meorum

1173 2614 1348 2652 eterneque
1362 2612 1586 2643 retributionis
1610 2613 1742 2650 intuitu,
1766 2623 1801 2643 ac
1823 2612 1861 2642 ob
1891 2612 2114 2643 defensionem

1174 2668 1315 2699 fidelium
1350 2669 1380 2699 in
1414 2669 1560 2706 Polonia,
1596 2679 1696 2700 uxore
1724 2680 1795 2699 mea
1831 2668 1944 2709 Agatia
1983 2668 2117 2707 filiisque

1174 2725 1255 2755 meis
1284 2725 1442 2763 Bolezlao,
1479 2726 1652 2763 Kazimiro,
1687 2726 1851 2756 somovito
1887 2735 2044 2765 expresse
2079 2724 2117 2755 de

1173 2782 1256 2812 bona
1272 2784 1302 2813 et
1321 2784 1499 2823 spontanea
1522 2782 1687 2813 voluntate
1708 2781 1996 2817 consentientibus,
2026 2791 2116 2812 acce-

1173 2839 1271 2869 dente
1310 2848 1433 2879 quoque
1471 2839 1605 2869 consilio
1639 2840 1671 2869 et
1703 2838 2115 2879 consensuepiscoporum,

1175 2898 1359 2935 magnatum
1373 2899 1406 2926 et
1427 2896 1582 2936 majorum
1616 2897 1703 2926 terre
1729 2905 1811 2929 mee,
1839 2895 1910 2925 dedi
1937 2897 1969 2925 et
1997 2895 2116 2925 contuli

1161 2989 1181 3011 ¹.
1198 2988 1246 3011 Ms.
1262 2995 1266 3010 :
1284 2988 1349 3011 sive.
