<?xml version="1.0" encoding="UTF-8"?>
<!DOCTYPE html PUBLIC "-//W3C//DTD XHTML 1.0 Transitional//EN"
    "http://www.w3.org/TR/xhtml1/DTD/xhtml1-transitional.dtd">
<html xmlns="http://www.w3.org/1999/xhtml" xml:lang="en" lang="en">
 <head>
  <title>
</title>
<meta http-equiv="Content-Type" content="text/html;charset=utf-8" />
  <meta name='ocr-system' content='tesseract 3.04.00' />
  <meta name='ocr-capabilities' content='ocr_page ocr_carea ocr_par ocr_line ocrx_word'/>
</head>
<body>
  <div class='ocr_page' id='page_1' title='image "./lesregistresdegr02cathuoft_0027.png"; bbox 0 0 2477 3512; ppageno 0'>
   <div class='ocr_carea' id='block_1_1' title="bbox 1008 272 1414 312">
    <p class='ocr_par' dir='ltr' id='par_1_1' title="bbox 1008 272 1414 312">
     <span class='ocr_line' id='line_1_1' title="bbox 1008 272 1414 312; baseline 0 -1"><span class='ocrx_word' id='word_1_1' title='bbox 1008 272 1243 312; x_wconf 71' lang='lat' dir='ltr'>TROISIEME</span> <span class='ocrx_word' id='word_1_2' title='bbox 1268 274 1414 312; x_wconf 73' lang='lat' dir='ltr'>ANNEn</span> 
     </span>
    </p>
   </div>
   <div class='ocr_carea' id='block_1_2' title="bbox 199 354 1183 435">
    <p class='ocr_par' dir='ltr' id='par_1_2' title="bbox 199 354 1183 435">
     <span class='ocr_line' id='line_1_2' title="bbox 199 354 1183 388; baseline -0.004 -6"><span class='ocrx_word' id='word_1_3' title='bbox 199 357 293 383; x_wconf 85' lang='lat' dir='ltr'>ricum</span> <span class='ocrx_word' id='word_1_4' title='bbox 309 356 337 382; x_wconf 93' lang='lat' dir='ltr'>in</span> <span class='ocrx_word' id='word_1_5' title='bbox 358 357 532 383; x_wconf 88' lang='lat' dir='ltr'>canonicum</span> <span class='ocrx_word' id='word_1_6' title='bbox 548 356 641 383; x_wconf 65' lang='lat' dir='ltr'>dictae</span> <span class='ocrx_word' id='word_1_7' title='bbox 656 356 798 383; x_wconf 82' lang='lat' dir='ltr'>ecclesiae</span> <span class='ocrx_word' id='word_1_8' title='bbox 822 354 910 388; x_wconf 83' lang='lat' dir='ltr'><strong>recipi</strong></span> <span class='ocrx_word' id='word_1_9' title='bbox 931 354 1027 380; x_wconf 80' lang='lat' dir='ltr'>saciat.</span> <span class='ocrx_word' id='word_1_10' title='bbox 1046 354 1123 380; x_wconf 64' lang='lat' dir='ltr'>(Rite.</span> <span class='ocrx_word' id='word_1_11' title='bbox 1140 355 1183 385; x_wconf 77' lang='lat'>25,</span> 
     </span>
     <span class='ocr_line' id='line_1_3' title="bbox 200 404 498 435; baseline 0 -5"><span class='ocrx_word' id='word_1_12' title='bbox 200 411 224 430; x_wconf 86' lang='lat' dir='ltr'>a.</span> <span class='ocrx_word' id='word_1_13' title='bbox 239 404 285 435; x_wconf 83' lang='lat'>111,</span> <span class='ocrx_word' id='word_1_14' title='bbox 301 411 324 430; x_wconf 91' lang='lat' dir='ltr'>c.</span> <span class='ocrx_word' id='word_1_15' title='bbox 341 404 396 432; x_wconf 67' lang='lat'>55⁴2.</span> <span class='ocrx_word' id='word_1_16' title='bbox 414 404 432 430; x_wconf 83' lang='lat' dir='ltr'>f.</span> <span class='ocrx_word' id='word_1_17' title='bbox 449 404 498 430; x_wconf 59' lang='lat' dir='ltr'>6*.l</span> 
     </span>
    </p>
   </div>
   <div class='ocr_carea' id='block_1_3' title="bbox 190 499 1185 1670">
    <p class='ocr_par' dir='ltr' id='par_1_3' title="bbox 190 499 1185 1670">
     <span class='ocr_line' id='line_1_4' title="bbox 245 499 1181 546; baseline -0.005 -11"><span class='ocrx_word' id='word_1_18' title='bbox 245 518 259 531; x_wconf 71' lang='grc' dir='ltr'>ι(</span> <span class='ocrx_word' id='word_1_19' title='bbox 286 528 306 534; x_wconf 88' lang='grc'>..</span> <span class='ocrx_word' id='word_1_20' title='bbox 340 503 510 546; x_wconf 74' lang='lat' dir='ltr'>preposito</span> <span class='ocrx_word' id='word_1_21' title='bbox 547 502 682 535; x_wconf 79' lang='lat' dir='ltr'>ecclesie</span> <span class='ocrx_word' id='word_1_22' title='bbox 711 500 829 533; x_wconf 75' lang='lat' dir='ltr'>Sancti</span> <span class='ocrx_word' id='word_1_23' title='bbox 856 500 950 532; x_wconf 76' lang='grc' dir='ltr'>Ρείνὶ</span> <span class='ocrx_word' id='word_1_24' title='bbox 992 499 1181 537; x_wconf 69' lang='lat' dir='ltr'>chczcensis,</span> 
     </span>
     <span class='ocr_line' id='line_1_5' title="bbox 199 556 1185 591; baseline -0.004 -1"><span class='ocrx_word' id='word_1_25' title='bbox 199 559 429 591; x_wconf 64' lang='lat' dir='ltr'>Atrabatensis</span> <span class='ocrx_word' id='word_1_26' title='bbox 463 558 612 591; x_wconf 67' lang='lat' dir='ltr'>diocesis.</span> <span class='ocrx_word' id='word_1_27' title='bbox 647 559 712 589; x_wconf 90' lang='lat' dir='ltr'>Tue</span> <span class='ocrx_word' id='word_1_28' title='bbox 742 557 924 588; x_wconf 75' lang='lat' dir='ltr'>devotionis</span> <span class='ocrx_word' id='word_1_29' title='bbox 958 556 1092 588; x_wconf 89' lang='lat' dir='ltr'>obtentu</span> <span class='ocrx_word' id='word_1_30' title='bbox 1128 556 1185 587; x_wconf 89' lang='lat' dir='ltr'>tibi</span> 
     </span>
     <span class='ocr_line' id='line_1_6' title="bbox 199 613 1185 657; baseline -0.005 -10"><span class='ocrx_word' id='word_1_31' title='bbox 199 616 379 657; x_wconf 87' lang='lat' dir='ltr'>gratificari</span> <span class='ocrx_word' id='word_1_32' title='bbox 399 621 432 647; x_wconf 89' lang='lat' dir='ltr'>et</span> <span class='ocrx_word' id='word_1_33' title='bbox 463 626 520 657; x_wconf 90' lang='lat' dir='ltr'>per</span> <span class='ocrx_word' id='word_1_34' title='bbox 538 616 718 656; x_wconf 80' lang='lat' dir='ltr'>impensam</span> <span class='ocrx_word' id='word_1_35' title='bbox 743 613 801 644; x_wconf 86' lang='lat' dir='ltr'>tibi</span> <span class='ocrx_word' id='word_1_36' title='bbox 821 613 959 654; x_wconf 78' lang='lat' dir='ltr'>gratiam</span> <span class='ocrx_word' id='word_1_37' title='bbox 995 613 1049 643; x_wconf 85' lang='lat' dir='ltr'>alii</span> <span class='ocrx_word' id='word_1_38' title='bbox 1076 613 1185 653; x_wconf 84' lang='lat' dir='ltr'>provi-</span> 
     </span>
     <span class='ocr_line' id='line_1_7' title="bbox 199 669 1185 711; baseline -0.004 -8"><span class='ocrx_word' id='word_1_39' title='bbox 199 672 275 703; x_wconf 88' lang='lat' dir='ltr'>dere</span> <span class='ocrx_word' id='word_1_40' title='bbox 295 672 453 710; x_wconf 77' lang='lat' dir='ltr'>volentes,</span> <span class='ocrx_word' id='word_1_41' title='bbox 466 671 608 702; x_wconf 87' lang='lat' dir='ltr'>faciendi</span> <span class='ocrx_word' id='word_1_42' title='bbox 629 670 728 711; x_wconf 78' lang='lat' dir='ltr'>recipi</span> <span class='ocrx_word' id='word_1_43' title='bbox 746 680 841 700; x_wconf 92' lang='lat' dir='ltr'>unum</span> <span class='ocrx_word' id='word_1_44' title='bbox 863 669 901 700; x_wconf 85' lang='lat' dir='ltr'>de</span> <span class='ocrx_word' id='word_1_45' title='bbox 918 669 1048 700; x_wconf 79' lang='lat' dir='ltr'>clericis</span> <span class='ocrx_word' id='word_1_46' title='bbox 1068 669 1132 699; x_wconf 91' lang='lat' dir='ltr'>tuis</span> <span class='ocrx_word' id='word_1_47' title='bbox 1153 669 1185 699; x_wconf 89' lang='lat' dir='ltr'>in</span> 
     </span>
     <span class='ocr_line' id='line_1_8' title="bbox 199 724 1184 766; baseline -0.005 -6"><span class='ocrx_word' id='word_1_48' title='bbox 199 728 336 760; x_wconf 82' lang='lat' dir='ltr'>ecclesia</span> <span class='ocrx_word' id='word_1_49' title='bbox 358 728 468 759; x_wconf 88' lang='lat' dir='ltr'>Sancti</span> <span class='ocrx_word' id='word_1_50' title='bbox 489 726 581 758; x_wconf 85' lang='lat' dir='ltr'>Petri</span> <span class='ocrx_word' id='word_1_51' title='bbox 602 726 794 765; x_wconf 87' lang='lat' dir='ltr'>Duacensis,</span> <span class='ocrx_word' id='word_1_52' title='bbox 816 726 846 756; x_wconf 88' lang='lat' dir='ltr'>in</span> <span class='ocrx_word' id='word_1_53' title='bbox 869 736 930 766; x_wconf 85' lang='lat' dir='ltr'>qua</span> <span class='ocrx_word' id='word_1_54' title='bbox 948 724 1184 766; x_wconf 77' lang='lat' dir='ltr'>prebendarum</span> 
     </span>
     <span class='ocr_line' id='line_1_9' title="bbox 197 780 1185 825; baseline -0.006 -8"><span class='ocrx_word' id='word_1_55' title='bbox 197 785 327 817; x_wconf 87' lang='lat' dir='ltr'>collatio</span> <span class='ocrx_word' id='word_1_56' title='bbox 339 785 378 816; x_wconf 91' lang='lat' dir='ltr'>ad</span> <span class='ocrx_word' id='word_1_57' title='bbox 388 788 420 815; x_wconf 88' lang='lat' dir='ltr'>te</span> <span class='ocrx_word' id='word_1_58' title='bbox 436 783 601 825; x_wconf 85' lang='lat' dir='ltr'>pertinere</span> <span class='ocrx_word' id='word_1_59' title='bbox 618 782 748 819; x_wconf 81' lang='lat' dir='ltr'>dicitur,</span> <span class='ocrx_word' id='word_1_60' title='bbox 766 782 797 812; x_wconf 89' lang='lat' dir='ltr'>in</span> <span class='ocrx_word' id='word_1_61' title='bbox 813 782 1001 813; x_wconf 87' lang='lat' dir='ltr'>canonicum</span> <span class='ocrx_word' id='word_1_62' title='bbox 1023 783 1057 812; x_wconf 88' lang='lat' dir='ltr'>et</span> <span class='ocrx_word' id='word_1_63' title='bbox 1075 781 1106 811; x_wconf 94' lang='lat' dir='ltr'>in</span> <span class='ocrx_word' id='word_1_64' title='bbox 1121 780 1185 811; x_wconf 89' lang='lat' dir='ltr'>fra-</span> 
     </span>
     <span class='ocr_line' id='line_1_10' title="bbox 198 836 1183 881; baseline -0.006 -8"><span class='ocrx_word' id='word_1_65' title='bbox 198 847 293 880; x_wconf 84' lang='lat' dir='ltr'>trem,</span> <span class='ocrx_word' id='word_1_66' title='bbox 314 844 348 872; x_wconf 84' lang='lat' dir='ltr'>et</span> <span class='ocrx_word' id='word_1_67' title='bbox 366 838 555 881; x_wconf 85' lang='lat' dir='ltr'>providendi</span> <span class='ocrx_word' id='word_1_68' title='bbox 579 838 636 869; x_wconf 88' lang='lat' dir='ltr'>sibi</span> <span class='ocrx_word' id='word_1_69' title='bbox 659 838 698 869; x_wconf 88' lang='lat' dir='ltr'>de</span> <span class='ocrx_word' id='word_1_70' title='bbox 718 837 882 879; x_wconf 86' lang='lat' dir='ltr'>prebenda</span> <span class='ocrx_word' id='word_1_71' title='bbox 903 838 930 868; x_wconf 91' lang='lat' dir='ltr'>si</span> <span class='ocrx_word' id='word_1_72' title='bbox 948 838 1045 868; x_wconf 78' lang='lat' dir='ltr'>vacat</span> <span class='ocrx_word' id='word_1_73' title='bbox 1066 836 1183 868; x_wconf 80' lang='lat' dir='ltr'>ibidem</span> 
     </span>
     <span class='ocr_line' id='line_1_11' title="bbox 198 893 1185 938; baseline -0.006 -9"><span class='ocrx_word' id='word_1_74' title='bbox 198 898 236 929; x_wconf 90' lang='lat' dir='ltr'>ad</span> <span class='ocrx_word' id='word_1_75' title='bbox 260 906 395 938; x_wconf 80' lang='lat' dir='ltr'>presens</span> <span class='ocrx_word' id='word_1_76' title='bbox 419 896 470 926; x_wconf 78' lang='lat' dir='ltr'>vel</span> <span class='ocrx_word' id='word_1_77' title='bbox 498 895 660 935; x_wconf 79' lang='lat' dir='ltr'>quamcito</span> <span class='ocrx_word' id='word_1_78' title='bbox 691 905 725 925; x_wconf 90' lang='lat' dir='ltr'>se</span> <span class='ocrx_word' id='word_1_79' title='bbox 762 894 902 925; x_wconf 74' lang='lat' dir='ltr'>facultas</span> <span class='ocrx_word' id='word_1_80' title='bbox 936 893 1101 931; x_wconf 86' lang='lat' dir='ltr'>obtulerit,</span> <span class='ocrx_word' id='word_1_81' title='bbox 1122 903 1185 924; x_wconf 90' lang='lat' dir='ltr'>non</span> 
     </span>
     <span class='ocr_line' id='line_1_12' title="bbox 197 950 1184 991; baseline -0.005 -6"><span class='ocrx_word' id='word_1_82' title='bbox 197 954 347 985; x_wconf 88' lang='lat' dir='ltr'>obstante</span> <span class='ocrx_word' id='word_1_83' title='bbox 368 954 492 983; x_wconf 88' lang='lat' dir='ltr'>statuto</span> <span class='ocrx_word' id='word_1_84' title='bbox 508 951 547 982; x_wconf 90' lang='lat' dir='ltr'>de</span> <span class='ocrx_word' id='word_1_85' title='bbox 562 953 654 982; x_wconf 86' lang='lat' dir='ltr'>certo</span> <span class='ocrx_word' id='word_1_86' title='bbox 680 951 907 982; x_wconf 83' lang='lat' dir='ltr'>canonicorum</span> <span class='ocrx_word' id='word_1_87' title='bbox 927 960 1072 988; x_wconf 78' lang='lat' dir='ltr'>numero,</span> <span class='ocrx_word' id='word_1_88' title='bbox 1092 950 1184 991; x_wconf 87' lang='lat' dir='ltr'>jura-</span> 
     </span>
     <span class='ocr_line' id='line_1_13' title="bbox 196 1006 1184 1048; baseline -0.004 -8"><span class='ocrx_word' id='word_1_89' title='bbox 196 1011 303 1041; x_wconf 89' lang='lat' dir='ltr'>mento</span> <span class='ocrx_word' id='word_1_90' title='bbox 325 1009 376 1040; x_wconf 79' lang='lat' dir='ltr'>rel</span> <span class='ocrx_word' id='word_1_91' title='bbox 398 1008 643 1039; x_wconf 84' lang='lat' dir='ltr'>confirmatione</span> <span class='ocrx_word' id='word_1_92' title='bbox 662 1007 755 1038; x_wconf 88' lang='lat' dir='ltr'>Sedis</span> <span class='ocrx_word' id='word_1_93' title='bbox 776 1007 963 1048; x_wconf 83' lang='lat' dir='ltr'>Apostolice</span> <span class='ocrx_word' id='word_1_94' title='bbox 985 1008 1038 1037; x_wconf 88' lang='lat' dir='ltr'>aut</span> <span class='ocrx_word' id='word_1_95' title='bbox 1055 1006 1117 1037; x_wconf 86' lang='lat' dir='ltr'>alia</span> <span class='ocrx_word' id='word_1_96' title='bbox 1133 1007 1184 1037; x_wconf 86' lang='lat' dir='ltr'>fir—</span> 
     </span>
     <span class='ocr_line' id='line_1_14' title="bbox 194 1062 1183 1104; baseline -0.003 -8"><span class='ocrx_word' id='word_1_97' title='bbox 194 1066 308 1096; x_wconf 86' lang='lat' dir='ltr'>mitate</span> <span class='ocrx_word' id='word_1_98' title='bbox 330 1065 462 1097; x_wconf 79' lang='lat' dir='ltr'>vallato.</span> <span class='ocrx_word' id='word_1_99' title='bbox 479 1075 534 1095; x_wconf 90' lang='lat' dir='ltr'>seu</span> <span class='ocrx_word' id='word_1_100' title='bbox 551 1065 577 1095; x_wconf 90' lang='lat' dir='ltr'>si</span> <span class='ocrx_word' id='word_1_101' title='bbox 597 1064 694 1104; x_wconf 82' lang='lat' dir='ltr'>aliqui</span> <span class='ocrx_word' id='word_1_102' title='bbox 714 1064 841 1104; x_wconf 84' lang='lat' dir='ltr'>recepti</span> <span class='ocrx_word' id='word_1_103' title='bbox 853 1063 969 1093; x_wconf 84' lang='lat' dir='ltr'>suntin</span> <span class='ocrx_word' id='word_1_104' title='bbox 990 1063 1058 1104; x_wconf 89' lang='lat' dir='ltr'>ipsa</span> <span class='ocrx_word' id='word_1_105' title='bbox 1075 1062 1183 1093; x_wconf 72' lang='lat' dir='ltr'>occie-</span> 
     </span>
     <span class='ocr_line' id='line_1_15' title="bbox 198 1119 1183 1162; baseline -0.003 -9"><span class='ocrx_word' id='word_1_106' title='bbox 198 1122 257 1159; x_wconf 81' lang='lat' dir='ltr'>sia,</span> <span class='ocrx_word' id='word_1_107' title='bbox 276 1121 388 1162; x_wconf 85' lang='lat' dir='ltr'>quibus</span> <span class='ocrx_word' id='word_1_108' title='bbox 409 1121 546 1152; x_wconf 88' lang='lat' dir='ltr'>eundem</span> <span class='ocrx_word' id='word_1_109' title='bbox 569 1121 725 1151; x_wconf 86' lang='lat' dir='ltr'>clericum</span> <span class='ocrx_word' id='word_1_110' title='bbox 742 1121 773 1150; x_wconf 94' lang='lat' dir='ltr'>in</span> <span class='ocrx_word' id='word_1_111' title='bbox 787 1120 995 1150; x_wconf 77' lang='lat' dir='ltr'>assecutione</span> <span class='ocrx_word' id='word_1_112' title='bbox 1020 1119 1183 1160; x_wconf 89' lang='lat' dir='ltr'>prebende</span> 
     </span>
     <span class='ocr_line' id='line_1_16' title="bbox 200 1175 1183 1218; baseline -0.002 -10"><span class='ocrx_word' id='word_1_113' title='bbox 200 1178 345 1210; x_wconf 84' lang='lat' dir='ltr'>volumus</span> <span class='ocrx_word' id='word_1_114' title='bbox 384 1178 553 1215; x_wconf 81' lang='lat' dir='ltr'>anteferri,</span> <span class='ocrx_word' id='word_1_115' title='bbox 586 1178 655 1208; x_wconf 81' lang='lat' dir='ltr'>sive</span> <span class='ocrx_word' id='word_1_116' title='bbox 688 1176 831 1218; x_wconf 88' lang='lat' dir='ltr'>qualibet</span> <span class='ocrx_word' id='word_1_117' title='bbox 851 1176 937 1207; x_wconf 85' lang='lat' dir='ltr'>dicte</span> <span class='ocrx_word' id='word_1_118' title='bbox 962 1175 1054 1207; x_wconf 85' lang='lat' dir='ltr'>Sedis</span> <span class='ocrx_word' id='word_1_119' title='bbox 1081 1175 1183 1206; x_wconf 88' lang='lat' dir='ltr'>indul-</span> 
     </span>
     <span class='ocr_line' id='line_1_17' title="bbox 194 1230 1182 1276; baseline -0.004 -10"><span class='ocrx_word' id='word_1_120' title='bbox 194 1234 317 1276; x_wconf 85' lang='lat' dir='ltr'>gentia,</span> <span class='ocrx_word' id='word_1_121' title='bbox 340 1244 398 1275; x_wconf 91' lang='lat' dir='ltr'>per</span> <span class='ocrx_word' id='word_1_122' title='bbox 413 1244 506 1275; x_wconf 89' lang='lat' dir='ltr'>quam</span> <span class='ocrx_word' id='word_1_123' title='bbox 527 1234 558 1264; x_wconf 91' lang='lat' dir='ltr'>id</span> <span class='ocrx_word' id='word_1_124' title='bbox 578 1233 729 1274; x_wconf 89' lang='lat' dir='ltr'>impediri</span> <span class='ocrx_word' id='word_1_125' title='bbox 748 1233 858 1264; x_wconf 84' lang='lat' dir='ltr'>valeat</span> <span class='ocrx_word' id='word_1_126' title='bbox 878 1232 931 1263; x_wconf 87' lang='lat' dir='ltr'>vel</span> <span class='ocrx_word' id='word_1_127' title='bbox 958 1230 1081 1263; x_wconf 87' lang='lat' dir='ltr'>differri</span> <span class='ocrx_word' id='word_1_128' title='bbox 1102 1234 1134 1263; x_wconf 87' lang='lat' dir='ltr'>et</span> <span class='ocrx_word' id='word_1_129' title='bbox 1144 1231 1182 1262; x_wconf 91' lang='lat' dir='ltr'>de</span> 
     </span>
     <span class='ocr_line' id='line_1_18' title="bbox 192 1287 1182 1332; baseline -0.003 -11"><span class='ocrx_word' id='word_1_130' title='bbox 192 1301 253 1332; x_wconf 90' lang='lat' dir='ltr'>qua</span> <span class='ocrx_word' id='word_1_131' title='bbox 273 1291 303 1320; x_wconf 90' lang='lat' dir='ltr'>in</span> <span class='ocrx_word' id='word_1_132' title='bbox 321 1289 528 1331; x_wconf 85' lang='lat' dir='ltr'>presentibus</span> <span class='ocrx_word' id='word_1_133' title='bbox 550 1289 670 1319; x_wconf 91' lang='lat' dir='ltr'>mentio</span> <span class='ocrx_word' id='word_1_134' title='bbox 691 1288 762 1319; x_wconf 90' lang='lat' dir='ltr'>fieri</span> <span class='ocrx_word' id='word_1_135' title='bbox 782 1287 899 1319; x_wconf 87' lang='lat' dir='ltr'>debeat</span> <span class='ocrx_word' id='word_1_136' title='bbox 918 1288 1081 1328; x_wconf 76' lang='lat' dir='ltr'>specialis,</span> <span class='ocrx_word' id='word_1_137' title='bbox 1106 1298 1182 1319; x_wconf 81' lang='lat' dir='ltr'>nec-</span> 
     </span>
     <span class='ocr_line' id='line_1_19' title="bbox 194 1345 1182 1387; baseline -0.003 -10"><span class='ocrx_word' id='word_1_138' title='bbox 194 1357 257 1378; x_wconf 90' lang='lat' dir='ltr'>non</span> <span class='ocrx_word' id='word_1_139' title='bbox 277 1348 310 1377; x_wconf 87' lang='lat' dir='ltr'>et</span> <span class='ocrx_word' id='word_1_140' title='bbox 323 1345 550 1387; x_wconf 81' lang='lat' dir='ltr'>compescendi</span> <span class='ocrx_word' id='word_1_141' title='bbox 572 1345 832 1376; x_wconf 81' lang='lat' dir='ltr'>contradictores</span> <span class='ocrx_word' id='word_1_142' title='bbox 854 1354 912 1386; x_wconf 87' lang='lat' dir='ltr'>per</span> <span class='ocrx_word' id='word_1_143' title='bbox 940 1354 1109 1375; x_wconf 83' lang='lat' dir='ltr'>censuram</span> <span class='ocrx_word' id='word_1_144' title='bbox 1126 1354 1182 1374; x_wconf 90' lang='lat' dir='ltr'>ec-</span> 
     </span>
     <span class='ocr_line' id='line_1_20' title="bbox 197 1400 1181 1443; baseline -0.004 -9"><span class='ocrx_word' id='word_1_145' title='bbox 197 1403 427 1440; x_wconf 74' lang='lat' dir='ltr'>clesiasticam,</span> <span class='ocrx_word' id='word_1_146' title='bbox 463 1402 680 1443; x_wconf 82' lang='lat' dir='ltr'>appellatione</span> <span class='ocrx_word' id='word_1_147' title='bbox 725 1403 862 1439; x_wconf 79' lang='lat' dir='ltr'>remota,</span> <span class='ocrx_word' id='word_1_148' title='bbox 888 1400 945 1431; x_wconf 89' lang='lat' dir='ltr'>tibi</span> <span class='ocrx_word' id='word_1_149' title='bbox 985 1400 1181 1431; x_wconf 81' lang='lat' dir='ltr'>auctoritate</span> 
     </span>
     <span class='ocr_line' id='line_1_21' title="bbox 195 1456 1181 1501; baseline -0.003 -11"><span class='ocrx_word' id='word_1_150' title='bbox 195 1459 396 1501; x_wconf 87' lang='lat' dir='ltr'>presentium</span> <span class='ocrx_word' id='word_1_151' title='bbox 417 1458 621 1489; x_wconf 80' lang='lat' dir='ltr'>concedimus</span> <span class='ocrx_word' id='word_1_152' title='bbox 638 1458 842 1496; x_wconf 75' lang='lat' dir='ltr'>facultatem,</span> <span class='ocrx_word' id='word_1_153' title='bbox 872 1458 995 1488; x_wconf 85' lang='lat' dir='ltr'>statuto</span> <span class='ocrx_word' id='word_1_154' title='bbox 1017 1459 1049 1487; x_wconf 89' lang='lat' dir='ltr'>et</span> <span class='ocrx_word' id='word_1_155' title='bbox 1076 1456 1181 1487; x_wconf 87' lang='lat' dir='ltr'>indul-</span> 
     </span>
     <span class='ocr_line' id='line_1_22' title="bbox 191 1512 1181 1558; baseline -0.003 -12"><span class='ocrx_word' id='word_1_156' title='bbox 191 1516 300 1558; x_wconf 87' lang='lat' dir='ltr'>gentia</span> <span class='ocrx_word' id='word_1_157' title='bbox 320 1516 397 1556; x_wconf 85' lang='lat' dir='ltr'>ipsis</span> <span class='ocrx_word' id='word_1_158' title='bbox 415 1519 488 1556; x_wconf 84' lang='lat' dir='ltr'>post</span> <span class='ocrx_word' id='word_1_159' title='bbox 510 1514 728 1555; x_wconf 83' lang='lat' dir='ltr'>receptionem</span> <span class='ocrx_word' id='word_1_160' title='bbox 748 1513 895 1555; x_wconf 85' lang='lat' dir='ltr'>ejusdem</span> <span class='ocrx_word' id='word_1_161' title='bbox 920 1512 1032 1544; x_wconf 87' lang='lat' dir='ltr'>clerici</span> <span class='ocrx_word' id='word_1_162' title='bbox 1049 1513 1181 1544; x_wconf 90' lang='lat' dir='ltr'>nichilo-</span> 
     </span>
     <span class='ocr_line' id='line_1_23' title="bbox 190 1570 1178 1608; baseline -0.004 -4"><span class='ocrx_word' id='word_1_163' title='bbox 190 1573 293 1604; x_wconf 89' lang='lat' dir='ltr'>minus</span> <span class='ocrx_word' id='word_1_164' title='bbox 330 1573 363 1603; x_wconf 88' lang='lat' dir='ltr'>in</span> <span class='ocrx_word' id='word_1_165' title='bbox 402 1582 459 1602; x_wconf 89' lang='grc'><strong>3110</strong></span> <span class='ocrx_word' id='word_1_166' title='bbox 505 1571 619 1602; x_wconf 83' lang='lat' dir='ltr'>robore</span> <span class='ocrx_word' id='word_1_167' title='bbox 653 1571 831 1602; x_wconf 82' lang='lat' dir='ltr'>duraturis.</span> <span class='ocrx_word' id='word_1_168' title='bbox 862 1570 977 1601; x_wconf 79' lang='lat' dir='ltr'>Datum</span> <span class='ocrx_word' id='word_1_169' title='bbox 1014 1570 1178 1608; x_wconf 72' lang='lat' dir='ltr'>Laterani,</span> 
     </span>
     <span class='ocr_line' id='line_1_24' title="bbox 191 1627 758 1670; baseline -0.004 -10"><span class='ocrx_word' id='word_1_170' title='bbox 191 1629 236 1660; x_wconf 87' lang='lat' dir='ltr'>Vl</span> <span class='ocrx_word' id='word_1_171' title='bbox 255 1628 326 1660; x_wconf 91' lang='lat' dir='ltr'>idus</span> <span class='ocrx_word' id='word_1_172' title='bbox 338 1627 493 1670; x_wconf 75' lang='lat' dir='ltr'>januarii,</span> <span class='ocrx_word' id='word_1_173' title='bbox 510 1637 594 1658; x_wconf 87' lang='lat' dir='ltr'>anno</span> <span class='ocrx_word' id='word_1_174' title='bbox 607 1627 716 1658; x_wconf 85' lang='lat' dir='ltr'>tertio.</span> <span class='ocrx_word' id='word_1_175' title='bbox 746 1642 758 1653; x_wconf 72' lang='grc' dir='ltr'>»ι</span> 
     </span>
    </p>
   </div>
   <div class='ocr_carea' id='block_1_4' title="bbox 189 1774 1179 2184">
    <p class='ocr_par' dir='ltr' id='par_1_4' title="bbox 263 1774 1106 1808">
     <span class='ocr_line' id='line_1_25' title="bbox 263 1774 1106 1808; baseline -0.002 -6"><span class='ocrx_word' id='word_1_176' title='bbox 263 1775 359 1802; x_wconf 81' lang='grc'><strong>1633</strong></span> <span class='ocrx_word' id='word_1_177' title='bbox 724 1775 837 1806; x_wconf 68' lang='lat' dir='ltr'>Latrany</span> <span class='ocrx_word' id='word_1_178' title='bbox 858 1774 1013 1808; x_wconf 62' lang='grc' dir='ltr'><strong>18111ον101-</strong></span> <span class='ocrx_word' id='word_1_179' title='bbox 1031 1776 1106 1800; x_wconf 77' lang='lat'>1257.</span> 
     </span>
    </p>

    <p class='ocr_par' dir='ltr' id='par_1_5' title="bbox 189 1866 1179 2184">
     <span class='ocr_line' id='line_1_26' title="bbox 221 1866 1178 1900; baseline 0.001 -9"><span class='ocrx_word' id='word_1_180' title='bbox 221 1866 292 1892; x_wconf 86' lang='lat' dir='ltr'>Cum</span> <span class='ocrx_word' id='word_1_181' title='bbox 306 1866 459 1892; x_wconf 88' lang='lat' dir='ltr'>Dominico</span> <span class='ocrx_word' id='word_1_182' title='bbox 476 1866 598 1892; x_wconf 77' lang='lat' dir='ltr'>,loannis</span> <span class='ocrx_word' id='word_1_183' title='bbox 615 1866 758 1892; x_wconf 81' lang='lat' dir='ltr'>canonico</span> <span class='ocrx_word' id='word_1_184' title='bbox 780 1866 928 1897; x_wconf 74' lang='lat' dir='ltr'>Auriensi,</span> <span class='ocrx_word' id='word_1_185' title='bbox 953 1866 1061 1892; x_wconf 88' lang='lat' dir='ltr'>intuitu</span> <span class='ocrx_word' id='word_1_186' title='bbox 1079 1866 1178 1900; x_wconf 32' lang='lat' dir='ltr'>(loan—</span> 
     </span>
     <span class='ocr_line' id='line_1_27' title="bbox 189 1913 1179 1948; baseline 0.002 -10"><span class='ocrx_word' id='word_1_187' title='bbox 189 1913 245 1947; x_wconf 81' lang='lat' dir='ltr'>nis]</span> <span class='ocrx_word' id='word_1_188' title='bbox 261 1914 391 1948; x_wconf 85' lang='lat' dir='ltr'>episcopi</span> <span class='ocrx_word' id='word_1_189' title='bbox 407 1913 560 1940; x_wconf 78' lang='lat' dir='ltr'>Auriensis</span> <span class='ocrx_word' id='word_1_190' title='bbox 576 1913 736 1948; x_wconf 79' lang='lat' dir='ltr'>dispensat,</span> <span class='ocrx_word' id='word_1_191' title='bbox 755 1916 787 1939; x_wconf 87' lang='lat' dir='ltr'>ut</span> <span class='ocrx_word' id='word_1_192' title='bbox 811 1914 967 1939; x_wconf 84' lang='lat' dir='ltr'>canoniam</span> <span class='ocrx_word' id='word_1_193' title='bbox 985 1917 1012 1939; x_wconf 88' lang='lat' dir='ltr'>et</span> <span class='ocrx_word' id='word_1_194' title='bbox 1034 1913 1179 1948; x_wconf 83' lang='lat' dir='ltr'>praeben-</span> 
     </span>
     <span class='ocr_line' id='line_1_28' title="bbox 191 1960 1177 1987; baseline -0.001 0"><span class='ocrx_word' id='word_1_195' title='bbox 191 1960 257 1986; x_wconf 87' lang='lat' dir='ltr'>dam</span> <span class='ocrx_word' id='word_1_196' title='bbox 287 1961 448 1987; x_wconf 85' lang='lat' dir='ltr'>Aurienses</span> <span class='ocrx_word' id='word_1_197' title='bbox 475 1961 539 1987; x_wconf 84' lang='lat' dir='ltr'>sine</span> <span class='ocrx_word' id='word_1_198' title='bbox 569 1969 639 1987; x_wconf 85' lang='lat' dir='ltr'>cura</span> <span class='ocrx_word' id='word_1_199' title='bbox 668 1963 696 1986; x_wconf 84' lang='lat' dir='ltr'>et</span> <span class='ocrx_word' id='word_1_200' title='bbox 716 1960 873 1987; x_wconf 85' lang='lat' dir='ltr'>ecclesiam</span> <span class='ocrx_word' id='word_1_201' title='bbox 888 1961 994 1987; x_wconf 86' lang='lat' dir='ltr'>Sancte</span> <span class='ocrx_word' id='word_1_202' title='bbox 1017 1961 1116 1987; x_wconf 86' lang='lat' dir='ltr'>Crucis</span> <span class='ocrx_word' id='word_1_203' title='bbox 1143 1961 1177 1986; x_wconf 89' lang='lat' dir='ltr'>de</span> 
     </span>
     <span class='ocr_line' id='line_1_29' title="bbox 191 2008 1176 2040; baseline 0.001 -7"><span class='ocrx_word' id='word_1_204' title='bbox 191 2008 330 2040; x_wconf 67' lang='lat' dir='ltr'>ltaveeda,</span> <span class='ocrx_word' id='word_1_205' title='bbox 350 2016 451 2035; x_wconf 81' lang='lat' dir='ltr'>curam</span> <span class='ocrx_word' id='word_1_206' title='bbox 474 2008 639 2035; x_wconf 86' lang='lat' dir='ltr'>animarum</span> <span class='ocrx_word' id='word_1_207' title='bbox 660 2008 828 2040; x_wconf 74' lang='lat' dir='ltr'>habentem,</span> <span class='ocrx_word' id='word_1_208' title='bbox 843 2008 998 2034; x_wconf 84' lang='lat' dir='ltr'>Auriensis</span> <span class='ocrx_word' id='word_1_209' title='bbox 1022 2008 1176 2037; x_wconf 79' lang='lat' dir='ltr'>dioecesis.</span> 
     </span>
     <span class='ocr_line' id='line_1_30' title="bbox 189 2054 1177 2086; baseline 0.001 -6"><span class='ocrx_word' id='word_1_210' title='bbox 189 2054 315 2081; x_wconf 74' lang='lat' dir='ltr'>retinere</span> <span class='ocrx_word' id='word_1_211' title='bbox 328 2055 431 2086; x_wconf 69' lang='lat' dir='ltr'>valeat,</span> <span class='ocrx_word' id='word_1_212' title='bbox 445 2063 505 2082; x_wconf 88' lang='lat' dir='ltr'>non</span> <span class='ocrx_word' id='word_1_213' title='bbox 518 2055 651 2082; x_wconf 84' lang='lat' dir='ltr'>obstante</span> <span class='ocrx_word' id='word_1_214' title='bbox 674 2056 886 2082; x_wconf 86' lang='lat' dir='ltr'>constitutione</span> <span class='ocrx_word' id='word_1_215' title='bbox 907 2055 1001 2082; x_wconf 85' lang='lat' dir='ltr'>bonae</span> <span class='ocrx_word' id='word_1_216' title='bbox 1019 2056 1177 2082; x_wconf 86' lang='lat' dir='ltr'>memoriae</span> 
     </span>
     <span class='ocr_line' id='line_1_31' title="bbox 189 2101 1177 2137; baseline 0.002 -10"><span class='ocrx_word' id='word_1_217' title='bbox 189 2101 358 2129; x_wconf 71' lang='lat' dir='ltr'>sabinensis</span> <span class='ocrx_word' id='word_1_218' title='bbox 376 2103 504 2137; x_wconf 87' lang='lat' dir='ltr'>episcopi</span> <span class='ocrx_word' id='word_1_219' title='bbox 522 2105 592 2129; x_wconf 89' lang='lat' dir='ltr'>tunc</span> <span class='ocrx_word' id='word_1_220' title='bbox 613 2103 643 2129; x_wconf 90' lang='lat' dir='ltr'>in</span> <span class='ocrx_word' id='word_1_221' title='bbox 669 2103 799 2137; x_wconf 85' lang='lat' dir='ltr'>partibus</span> <span class='ocrx_word' id='word_1_222' title='bbox 819 2102 877 2129; x_wconf 87' lang='lat' dir='ltr'>illis</span> <span class='ocrx_word' id='word_1_223' title='bbox 893 2102 1078 2136; x_wconf 72' lang='lat' dir='ltr'>Apostolicae</span> <span class='ocrx_word' id='word_1_224' title='bbox 1095 2103 1177 2129; x_wconf 86' lang='lat' dir='ltr'>Sedis</span> 
     </span>
     <span class='ocr_line' id='line_1_32' title="bbox 190 2149 745 2184; baseline 0.004 -9"><span class='ocrx_word' id='word_1_225' title='bbox 190 2149 284 2184; x_wconf 82' lang='lat' dir='ltr'>legati.</span> <span class='ocrx_word' id='word_1_226' title='bbox 300 2150 376 2176; x_wconf 72' lang='lat' dir='ltr'>leo.</span> <span class='ocrx_word' id='word_1_227' title='bbox 394 2152 437 2183; x_wconf 82' lang='lat'>25,</span> <span class='ocrx_word' id='word_1_228' title='bbox 449 2159 473 2177; x_wconf 88' lang='lat' dir='ltr'>a.</span> <span class='ocrx_word' id='word_1_229' title='bbox 489 2151 535 2180; x_wconf 83' lang='grc'><strong>111,</strong></span> <span class='ocrx_word' id='word_1_230' title='bbox 551 2159 574 2177; x_wconf 89' lang='grc'>0.</span> <span class='ocrx_word' id='word_1_231' title='bbox 597 2153 640 2182; x_wconf 78' lang='lat'>57,</span> <span class='ocrx_word' id='word_1_232' title='bbox 662 2151 680 2176; x_wconf 81' lang='lat' dir='ltr'>f.</span> <span class='ocrx_word' id='word_1_233' title='bbox 697 2153 745 2184; x_wconf 55' lang='grc' dir='ltr'>δ”.)</span> 
     </span>
    </p>
   </div>
   <div class='ocr_carea' id='block_1_5' title="bbox 188 2239 1176 2393">
    <p class='ocr_par' dir='ltr' id='par_1_6' title="bbox 188 2239 1176 2393">
     <span class='ocr_line' id='line_1_33' title="bbox 235 2239 1176 2272; baseline -0.001 -2"><span class='ocrx_word' id='word_1_234' title='bbox 235 2254 249 2268; x_wconf 91' lang='lat'>«</span> <span class='ocrx_word' id='word_1_235' title='bbox 272 2239 446 2272; x_wconf 70' lang='lat' dir='ltr'>Dominio«)</span> <span class='ocrx_word' id='word_1_236' title='bbox 477 2240 642 2272; x_wconf 76' lang='lat' dir='ltr'>Josmnnis</span> <span class='ocrx_word' id='word_1_237' title='bbox 662 2239 825 2272; x_wconf 77' lang='lat' dir='ltr'>canonico</span> <span class='ocrx_word' id='word_1_238' title='bbox 854 2239 1022 2271; x_wconf 76' lang='lat' dir='ltr'>Auriensi.</span> <span class='ocrx_word' id='word_1_239' title='bbox 1050 2239 1176 2270; x_wconf 83' lang='lat' dir='ltr'>Meritis</span> 
     </span>
     <span class='ocr_line' id='line_1_34' title="bbox 188 2296 1173 2335; baseline 0 -8"><span class='ocrx_word' id='word_1_240' title='bbox 188 2296 357 2328; x_wconf 84' lang='lat' dir='ltr'>laudabilis</span> <span class='ocrx_word' id='word_1_241' title='bbox 377 2298 633 2329; x_wconf 80' lang='lat' dir='ltr'>conversationis</span> <span class='ocrx_word' id='word_1_242' title='bbox 660 2317 713 2328; x_wconf 94' lang='lat'>—.</span> <span class='ocrx_word' id='word_1_243' title='bbox 734 2298 807 2328; x_wconf 83' lang='lat' dir='ltr'>Dat.</span> <span class='ocrx_word' id='word_1_244' title='bbox 838 2297 1002 2335; x_wconf 73' lang='lat' dir='ltr'>Laterani,</span> <span class='ocrx_word' id='word_1_245' title='bbox 1024 2297 1087 2328; x_wconf 83' lang='lat' dir='ltr'>XV</span> <span class='ocrx_word' id='word_1_246' title='bbox 1107 2297 1173 2327; x_wconf 84' lang='lat' dir='ltr'>kal.</span> 
     </span>
     <span class='ocr_line' id='line_1_35' title="bbox 188 2353 621 2393; baseline 0.005 -10"><span class='ocrx_word' id='word_1_247' title='bbox 188 2353 353 2393; x_wconf 83' lang='lat' dir='ltr'>februarii,</span> <span class='ocrx_word' id='word_1_248' title='bbox 375 2363 457 2385; x_wconf 92' lang='lat' dir='ltr'>anno</span> <span class='ocrx_word' id='word_1_249' title='bbox 479 2354 589 2385; x_wconf 88' lang='lat' dir='ltr'>tertio.</span> <span class='ocrx_word' id='word_1_250' title='bbox 609 2369 621 2381; x_wconf 85' lang='lat'>··</span> 
     </span>
    </p>
   </div>
   <div class='ocr_carea' id='block_1_6' title="bbox 181 2493 1175 2902">
    <p class='ocr_par' dir='ltr' id='par_1_7' title="bbox 181 2493 1175 2902">
     <span class='ocr_line' id='line_1_36' title="bbox 263 2493 1102 2527; baseline -0.002 -7"><span class='ocrx_word' id='word_1_251' title='bbox 263 2495 357 2522; x_wconf 61' lang='lat'>163⁴</span> <span class='ocrx_word' id='word_1_252' title='bbox 721 2495 837 2527; x_wconf 80' lang='lat' dir='ltr'>Latran,</span> <span class='ocrx_word' id='word_1_253' title='bbox 853 2496 884 2520; x_wconf 88' lang='lat'>18</span> <span class='ocrx_word' id='word_1_254' title='bbox 894 2493 1009 2527; x_wconf 84' lang='lat' dir='ltr'>janvier</span> <span class='ocrx_word' id='word_1_255' title='bbox 1028 2495 1102 2519; x_wconf 78' lang='lat'>1257.</span> 
     </span>
     <span class='ocr_line' id='line_1_37' title="bbox 218 2582 1175 2615; baseline -0.002 -7"><span class='ocrx_word' id='word_1_256' title='bbox 218 2585 378 2610; x_wconf 67' lang='lat' dir='ltr'>Confirmat</span> <span class='ocrx_word' id='word_1_257' title='bbox 404 2583 515 2609; x_wconf 79' lang='lat' dir='ltr'>litteras</span> <span class='ocrx_word' id='word_1_258' title='bbox 529 2591 542 2608; x_wconf 79' lang='lat' dir='ltr'>n</span> <span class='ocrx_word' id='word_1_259' title='bbox 564 2584 675 2609; x_wconf 79' lang='lat' dir='ltr'>Joanne</span> <span class='ocrx_word' id='word_1_260' title='bbox 693 2585 718 2608; x_wconf 63' lang='lat' dir='ltr'>S.</span> <span class='ocrx_word' id='word_1_261' title='bbox 737 2583 885 2609; x_wconf 83' lang='lat' dir='ltr'>Laurentii</span> <span class='ocrx_word' id='word_1_262' title='bbox 911 2582 938 2608; x_wconf 90' lang='lat' dir='ltr'>in</span> <span class='ocrx_word' id='word_1_263' title='bbox 965 2582 1072 2608; x_wconf 90' lang='lat' dir='ltr'>Lucina</span> <span class='ocrx_word' id='word_1_264' title='bbox 1094 2589 1175 2615; x_wconf 77' lang='lat' dir='ltr'>pres-</span> 
     </span>
     <span class='ocr_line' id='line_1_38' title="bbox 184 2628 1175 2665; baseline -0.002 -9"><span class='ocrx_word' id='word_1_265' title='bbox 184 2631 285 2665; x_wconf 81' lang='lat' dir='ltr'>bytero</span> <span class='ocrx_word' id='word_1_266' title='bbox 300 2631 439 2657; x_wconf 76' lang='lat' dir='ltr'>cardinali</span> <span class='ocrx_word' id='word_1_267' title='bbox 453 2631 659 2665; x_wconf 81' lang='lat' dir='ltr'>datas,quibns</span> <span class='ocrx_word' id='word_1_268' title='bbox 670 2631 746 2657; x_wconf 88' lang='lat' dir='ltr'>idem</span> <span class='ocrx_word' id='word_1_269' title='bbox 761 2629 920 2657; x_wconf 75' lang='lat' dir='ltr'>cardinalis</span> <span class='ocrx_word' id='word_1_270' title='bbox 935 2629 1065 2656; x_wconf 81' lang='lat' dir='ltr'>declarat</span> <span class='ocrx_word' id='word_1_271' title='bbox 1083 2628 1175 2654; x_wconf 62' lang='lat' dir='ltr'>eccle&lt;</span> 
     </span>
     <span class='ocr_line' id='line_1_39' title="bbox 183 2676 1174 2712; baseline -0.002 -9"><span class='ocrx_word' id='word_1_272' title='bbox 183 2678 255 2704; x_wconf 84' lang='lat' dir='ltr'>siam</span> <span class='ocrx_word' id='word_1_273' title='bbox 272 2679 306 2705; x_wconf 84' lang='lat' dir='ltr'>de</span> <span class='ocrx_word' id='word_1_274' title='bbox 323 2678 499 2712; x_wconf 70' lang='lat' dir='ltr'>ltochymay,</span> <span class='ocrx_word' id='word_1_275' title='bbox 517 2686 592 2712; x_wconf 71' lang='lat' dir='ltr'>quae</span> <span class='ocrx_word' id='word_1_276' title='bbox 609 2677 750 2704; x_wconf 78' lang='lat' dir='ltr'>ecclesiae</span> <span class='ocrx_word' id='word_1_277' title='bbox 772 2678 806 2704; x_wconf 88' lang='lat' dir='ltr'>de</span> <span class='ocrx_word' id='word_1_278' title='bbox 825 2676 1040 2703; x_wconf 80' lang='lat' dir='ltr'>Rechmalrune</span> <span class='ocrx_word' id='word_1_279' title='bbox 1064 2676 1174 2710; x_wconf 86' lang='lat' dir='ltr'>capella</span> 
     </span>
     <span class='ocr_line' id='line_1_40' title="bbox 182 2724 1173 2761; baseline -0.003 -9"><span class='ocrx_word' id='word_1_280' title='bbox 182 2726 280 2753; x_wconf 83' lang='lat' dir='ltr'>existit</span> <span class='ocrx_word' id='word_1_281' title='bbox 299 2727 334 2753; x_wconf 78' lang='lat' dir='ltr'>ab</span> <span class='ocrx_word' id='word_1_282' title='bbox 363 2727 496 2761; x_wconf 79' lang='lat' dir='ltr'>antiquo,</span> <span class='ocrx_word' id='word_1_283' title='bbox 522 2727 557 2752; x_wconf 84' lang='lat' dir='ltr'>ad</span> <span class='ocrx_word' id='word_1_284' title='bbox 584 2734 716 2752; x_wconf 89' lang='lat' dir='ltr'>mensam</span> <span class='ocrx_word' id='word_1_285' title='bbox 743 2725 940 2760; x_wconf 83' lang='lat' dir='ltr'>episcopalem</span> <span class='ocrx_word' id='word_1_286' title='bbox 964 2724 1173 2750; x_wconf 83' lang='lat' dir='ltr'>Moravicnsem</span> 
     </span>
     <span class='ocr_line' id='line_1_41' title="bbox 181 2772 1175 2808; baseline -0.005 -7"><span class='ocrx_word' id='word_1_287' title='bbox 181 2777 325 2808; x_wconf 79' lang='lat' dir='ltr'>spectare,</span> <span class='ocrx_word' id='word_1_288' title='bbox 342 2783 401 2801; x_wconf 89' lang='lat' dir='ltr'>non</span> <span class='ocrx_word' id='word_1_289' title='bbox 418 2775 551 2801; x_wconf 79' lang='lat' dir='ltr'>obstante</span> <span class='ocrx_word' id='word_1_290' title='bbox 568 2774 646 2807; x_wconf 86' lang='lat' dir='ltr'>quod</span> <span class='ocrx_word' id='word_1_291' title='bbox 663 2774 811 2807; x_wconf 84' lang='lat' dir='ltr'>quondam</span> <span class='ocrx_word' id='word_1_292' title='bbox 826 2774 969 2807; x_wconf 54' lang='lat' dir='ltr'>LSymonjy</span> <span class='ocrx_word' id='word_1_293' title='bbox 987 2772 1175 2798; x_wconf 77' lang='lat' dir='ltr'>Moraviensis</span> 
     </span>
     <span class='ocr_line' id='line_1_42' title="bbox 182 2820 1175 2856; baseline -0.004 -8"><span class='ocrx_word' id='word_1_294' title='bbox 182 2822 348 2856; x_wconf 82' lang='lat' dir='ltr'>episcopus,</span> <span class='ocrx_word' id='word_1_295' title='bbox 363 2823 471 2849; x_wconf 78' lang='lat' dir='ltr'>dictam</span> <span class='ocrx_word' id='word_1_296' title='bbox 493 2822 646 2848; x_wconf 82' lang='lat' dir='ltr'>ecclesiam</span> <span class='ocrx_word' id='word_1_297' title='bbox 666 2821 700 2847; x_wconf 87' lang='lat' dir='ltr'>de</span> <span class='ocrx_word' id='word_1_298' title='bbox 718 2821 885 2855; x_wconf 79' lang='lat' dir='ltr'>Rochymay</span> <span class='ocrx_word' id='word_1_299' title='bbox 899 2820 1056 2846; x_wconf 85' lang='lat' dir='ltr'>constituit</span> <span class='ocrx_word' id='word_1_300' title='bbox 1075 2827 1175 2852; x_wconf 81' lang='lat' dir='ltr'>parro-</span> 
     </span>
     <span class='ocr_line' id='line_1_43' title="bbox 183 2868 1038 2902; baseline -0.001 -8"><span class='ocrx_word' id='word_1_301' title='bbox 183 2869 318 2896; x_wconf 82' lang='lat' dir='ltr'>chialem.</span> <span class='ocrx_word' id='word_1_302' title='bbox 337 2871 414 2897; x_wconf 59' lang='lat' dir='ltr'>(Rae.</span> <span class='ocrx_word' id='word_1_303' title='bbox 429 2871 471 2902; x_wconf 74' lang='lat'>25,</span> <span class='ocrx_word' id='word_1_304' title='bbox 487 2879 511 2896; x_wconf 81' lang='lat' dir='ltr'>a.</span> <span class='ocrx_word' id='word_1_305' title='bbox 529 2869 574 2897; x_wconf 84' lang='lat'>111.</span> <span class='ocrx_word' id='word_1_306' title='bbox 593 2878 617 2895; x_wconf 89' lang='lat' dir='ltr'>c.</span> <span class='ocrx_word' id='word_1_307' title='bbox 637 2870 680 2900; x_wconf 85' lang='lat'>58,</span> <span class='ocrx_word' id='word_1_308' title='bbox 695 2868 714 2895; x_wconf 84' lang='lat' dir='ltr'>s.</span> <span class='ocrx_word' id='word_1_309' title='bbox 731 2870 760 2899; x_wconf 74' lang='lat'>73</span> <span class='ocrx_word' id='word_1_310' title='bbox 778 2869 920 2894; x_wconf 50' lang='lat' dir='ltr'>Porrflisr</span> <span class='ocrx_word' id='word_1_311' title='bbox 943 2868 1038 2894; x_wconf 74' lang='lat'>16584.</span> 
     </span>
    </p>
   </div>
   <div class='ocr_carea' id='block_1_7' title="bbox 229 2961 1175 3006">
    <p class='ocr_par' dir='ltr' id='par_1_8' title="bbox 229 2961 1175 3006">
     <span class='ocr_line' id='line_1_44' title="bbox 229 2961 1175 3006; baseline -0.004 -11"><span class='ocrx_word' id='word_1_312' title='bbox 229 2977 243 2992; x_wconf 84' lang='lat'>«</span> <span class='ocrx_word' id='word_1_313' title='bbox 271 2962 478 2996; x_wconf 76' lang='lat' dir='ltr'>Arclzebaldo</span> <span class='ocrx_word' id='word_1_314' title='bbox 520 2963 673 3006; x_wconf 71' lang='lat' dir='ltr'>episcopo</span> <span class='ocrx_word' id='word_1_315' title='bbox 718 2961 932 2995; x_wconf 73' lang='lat' dir='ltr'>Moraviensz&#39;.</span> <span class='ocrx_word' id='word_1_316' title='bbox 966 2962 1087 2993; x_wconf 74' lang='lat' dir='ltr'>Potitio</span> <span class='ocrx_word' id='word_1_317' title='bbox 1122 2962 1175 2991; x_wconf 81' lang='lat' dir='ltr'>tua</span> 
     </span>
    </p>
   </div>
   <div class='ocr_carea' id='block_1_8' title="bbox 1208 365 1214 1244">
    <p class='ocr_par' dir='ltr' id='par_1_9' title="bbox 1208 365 1214 1244">
     <span class='ocr_line' id='line_1_45' title="bbox 1208 365 1214 1244; baseline 0 0"><span class='ocrx_word' id='word_1_318' title='bbox 1208 365 1214 1244; x_wconf 95' lang='lat' dir='ltr'> </span> 
     </span>
    </p>
   </div>
   <div class='ocr_carea' id='block_1_9' title="bbox 1201 365 1214 3000">
    <p class='ocr_par' dir='ltr' id='par_1_10' title="bbox 1201 365 1214 3000">
     <span class='ocr_line' id='line_1_46' title="bbox 1201 365 1214 3000; baseline 0 0"><span class='ocrx_word' id='word_1_319' title='bbox 1201 365 1214 3000; x_wconf 95' lang='lat' dir='ltr'> </span> 
     </span>
    </p>
   </div>
   <div class='ocr_carea' id='block_1_10' title="bbox 1228 284 2226 2996">
    <p class='ocr_par' dir='ltr' id='par_1_11' title="bbox 1232 284 2226 1636">
     <span class='ocr_line' id='line_1_47' title="bbox 2161 284 2226 316; baseline -0.015 0"><span class='ocrx_word' id='word_1_320' title='bbox 2161 284 2226 316; x_wconf 77' lang='lat'>503</span> 
     </span>
     <span class='ocr_line' id='line_1_48' title="bbox 1236 354 2226 398; baseline 0.004 -13"><span class='ocrx_word' id='word_1_321' title='bbox 1236 354 1326 385; x_wconf 88' lang='lat' dir='ltr'>nobis</span> <span class='ocrx_word' id='word_1_322' title='bbox 1343 355 1487 386; x_wconf 86' lang='lat' dir='ltr'>exhibita</span> <span class='ocrx_word' id='word_1_323' title='bbox 1503 356 1702 395; x_wconf 60' lang='lat' dir='ltr'>continebat,</span> <span class='ocrx_word' id='word_1_324' title='bbox 1721 358 1882 398; x_wconf 87' lang='lat' dir='ltr'>quodcum</span> <span class='ocrx_word' id='word_1_325' title='bbox 1897 359 2038 389; x_wconf 85' lang='lat' dir='ltr'>ecclesia</span> <span class='ocrx_word' id='word_1_326' title='bbox 2054 358 2092 389; x_wconf 91' lang='lat' dir='ltr'>de</span> <span class='ocrx_word' id='word_1_327' title='bbox 2117 359 2226 390; x_wconf 78' lang='lat' dir='ltr'>Rech-</span> 
     </span>
     <span class='ocr_line' id='line_1_49' title="bbox 1236 412 2224 456; baseline 0.004 -15"><span class='ocrx_word' id='word_1_328' title='bbox 1236 412 1392 449; x_wconf 75' lang='lat' dir='ltr'>malrune,</span> <span class='ocrx_word' id='word_1_329' title='bbox 1404 412 1776 447; x_wconf 80' lang='lat' dir='ltr'>Moravicnsisdiocesis,</span> <span class='ocrx_word' id='word_1_330' title='bbox 1787 415 1938 455; x_wconf 87' lang='lat' dir='ltr'>spectans</span> <span class='ocrx_word' id='word_1_331' title='bbox 1953 414 1993 445; x_wconf 83' lang='lat' dir='ltr'>ad</span> <span class='ocrx_word' id='word_1_332' title='bbox 2009 415 2224 456; x_wconf 83' lang='lat' dir='ltr'>episcopalem</span> 
     </span>
     <span class='ocr_line' id='line_1_50' title="bbox 1236 468 2222 512; baseline 0.001 -14"><span class='ocrx_word' id='word_1_333' title='bbox 1236 478 1392 507; x_wconf 87' lang='lat' dir='ltr'>mensam,</span> <span class='ocrx_word' id='word_1_334' title='bbox 1406 468 1522 499; x_wconf 82' lang='lat' dir='ltr'>fuisset</span> <span class='ocrx_word' id='word_1_335' title='bbox 1543 468 1647 499; x_wconf 90' lang='lat' dir='ltr'>eidem</span> <span class='ocrx_word' id='word_1_336' title='bbox 1668 480 1778 500; x_wconf 82' lang='lat' dir='ltr'>mense</span> <span class='ocrx_word' id='word_1_337' title='bbox 1790 481 1848 511; x_wconf 85' lang='lat' dir='ltr'>per</span> <span class='ocrx_word' id='word_1_338' title='bbox 1869 470 1983 502; x_wconf 86' lang='lat' dir='ltr'>Sedem</span> <span class='ocrx_word' id='word_1_339' title='bbox 2003 471 2222 512; x_wconf 76' lang='lat' dir='ltr'>Apostolicam</span> 
     </span>
     <span class='ocr_line' id='line_1_51' title="bbox 1235 523 2224 569; baseline 0.004 -15"><span class='ocrx_word' id='word_1_340' title='bbox 1235 523 1437 559; x_wconf 72' lang='lat' dir='ltr'>confirmata,</span> <span class='ocrx_word' id='word_1_341' title='bbox 1466 525 1549 555; x_wconf 88' lang='lat' dir='ltr'>bone</span> <span class='ocrx_word' id='word_1_342' title='bbox 1578 526 1757 556; x_wconf 88' lang='lat' dir='ltr'>memorie..</span> <span class='ocrx_word' id='word_1_343' title='bbox 1799 528 2012 558; x_wconf 81' lang='lat' dir='ltr'>Moraviensis</span> <span class='ocrx_word' id='word_1_344' title='bbox 2037 528 2224 569; x_wconf 73' lang='lat' dir='ltr'>episcopus,</span> 
     </span>
     <span class='ocr_line' id='line_1_52' title="bbox 1236 581 2219 624; baseline 0.003 -13"><span class='ocrx_word' id='word_1_345' title='bbox 1236 581 1451 621; x_wconf 84' lang='lat' dir='ltr'>predecessor</span> <span class='ocrx_word' id='word_1_346' title='bbox 1479 584 1564 613; x_wconf 78' lang='lat' dir='ltr'>tuus,</span> <span class='ocrx_word' id='word_1_347' title='bbox 1602 581 1774 612; x_wconf 87' lang='lat' dir='ltr'>ecclesiam</span> <span class='ocrx_word' id='word_1_348' title='bbox 1795 582 1834 613; x_wconf 85' lang='lat' dir='ltr'>de</span> <span class='ocrx_word' id='word_1_349' title='bbox 1856 584 2059 624; x_wconf 66' lang='lat' dir='ltr'>Roclrvmay,</span> <span class='ocrx_word' id='word_1_350' title='bbox 2092 583 2219 624; x_wconf 84' lang='lat' dir='ltr'>prefate</span> 
     </span>
     <span class='ocr_line' id='line_1_53' title="bbox 1236 637 2222 678; baseline 0.003 -11"><span class='ocrx_word' id='word_1_351' title='bbox 1236 637 1388 676; x_wconf 83' lang='lat' dir='ltr'>diocesis⁷</span> <span class='ocrx_word' id='word_1_352' title='bbox 1415 647 1475 677; x_wconf 86' lang='grc'><strong>(1110</strong></span> <span class='ocrx_word' id='word_1_353' title='bbox 1509 638 1636 678; x_wconf 85' lang='lat' dir='ltr'>prefate</span> <span class='ocrx_word' id='word_1_354' title='bbox 1667 638 1807 669; x_wconf 69' lang='lat' dir='ltr'>ecclesie</span> <span class='ocrx_word' id='word_1_355' title='bbox 1835 639 1873 669; x_wconf 85' lang='lat' dir='ltr'>de</span> <span class='ocrx_word' id='word_1_356' title='bbox 1903 639 2140 670; x_wconf 78' lang='lat' dir='ltr'>Reclimalrune</span> <span class='ocrx_word' id='word_1_357' title='bbox 2165 650 2222 670; x_wconf 89' lang='lat' dir='ltr'>ca-</span> 
     </span>
     <span class='ocr_line' id='line_1_54' title="bbox 1236 693 2222 737; baseline 0.004 -14"><span class='ocrx_word' id='word_1_358' title='bbox 1236 693 1321 734; x_wconf 89' lang='lat' dir='ltr'>pella</span> <span class='ocrx_word' id='word_1_359' title='bbox 1341 693 1453 724; x_wconf 77' lang='lat' dir='ltr'>extitit</span> <span class='ocrx_word' id='word_1_360' title='bbox 1475 693 1511 723; x_wconf 81' lang='lat' dir='ltr'>ab</span> <span class='ocrx_word' id='word_1_361' title='bbox 1533 694 1676 734; x_wconf 83' lang='lat' dir='ltr'>antiquo.</span> <span class='ocrx_word' id='word_1_362' title='bbox 1706 695 1899 726; x_wconf 77' lang='lat' dir='ltr'>auctoritate</span> <span class='ocrx_word' id='word_1_363' title='bbox 1929 695 2091 726; x_wconf 85' lang='lat' dir='ltr'>ordinaria</span> <span class='ocrx_word' id='word_1_364' title='bbox 2112 706 2222 737; x_wconf 89' lang='lat' dir='ltr'>parro-</span> 
     </span>
     <span class='ocr_line' id='line_1_55' title="bbox 1235 749 2217 791; baseline 0.004 -12"><span class='ocrx_word' id='word_1_365' title='bbox 1235 749 1373 780; x_wconf 87' lang='lat' dir='ltr'>chialem</span> <span class='ocrx_word' id='word_1_366' title='bbox 1389 759 1431 780; x_wconf 78' lang='lat' dir='ltr'>ex</span> <span class='ocrx_word' id='word_1_367' title='bbox 1456 754 1546 780; x_wconf 86' lang='lat' dir='ltr'>certa</span> <span class='ocrx_word' id='word_1_368' title='bbox 1573 760 1671 780; x_wconf 85' lang='lat' dir='ltr'>causa</span> <span class='ocrx_word' id='word_1_369' title='bbox 1707 751 1888 787; x_wconf 81' lang='lat' dir='ltr'>constituit,</span> <span class='ocrx_word' id='word_1_370' title='bbox 1911 762 2004 791; x_wconf 84' lang='lat' dir='ltr'>quam</span> <span class='ocrx_word' id='word_1_371' title='bbox 2026 752 2217 783; x_wconf 84' lang='lat' dir='ltr'>nicliilomus</span> 
     </span>
     <span class='ocr_line' id='line_1_56' title="bbox 1236 805 2212 849; baseline 0.002 -13"><span class='ocrx_word' id='word_1_372' title='bbox 1236 807 1301 836; x_wconf 87' lang='lat' dir='ltr'>tam</span> <span class='ocrx_word' id='word_1_373' title='bbox 1321 805 1537 846; x_wconf 72' lang='lat' dir='ltr'>predecessor</span> <span class='ocrx_word' id='word_1_374' title='bbox 1556 807 1636 847; x_wconf 73' lang='lat' dir='ltr'>ipse,</span> <span class='ocrx_word' id='word_1_375' title='bbox 1662 816 1755 846; x_wconf 84' lang='lat' dir='ltr'>quam</span> <span class='ocrx_word' id='word_1_376' title='bbox 1777 816 1986 837; x_wconf 78' lang='lat' dir='ltr'>successores</span> <span class='ocrx_word' id='word_1_377' title='bbox 2020 808 2090 848; x_wconf 84' lang='lat' dir='ltr'>ejus</span> <span class='ocrx_word' id='word_1_378' title='bbox 2113 818 2212 849; x_wconf 85' lang='lat' dir='ltr'>usque</span> 
     </span>
     <span class='ocr_line' id='line_1_57' title="bbox 1236 861 2220 903; baseline 0.002 -11"><span class='ocrx_word' id='word_1_379' title='bbox 1236 872 1318 892; x_wconf 90' lang='lat' dir='ltr'>nunc</span> <span class='ocrx_word' id='word_1_380' title='bbox 1348 861 1385 892; x_wconf 82' lang='lat' dir='ltr'>ad</span> <span class='ocrx_word' id='word_1_381' title='bbox 1419 872 1496 893; x_wconf 83' lang='lat' dir='ltr'>usus</span> <span class='ocrx_word' id='word_1_382' title='bbox 1530 862 1676 903; x_wconf 86' lang='lat' dir='ltr'>ejusdem</span> <span class='ocrx_word' id='word_1_383' title='bbox 1721 872 1831 893; x_wconf 86' lang='lat' dir='ltr'>mense</span> <span class='ocrx_word' id='word_1_384' title='bbox 1863 862 1996 903; x_wconf 65' lang='lat' dir='ltr'>pacifice</span> <span class='ocrx_word' id='word_1_385' title='bbox 2035 866 2220 895; x_wconf 82' lang='lat' dir='ltr'>tennerunt.</span> 
     </span>
     <span class='ocr_line' id='line_1_58' title="bbox 1236 918 2224 954; baseline 0.003 -6"><span class='ocrx_word' id='word_1_386' title='bbox 1236 918 1314 954; x_wconf 84' lang='lat' dir='ltr'>Quia</span> <span class='ocrx_word' id='word_1_387' title='bbox 1336 928 1412 949; x_wconf 78' lang='lat' dir='ltr'>vero</span> <span class='ocrx_word' id='word_1_388' title='bbox 1442 919 1581 949; x_wconf 83' lang='lat' dir='ltr'>dilectus</span> <span class='ocrx_word' id='word_1_389' title='bbox 1601 918 1685 949; x_wconf 82' lang='lat' dir='ltr'>filius</span> <span class='ocrx_word' id='word_1_390' title='bbox 1713 921 1825 949; x_wconf 75' lang='lat' dir='ltr'>noster</span> <span class='ocrx_word' id='word_1_391' title='bbox 1851 920 1880 950; x_wconf 89' lang='lat'>.].</span> <span class='ocrx_word' id='word_1_392' title='bbox 1909 919 1992 949; x_wconf 88' lang='lat' dir='ltr'>tituli</span> <span class='ocrx_word' id='word_1_393' title='bbox 2009 919 2117 950; x_wconf 81' lang='lat' dir='ltr'>Sancti</span> <span class='ocrx_word' id='word_1_394' title='bbox 2140 921 2224 951; x_wconf 87' lang='lat' dir='ltr'>Lau—</span> 
     </span>
     <span class='ocr_line' id='line_1_59' title="bbox 1235 975 2220 1016; baseline 0.002 -12"><span class='ocrx_word' id='word_1_395' title='bbox 1235 975 1332 1005; x_wconf 77' lang='lat' dir='ltr'>rentii</span> <span class='ocrx_word' id='word_1_396' title='bbox 1352 975 1382 1005; x_wconf 90' lang='lat' dir='ltr'>in</span> <span class='ocrx_word' id='word_1_397' title='bbox 1402 975 1521 1006; x_wconf 77' lang='lat' dir='ltr'>Lucina</span> <span class='ocrx_word' id='word_1_398' title='bbox 1542 975 1705 1016; x_wconf 72' lang='lat' dir='ltr'>presbiter</span> <span class='ocrx_word' id='word_1_399' title='bbox 1724 975 1897 1006; x_wconf 83' lang='lat' dir='ltr'>cardinalis</span> <span class='ocrx_word' id='word_1_400' title='bbox 1914 975 2031 1006; x_wconf 68' lang='lat' dir='ltr'>dictam</span> <span class='ocrx_word' id='word_1_401' title='bbox 2050 976 2220 1007; x_wconf 74' lang='lat' dir='ltr'>ecclesiam</span> 
     </span>
     <span class='ocr_line' id='line_1_60' title="bbox 1235 1030 2222 1073; baseline 0.002 -12"><span class='ocrx_word' id='word_1_402' title='bbox 1235 1030 1274 1061; x_wconf 90' lang='lat' dir='ltr'>de</span> <span class='ocrx_word' id='word_1_403' title='bbox 1298 1032 1499 1072; x_wconf 26' lang='lat' dir='ltr'>Rocliqvmalr,</span> <span class='ocrx_word' id='word_1_404' title='bbox 1531 1032 1763 1062; x_wconf 82' lang='lat' dir='ltr'>nonobstante</span> <span class='ocrx_word' id='word_1_405' title='bbox 1789 1032 1870 1072; x_wconf 86' lang='lat' dir='ltr'>quod</span> <span class='ocrx_word' id='word_1_406' title='bbox 1910 1032 2122 1073; x_wconf 72' lang='lat' dir='ltr'>parrochialis</span> <span class='ocrx_word' id='word_1_407' title='bbox 2159 1035 2222 1070; x_wconf 83' lang='lat' dir='ltr'>est,</span> 
     </span>
     <span class='ocr_line' id='line_1_61' title="bbox 1235 1088 2223 1130; baseline 0.002 -13"><span class='ocrx_word' id='word_1_408' title='bbox 1235 1088 1290 1118; x_wconf 89' lang='lat' dir='ltr'>tibi</span> <span class='ocrx_word' id='word_1_409' title='bbox 1324 1091 1357 1119; x_wconf 87' lang='lat' dir='ltr'>et</span> <span class='ocrx_word' id='word_1_410' title='bbox 1386 1099 1443 1130; x_wconf 87' lang='lat' dir='ltr'>per</span> <span class='ocrx_word' id='word_1_411' title='bbox 1474 1090 1505 1119; x_wconf 77' lang='lat' dir='ltr'>te</span> <span class='ocrx_word' id='word_1_412' title='bbox 1542 1089 1605 1119; x_wconf 86' lang='lat' dir='ltr'>tuis</span> <span class='ocrx_word' id='word_1_413' title='bbox 1638 1088 1892 1125; x_wconf 74' lang='lat' dir='ltr'>successoribus,</span> <span class='ocrx_word' id='word_1_414' title='bbox 1916 1088 1953 1119; x_wconf 82' lang='lat' dir='ltr'>ad</span> <span class='ocrx_word' id='word_1_415' title='bbox 1991 1099 2066 1119; x_wconf 86' lang='lat' dir='ltr'>usus</span> <span class='ocrx_word' id='word_1_416' title='bbox 2098 1089 2223 1129; x_wconf 76' lang='lat' dir='ltr'>prefate</span> 
     </span>
     <span class='ocr_line' id='line_1_62' title="bbox 1235 1145 2220 1186; baseline 0 -11"><span class='ocrx_word' id='word_1_417' title='bbox 1235 1155 1346 1176; x_wconf 82' lang='lat' dir='ltr'>mense</span> <span class='ocrx_word' id='word_1_418' title='bbox 1379 1145 1418 1176; x_wconf 87' lang='lat' dir='ltr'>de</span> <span class='ocrx_word' id='word_1_419' title='bbox 1456 1145 1606 1176; x_wconf 82' lang='lat' dir='ltr'>mandato</span> <span class='ocrx_word' id='word_1_420' title='bbox 1639 1146 1750 1176; x_wconf 88' lang='lat' dir='ltr'>nostro</span> <span class='ocrx_word' id='word_1_421' title='bbox 1785 1146 1942 1185; x_wconf 87' lang='lat' dir='ltr'>perpetuo</span> <span class='ocrx_word' id='word_1_422' title='bbox 1980 1145 2147 1186; x_wconf 81' lang='lat' dir='ltr'>deputavit</span> <span class='ocrx_word' id='word_1_423' title='bbox 2183 1155 2220 1175; x_wconf 86' lang='lat' dir='ltr'>ac</span> 
     </span>
     <span class='ocr_line' id='line_1_63' title="bbox 1235 1201 2220 1243; baseline -0.001 -10"><span class='ocrx_word' id='word_1_424' title='bbox 1235 1202 1332 1233; x_wconf 87' lang='lat' dir='ltr'>etiam</span> <span class='ocrx_word' id='word_1_425' title='bbox 1366 1203 1581 1239; x_wconf 77' lang='lat' dir='ltr'>confirmavit,</span> <span class='ocrx_word' id='word_1_426' title='bbox 1610 1203 1704 1243; x_wconf 86' lang='lat' dir='ltr'>prout.</span> <span class='ocrx_word' id='word_1_427' title='bbox 1728 1202 1759 1232; x_wconf 92' lang='lat' dir='ltr'>in</span> <span class='ocrx_word' id='word_1_428' title='bbox 1793 1201 1978 1242; x_wconf 79' lang='lat' dir='ltr'>patentibus</span> <span class='ocrx_word' id='word_1_429' title='bbox 2004 1201 2123 1232; x_wconf 87' lang='lat' dir='ltr'>litteris</span> <span class='ocrx_word' id='word_1_430' title='bbox 2151 1202 2220 1242; x_wconf 75' lang='lat' dir='ltr'>ejus</span> 
     </span>
     <span class='ocr_line' id='line_1_64' title="bbox 1233 1243 2223 1299; baseline -0.001 -10"><span class='ocrx_word' id='word_1_431' title='bbox 1233 1258 1307 1290; x_wconf 87' lang='lat' dir='ltr'>inde</span> <span class='ocrx_word' id='word_1_432' title='bbox 1338 1259 1497 1289; x_wconf 79' lang='lat' dir='ltr'>confectis</span> <span class='ocrx_word' id='word_1_433' title='bbox 1530 1262 1561 1289; x_wconf 87' lang='lat' dir='ltr'>et</span> <span class='ocrx_word' id='word_1_434' title='bbox 1588 1269 1644 1289; x_wconf 85' lang='lat' dir='ltr'>suo</span> <span class='ocrx_word' id='word_1_435' title='bbox 1673 1258 1778 1299; x_wconf 80' lang='lat' dir='ltr'>sigillo</span> <span class='ocrx_word' id='word_1_436' title='bbox 1814 1258 1945 1288; x_wconf 84' lang='lat' dir='ltr'>munitis</span> <span class='ocrx_word' id='word_1_437' title='bbox 1972 1258 2096 1299; x_wconf 88' lang='lat' dir='ltr'>plenius</span> <span class='ocrx_word' id='word_1_438' title='bbox 2118 1243 2223 1289; x_wconf 37' lang='lat' dir='ltr'>conti.-</span> 
     </span>
     <span class='ocr_line' id='line_1_65' title="bbox 1234 1314 2220 1356; baseline -0.001 -11"><span class='ocrx_word' id='word_1_439' title='bbox 1234 1317 1340 1350; x_wconf 74' lang='lat' dir='ltr'>netur,</span> <span class='ocrx_word' id='word_1_440' title='bbox 1363 1325 1419 1346; x_wconf 84' lang='lat' dir='ltr'>nos</span> <span class='ocrx_word' id='word_1_441' title='bbox 1440 1315 1502 1346; x_wconf 86' lang='lat' dir='ltr'>tuis</span> <span class='ocrx_word' id='word_1_442' title='bbox 1519 1314 1807 1356; x_wconf 77' lang='lat' dir='ltr'>supplicationibus</span> <span class='ocrx_word' id='word_1_443' title='bbox 1828 1314 1986 1352; x_wconf 68' lang='lat' dir='ltr'>inclinati,</span> <span class='ocrx_word' id='word_1_444' title='bbox 2017 1314 2099 1354; x_wconf 80' lang='lat' dir='ltr'>quod</span> <span class='ocrx_word' id='word_1_445' title='bbox 2123 1324 2220 1355; x_wconf 87' lang='lat' dir='ltr'>super</span> 
     </span>
     <span class='ocr_line' id='line_1_66' title="bbox 1234 1370 2216 1405; baseline -0.002 -2"><span class='ocrx_word' id='word_1_446' title='bbox 1234 1373 1293 1403; x_wconf 85' lang='lat' dir='ltr'>hoc</span> <span class='ocrx_word' id='word_1_447' title='bbox 1314 1372 1353 1403; x_wconf 87' lang='lat' dir='ltr'>al)</span> <span class='ocrx_word' id='word_1_448' title='bbox 1371 1371 1483 1402; x_wconf 81' lang='lat' dir='ltr'>eodeni</span> <span class='ocrx_word' id='word_1_449' title='bbox 1501 1371 1656 1402; x_wconf 68' lang='lat' dir='ltr'>cardinali</span> <span class='ocrx_word' id='word_1_450' title='bbox 1677 1371 1799 1402; x_wconf 84' lang='lat' dir='ltr'>factum</span> <span class='ocrx_word' id='word_1_451' title='bbox 1821 1373 1882 1405; x_wconf 81' lang='lat' dir='ltr'>est,</span> <span class='ocrx_word' id='word_1_452' title='bbox 1908 1372 2013 1402; x_wconf 86' lang='lat' dir='ltr'>ratum</span> <span class='ocrx_word' id='word_1_453' title='bbox 2039 1372 2071 1402; x_wconf 89' lang='lat' dir='ltr'>et</span> <span class='ocrx_word' id='word_1_454' title='bbox 2093 1370 2216 1401; x_wconf 79' lang='lat' dir='ltr'>firmum</span> 
     </span>
     <span class='ocr_line' id='line_1_67' title="bbox 1233 1427 2221 1469; baseline -0.002 -10"><span class='ocrx_word' id='word_1_455' title='bbox 1233 1428 1405 1461; x_wconf 78' lang='lat' dir='ltr'>habentes,</span> <span class='ocrx_word' id='word_1_456' title='bbox 1435 1427 1464 1458; x_wconf 89' lang='lat' dir='ltr'>id</span> <span class='ocrx_word' id='word_1_457' title='bbox 1482 1428 1676 1459; x_wconf 78' lang='lat' dir='ltr'>auctoritate</span> <span class='ocrx_word' id='word_1_458' title='bbox 1706 1428 1883 1469; x_wconf 78' lang='lat' dir='ltr'>apostolica</span> <span class='ocrx_word' id='word_1_459' title='bbox 1921 1427 2159 1466; x_wconf 70' lang='lat' dir='ltr'>confirmamus,</span> <span class='ocrx_word' id='word_1_460' title='bbox 2190 1429 2221 1458; x_wconf 87' lang='lat' dir='ltr'>et</span> 
     </span>
     <span class='ocr_line' id='line_1_68' title="bbox 1232 1484 2219 1525; baseline -0.002 -10"><span class='ocrx_word' id='word_1_461' title='bbox 1232 1485 1394 1525; x_wconf 84' lang='lat' dir='ltr'>presentis</span> <span class='ocrx_word' id='word_1_462' title='bbox 1420 1484 1530 1525; x_wconf 67' lang='lat' dir='ltr'>scripti</span> <span class='ocrx_word' id='word_1_463' title='bbox 1570 1484 1750 1524; x_wconf 81' lang='lat' dir='ltr'>patrocinio</span> <span class='ocrx_word' id='word_1_464' title='bbox 1786 1484 2030 1514; x_wconf 86' lang='lat' dir='ltr'>communimus.</span> <span class='ocrx_word' id='word_1_465' title='bbox 2062 1484 2219 1514; x_wconf 89' lang='lat' dir='ltr'>Tenorem</span> 
     </span>
     <span class='ocr_line' id='line_1_69' title="bbox 1233 1539 2221 1581; baseline -0.002 -10"><span class='ocrx_word' id='word_1_466' title='bbox 1233 1543 1339 1572; x_wconf 84' lang='lat' dir='ltr'>autem</span> <span class='ocrx_word' id='word_1_467' title='bbox 1361 1541 1543 1571; x_wconf 74' lang='lat' dir='ltr'>litterarum</span> <span class='ocrx_word' id='word_1_468' title='bbox 1561 1540 1702 1581; x_wconf 87' lang='lat' dir='ltr'>ipsarum</span> <span class='ocrx_word' id='word_1_469' title='bbox 1729 1539 1767 1570; x_wconf 89' lang='lat' dir='ltr'>de</span> <span class='ocrx_word' id='word_1_470' title='bbox 1794 1539 1892 1570; x_wconf 82' lang='lat' dir='ltr'>verbo</span> <span class='ocrx_word' id='word_1_471' title='bbox 1919 1539 1958 1570; x_wconf 86' lang='lat' dir='ltr'>ad</span> <span class='ocrx_word' id='word_1_472' title='bbox 1988 1539 2120 1570; x_wconf 88' lang='lat' dir='ltr'>verbum</span> <span class='ocrx_word' id='word_1_473' title='bbox 2146 1549 2221 1580; x_wconf 89' lang='lat' dir='ltr'>pre-</span> 
     </span>
     <span class='ocr_line' id='line_1_70' title="bbox 1233 1596 1984 1636; baseline -0.001 -8"><span class='ocrx_word' id='word_1_474' title='bbox 1233 1597 1380 1628; x_wconf 76' lang='lat' dir='ltr'>sentibus</span> <span class='ocrx_word' id='word_1_475' title='bbox 1398 1597 1533 1628; x_wconf 79' lang='lat' dir='ltr'>fecimus</span> <span class='ocrx_word' id='word_1_476' title='bbox 1555 1597 1716 1628; x_wconf 79' lang='lat' dir='ltr'>annotari.</span> <span class='ocrx_word' id='word_1_477' title='bbox 1744 1596 1795 1636; x_wconf 88' lang='grc'><strong>(1111</strong></span> <span class='ocrx_word' id='word_1_478' title='bbox 1817 1596 1890 1626; x_wconf 82' lang='lat' dir='ltr'>talis</span> <span class='ocrx_word' id='word_1_479' title='bbox 1906 1599 1957 1627; x_wconf 83' lang='lat' dir='ltr'>est</span> <span class='ocrx_word' id='word_1_480' title='bbox 1978 1606 1984 1627; x_wconf 87' lang='lat'>:</span> 
     </span>
    </p>

    <p class='ocr_par' dir='ltr' id='par_1_12' title="bbox 1228 1652 2223 2996">
     <span class='ocr_line' id='line_1_71' title="bbox 1278 1652 2223 1685; baseline 0.001 -3"><span class='ocrx_word' id='word_1_481' title='bbox 1278 1668 1292 1682; x_wconf 84' lang='lat'>«</span> <span class='ocrx_word' id='word_1_482' title='bbox 1320 1654 1437 1685; x_wconf 87' lang='lat' dir='ltr'>Frater</span> <span class='ocrx_word' id='word_1_483' title='bbox 1456 1654 1621 1685; x_wconf 73' lang='lat' dir='ltr'>J‹›hannes</span> <span class='ocrx_word' id='word_1_484' title='bbox 1642 1654 1852 1684; x_wconf 89' lang='lat' dir='ltr'>miseratione</span> <span class='ocrx_word' id='word_1_485' title='bbox 1877 1652 1984 1683; x_wconf 86' lang='lat' dir='ltr'>divina</span> <span class='ocrx_word' id='word_1_486' title='bbox 2004 1653 2091 1684; x_wconf 86' lang='lat' dir='ltr'>tituli</span> <span class='ocrx_word' id='word_1_487' title='bbox 2113 1652 2223 1684; x_wconf 88' lang='lat' dir='ltr'>Sancti</span> 
     </span>
     <span class='ocr_line' id='line_1_72' title="bbox 1233 1709 2223 1751; baseline 0 -12"><span class='ocrx_word' id='word_1_488' title='bbox 1233 1725 1247 1739; x_wconf 79' lang='lat'>«</span> <span class='ocrx_word' id='word_1_489' title='bbox 1276 1710 1441 1742; x_wconf 85' lang='lat' dir='ltr'>Laurentii</span> <span class='ocrx_word' id='word_1_490' title='bbox 1463 1711 1492 1740; x_wconf 87' lang='lat' dir='ltr'>in</span> <span class='ocrx_word' id='word_1_491' title='bbox 1510 1710 1629 1741; x_wconf 85' lang='lat' dir='ltr'>Lucina</span> <span class='ocrx_word' id='word_1_492' title='bbox 1650 1710 1812 1751; x_wconf 86' lang='lat' dir='ltr'>presbiter</span> <span class='ocrx_word' id='word_1_493' title='bbox 1834 1709 2021 1747; x_wconf 76' lang='lat' dir='ltr'>cardinalis,</span> <span class='ocrx_word' id='word_1_494' title='bbox 2044 1709 2223 1740; x_wconf 84' lang='lat' dir='ltr'>venerabili</span> 
     </span>
     <span class='ocr_line' id='line_1_73' title="bbox 1234 1765 2222 1808; baseline -0.001 -12"><span class='ocrx_word' id='word_1_495' title='bbox 1234 1782 1247 1796; x_wconf 89' lang='lat'>«</span> <span class='ocrx_word' id='word_1_496' title='bbox 1275 1768 1307 1798; x_wconf 93' lang='lat' dir='ltr'>in</span> <span class='ocrx_word' id='word_1_497' title='bbox 1327 1767 1454 1799; x_wconf 86' lang='lat' dir='ltr'>Christo</span> <span class='ocrx_word' id='word_1_498' title='bbox 1475 1767 1558 1807; x_wconf 89' lang='lat' dir='ltr'>patri</span> <span class='ocrx_word' id='word_1_499' title='bbox 1583 1766 1801 1804; x_wconf 68' lang='lat' dir='ltr'>ArcliebaldQ</span> <span class='ocrx_word' id='word_1_500' title='bbox 1823 1766 1878 1797; x_wconf 87' lang='lat' dir='ltr'>Dei</span> <span class='ocrx_word' id='word_1_501' title='bbox 1897 1767 2004 1808; x_wconf 83' lang='lat' dir='ltr'>gratia</span> <span class='ocrx_word' id='word_1_502' title='bbox 2024 1765 2222 1797; x_wconf 77' lang='lat' dir='ltr'>Moraviensi</span> 
     </span>
     <span class='ocr_line' id='line_1_74' title="bbox 1233 1822 2222 1865; baseline -0.003 -10"><span class='ocrx_word' id='word_1_503' title='bbox 1233 1838 1247 1851; x_wconf 90' lang='lat'>«</span> <span class='ocrx_word' id='word_1_504' title='bbox 1276 1824 1440 1865; x_wconf 72' lang='lat' dir='ltr'>episcopo,</span> <span class='ocrx_word' id='word_1_505' title='bbox 1463 1822 1600 1854; x_wconf 82' lang='lat' dir='ltr'>salutern</span> <span class='ocrx_word' id='word_1_506' title='bbox 1620 1823 1652 1853; x_wconf 92' lang='lat' dir='ltr'>in</span> <span class='ocrx_word' id='word_1_507' title='bbox 1674 1823 1818 1854; x_wconf 91' lang='lat' dir='ltr'>Domino.</span> <span class='ocrx_word' id='word_1_508' title='bbox 1845 1823 2003 1854; x_wconf 86' lang='lat' dir='ltr'>Porrecta</span> <span class='ocrx_word' id='word_1_509' title='bbox 2029 1832 2086 1863; x_wconf 85' lang='lat' dir='ltr'>per</span> <span class='ocrx_word' id='word_1_510' title='bbox 2108 1832 2165 1853; x_wconf 89' lang='lat' dir='ltr'>nos</span> <span class='ocrx_word' id='word_1_511' title='bbox 2189 1823 2222 1852; x_wconf 83' lang='lat' dir='ltr'>et</span> 
     </span>
     <span class='ocr_line' id='line_1_75' title="bbox 1232 1877 2221 1921; baseline 0.001 -13"><span class='ocrx_word' id='word_1_512' title='bbox 1232 1893 1246 1908; x_wconf 89' lang='lat'>«</span> <span class='ocrx_word' id='word_1_513' title='bbox 1274 1880 1420 1921; x_wconf 87' lang='lat' dir='ltr'>perlecta</span> <span class='ocrx_word' id='word_1_514' title='bbox 1445 1879 1571 1909; x_wconf 88' lang='grc'><strong>(10111100</strong></span> <span class='ocrx_word' id='word_1_515' title='bbox 1592 1889 1674 1920; x_wconf 86' lang='lat' dir='ltr'>pape</span> <span class='ocrx_word' id='word_1_516' title='bbox 1696 1881 1750 1910; x_wconf 87' lang='lat' dir='ltr'>tua</span> <span class='ocrx_word' id='word_1_517' title='bbox 1774 1879 1889 1920; x_wconf 84' lang='lat' dir='ltr'>petitio</span> <span class='ocrx_word' id='word_1_518' title='bbox 1913 1878 2099 1910; x_wconf 85' lang='lat' dir='ltr'>continebat</span> <span class='ocrx_word' id='word_1_519' title='bbox 2124 1877 2221 1918; x_wconf 78' lang='lat' dir='ltr'>qnod,</span> 
     </span>
     <span class='ocr_line' id='line_1_76' title="bbox 1232 1934 2222 1976; baseline -0.002 -9"><span class='ocrx_word' id='word_1_520' title='bbox 1232 1950 1246 1963; x_wconf 85' lang='lat'>«</span> <span class='ocrx_word' id='word_1_521' title='bbox 1275 1947 1345 1967; x_wconf 87' lang='lat' dir='ltr'>cum</span> <span class='ocrx_word' id='word_1_522' title='bbox 1379 1936 1521 1967; x_wconf 87' lang='lat' dir='ltr'>ecclesia</span> <span class='ocrx_word' id='word_1_523' title='bbox 1552 1935 1591 1967; x_wconf 85' lang='lat' dir='ltr'>de</span> <span class='ocrx_word' id='word_1_524' title='bbox 1631 1936 1882 1973; x_wconf 80' lang='lat' dir='ltr'>Rechmalrune,</span> <span class='ocrx_word' id='word_1_525' title='bbox 1905 1935 1997 1976; x_wconf 84' lang='lat' dir='ltr'>cujus</span> <span class='ocrx_word' id='word_1_526' title='bbox 2019 1935 2158 1966; x_wconf 86' lang='lat' dir='ltr'>ecclesia</span> <span class='ocrx_word' id='word_1_527' title='bbox 2183 1934 2222 1966; x_wconf 88' lang='lat' dir='ltr'>de</span> 
     </span>
     <span class='ocr_line' id='line_1_77' title="bbox 1232 1991 2217 2034; baseline 0 -13"><span class='ocrx_word' id='word_1_528' title='bbox 1232 2007 1246 2021; x_wconf 87' lang='lat'>«</span> <span class='ocrx_word' id='word_1_529' title='bbox 1275 1993 1466 2034; x_wconf 66' lang='lat' dir='ltr'>Rochymay</span> <span class='ocrx_word' id='word_1_530' title='bbox 1493 1998 1547 2024; x_wconf 93' lang='lat' dir='ltr'>tue</span> <span class='ocrx_word' id='word_1_531' title='bbox 1563 1992 1702 2023; x_wconf 87' lang='lat' dir='ltr'>diocesis</span> <span class='ocrx_word' id='word_1_532' title='bbox 1726 1992 1849 2033; x_wconf 78' lang='lat' dir='ltr'>capella</span> <span class='ocrx_word' id='word_1_533' title='bbox 1877 1992 1988 2023; x_wconf 76' lang='lat' dir='ltr'>extitit</span> <span class='ocrx_word' id='word_1_534' title='bbox 2015 1991 2053 2021; x_wconf 86' lang='lat' dir='ltr'>ab</span> <span class='ocrx_word' id='word_1_535' title='bbox 2074 1991 2217 2032; x_wconf 80' lang='lat' dir='ltr'>antiquo,</span> 
     </span>
     <span class='ocr_line' id='line_1_78' title="bbox 1231 2047 2220 2090; baseline -0.002 -10"><span class='ocrx_word' id='word_1_536' title='bbox 1231 2049 1391 2080; x_wconf 88' lang='lat' dir='ltr'>«dudum</span> <span class='ocrx_word' id='word_1_537' title='bbox 1426 2049 1524 2080; x_wconf 83' lang='lat' dir='ltr'>fuerit</span> <span class='ocrx_word' id='word_1_538' title='bbox 1564 2048 1742 2090; x_wconf 87' lang='lat' dir='ltr'>episcopali</span> <span class='ocrx_word' id='word_1_539' title='bbox 1778 2058 1892 2080; x_wconf 86' lang='lat' dir='ltr'>mense</span> <span class='ocrx_word' id='word_1_540' title='bbox 1926 2047 2125 2079; x_wconf 84' lang='lat' dir='ltr'>Moraviensi</span> <span class='ocrx_word' id='word_1_541' title='bbox 2162 2057 2220 2088; x_wconf 84' lang='lat' dir='ltr'>per</span> 
     </span>
     <span class='ocr_line' id='line_1_79' title="bbox 1231 2105 2217 2147; baseline -0.003 -10"><span class='ocrx_word' id='word_1_542' title='bbox 1231 2119 1246 2134; x_wconf 86' lang='lat'>«</span> <span class='ocrx_word' id='word_1_543' title='bbox 1268 2106 1385 2137; x_wconf 86' lang='lat' dir='ltr'>Sedem</span> <span class='ocrx_word' id='word_1_544' title='bbox 1410 2105 1629 2147; x_wconf 78' lang='lat' dir='ltr'>Apostolicam</span> <span class='ocrx_word' id='word_1_545' title='bbox 1651 2105 1852 2144; x_wconf 83' lang='lat' dir='ltr'>confirmata,</span> <span class='ocrx_word' id='word_1_546' title='bbox 1870 2106 1903 2136; x_wconf 86' lang='lat' dir='ltr'>et</span> <span class='ocrx_word' id='word_1_547' title='bbox 1918 2105 1998 2136; x_wconf 90' lang='lat' dir='ltr'>bone</span> <span class='ocrx_word' id='word_1_548' title='bbox 2018 2105 2217 2135; x_wconf 87' lang='lat' dir='ltr'>memorie...</span> 
     </span>
     <span class='ocr_line' id='line_1_80' title="bbox 1231 2161 2215 2204; baseline -0.003 -10"><span class='ocrx_word' id='word_1_549' title='bbox 1231 2177 1244 2191; x_wconf 87' lang='lat'>«</span> <span class='ocrx_word' id='word_1_550' title='bbox 1268 2163 1483 2194; x_wconf 86' lang='lat' dir='ltr'>Moraviensis</span> <span class='ocrx_word' id='word_1_551' title='bbox 1505 2163 1675 2204; x_wconf 86' lang='lat' dir='ltr'>episcopus</span> <span class='ocrx_word' id='word_1_552' title='bbox 1707 2162 1922 2203; x_wconf 83' lang='lat' dir='ltr'>predecessor</span> <span class='ocrx_word' id='word_1_553' title='bbox 1961 2164 2033 2192; x_wconf 86' lang='lat' dir='ltr'>tuus</span> <span class='ocrx_word' id='word_1_554' title='bbox 2058 2161 2215 2202; x_wconf 83' lang='lat' dir='ltr'>capellam</span> 
     </span>
     <span class='ocr_line' id='line_1_81' title="bbox 1231 2217 2214 2261; baseline -0.002 -12"><span class='ocrx_word' id='word_1_555' title='bbox 1231 2234 1245 2248; x_wconf 83' lang='lat'>«</span> <span class='ocrx_word' id='word_1_556' title='bbox 1266 2220 1367 2261; x_wconf 89' lang='lat' dir='ltr'>ipsam</span> <span class='ocrx_word' id='word_1_557' title='bbox 1382 2221 1579 2251; x_wconf 78' lang='lat' dir='ltr'>auctoritate</span> <span class='ocrx_word' id='word_1_558' title='bbox 1598 2220 1724 2260; x_wconf 86' lang='lat' dir='ltr'>propria</span> <span class='ocrx_word' id='word_1_559' title='bbox 1748 2218 1956 2249; x_wconf 85' lang='lat' dir='ltr'>constituerit</span> <span class='ocrx_word' id='word_1_560' title='bbox 1978 2217 2214 2258; x_wconf 80' lang='lat' dir='ltr'>parrochialem</span> 
     </span>
     <span class='ocr_line' id='line_1_82' title="bbox 1231 2274 2212 2315; baseline -0.004 -7"><span class='ocrx_word' id='word_1_561' title='bbox 1231 2290 1243 2303; x_wconf 68' lang='lat' dir='ltr'>a</span> <span class='ocrx_word' id='word_1_562' title='bbox 1272 2277 1445 2308; x_wconf 83' lang='lat' dir='ltr'>ecclesiam</span> <span class='ocrx_word' id='word_1_563' title='bbox 1463 2287 1504 2308; x_wconf 80' lang='lat' dir='ltr'>ex</span> <span class='ocrx_word' id='word_1_564' title='bbox 1525 2287 1622 2307; x_wconf 83' lang='lat' dir='ltr'>causa</span> <span class='ocrx_word' id='word_1_565' title='bbox 1646 2276 1832 2307; x_wconf 81' lang='lat' dir='ltr'>necessaria</span> <span class='ocrx_word' id='word_1_566' title='bbox 1852 2276 1885 2306; x_wconf 86' lang='lat' dir='ltr'>et</span> <span class='ocrx_word' id='word_1_567' title='bbox 1912 2275 2061 2312; x_wconf 81' lang='lat' dir='ltr'>honesta,</span> <span class='ocrx_word' id='word_1_568' title='bbox 2080 2274 2212 2315; x_wconf 79' lang='lat' dir='ltr'>ipseque</span> 
     </span>
     <span class='ocr_line' id='line_1_83' title="bbox 1229 2330 2212 2375; baseline -0.004 -11"><span class='ocrx_word' id='word_1_569' title='bbox 1229 2346 1243 2361; x_wconf 86' lang='lat'>«</span> <span class='ocrx_word' id='word_1_570' title='bbox 1271 2344 1309 2364; x_wconf 85' lang='lat' dir='ltr'>ac</span> <span class='ocrx_word' id='word_1_571' title='bbox 1325 2333 1397 2375; x_wconf 83' lang='lat' dir='ltr'>ejus</span> <span class='ocrx_word' id='word_1_572' title='bbox 1420 2343 1630 2364; x_wconf 85' lang='lat' dir='ltr'>successores</span> <span class='ocrx_word' id='word_1_573' title='bbox 1654 2332 1879 2364; x_wconf 88' lang='lat' dir='ltr'>nichilominus</span> <span class='ocrx_word' id='word_1_574' title='bbox 1898 2331 2017 2362; x_wconf 87' lang='lat' dir='ltr'>dictam</span> <span class='ocrx_word' id='word_1_575' title='bbox 2038 2330 2212 2362; x_wconf 84' lang='lat' dir='ltr'>ecclesiam</span> 
     </span>
     <span class='ocr_line' id='line_1_84' title="bbox 1229 2386 2214 2431; baseline -0.003 -12"><span class='ocrx_word' id='word_1_576' title='bbox 1229 2403 1244 2418; x_wconf 62' lang='grc' dir='ltr'>ι(</span> <span class='ocrx_word' id='word_1_577' title='bbox 1271 2389 1311 2420; x_wconf 91' lang='lat' dir='ltr'>de</span> <span class='ocrx_word' id='word_1_578' title='bbox 1332 2390 1525 2431; x_wconf 68' lang='lat' dir='ltr'>Hochymay</span> <span class='ocrx_word' id='word_1_579' title='bbox 1548 2390 1586 2421; x_wconf 83' lang='lat' dir='ltr'>ad</span> <span class='ocrx_word' id='word_1_580' title='bbox 1614 2399 1690 2420; x_wconf 89' lang='lat' dir='ltr'>usus</span> <span class='ocrx_word' id='word_1_581' title='bbox 1712 2389 1813 2430; x_wconf 87' lang='lat' dir='ltr'>ipsius</span> <span class='ocrx_word' id='word_1_582' title='bbox 1836 2398 1947 2419; x_wconf 88' lang='lat' dir='ltr'>mense</span> <span class='ocrx_word' id='word_1_583' title='bbox 1966 2397 2066 2428; x_wconf 88' lang='lat' dir='ltr'>usque</span> <span class='ocrx_word' id='word_1_584' title='bbox 2095 2386 2133 2417; x_wconf 90' lang='lat' dir='ltr'>ad</span> <span class='ocrx_word' id='word_1_585' title='bbox 2154 2387 2214 2417; x_wconf 86' lang='lat' dir='ltr'>hec</span> 
     </span>
     <span class='ocr_line' id='line_1_85' title="bbox 1229 2442 2216 2487; baseline -0.005 -10"><span class='ocrx_word' id='word_1_586' title='bbox 1229 2459 1243 2474; x_wconf 92' lang='lat'>«</span> <span class='ocrx_word' id='word_1_587' title='bbox 1271 2447 1419 2487; x_wconf 87' lang='lat' dir='ltr'>tempora</span> <span class='ocrx_word' id='word_1_588' title='bbox 1439 2446 1615 2485; x_wconf 83' lang='lat' dir='ltr'>tenuerint,</span> <span class='ocrx_word' id='word_1_589' title='bbox 1639 2447 1671 2477; x_wconf 90' lang='lat' dir='ltr'>et</span> <span class='ocrx_word' id='word_1_590' title='bbox 1692 2448 1726 2476; x_wconf 89' lang='lat' dir='ltr'>tu</span> <span class='ocrx_word' id='word_1_591' title='bbox 1746 2445 1843 2476; x_wconf 88' lang='lat' dir='ltr'>etiam</span> <span class='ocrx_word' id='word_1_592' title='bbox 1865 2445 1966 2485; x_wconf 83' lang='lat' dir='ltr'>ipsam</span> <span class='ocrx_word' id='word_1_593' title='bbox 1990 2442 2122 2484; x_wconf 80' lang='lat' dir='ltr'>pacifice</span> <span class='ocrx_word' id='word_1_594' title='bbox 2140 2453 2216 2483; x_wconf 88' lang='lat' dir='ltr'>pos-</span> 
     </span>
     <span class='ocr_line' id='line_1_86' title="bbox 1229 2498 2215 2544; baseline -0.004 -11"><span class='ocrx_word' id='word_1_595' title='bbox 1229 2517 1243 2532; x_wconf 82' lang='lat'>«</span> <span class='ocrx_word' id='word_1_596' title='bbox 1272 2502 1379 2534; x_wconf 87' lang='lat' dir='ltr'>sideas</span> <span class='ocrx_word' id='word_1_597' title='bbox 1394 2505 1427 2534; x_wconf 87' lang='lat' dir='ltr'>et</span> <span class='ocrx_word' id='word_1_598' title='bbox 1447 2503 1568 2543; x_wconf 73' lang='lat' dir='ltr'>quiete,</span> <span class='ocrx_word' id='word_1_599' title='bbox 1591 2513 1631 2534; x_wconf 89' lang='lat' dir='ltr'>ne</span> <span class='ocrx_word' id='word_1_600' title='bbox 1651 2512 1708 2544; x_wconf 88' lang='lat' dir='ltr'>per</span> <span class='ocrx_word' id='word_1_601' title='bbox 1728 2502 1800 2539; x_wconf 82' lang='lat' dir='ltr'>hoc,</span> <span class='ocrx_word' id='word_1_602' title='bbox 1823 2500 1905 2541; x_wconf 87' lang='lat' dir='ltr'>quod</span> <span class='ocrx_word' id='word_1_603' title='bbox 1926 2500 2030 2531; x_wconf 89' lang='lat' dir='ltr'>dictus</span> <span class='ocrx_word' id='word_1_604' title='bbox 2043 2498 2215 2540; x_wconf 80' lang='lat' dir='ltr'>predeces-</span> 
     </span>
     <span class='ocr_line' id='line_1_87' title="bbox 1229 2555 2212 2601; baseline -0.005 -11"><span class='ocrx_word' id='word_1_605' title='bbox 1229 2573 1243 2587; x_wconf 90' lang='lat'><em>«</em></span> <span class='ocrx_word' id='word_1_606' title='bbox 1272 2569 1324 2590; x_wconf 88' lang='lat' dir='ltr'>sor</span> <span class='ocrx_word' id='word_1_607' title='bbox 1360 2559 1521 2601; x_wconf 85' lang='lat' dir='ltr'>prefatam</span> <span class='ocrx_word' id='word_1_608' title='bbox 1560 2558 1718 2600; x_wconf 81' lang='lat' dir='ltr'>capellam</span> <span class='ocrx_word' id='word_1_609' title='bbox 1762 2558 1934 2589; x_wconf 86' lang='lat' dir='ltr'>ecclesiam</span> <span class='ocrx_word' id='word_1_610' title='bbox 1977 2555 2212 2598; x_wconf 83' lang='lat' dir='ltr'>parrochialem</span> 
     </span>
     <span class='ocr_line' id='line_1_88' title="bbox 1228 2611 2215 2654; baseline -0.003 -10"><span class='ocrx_word' id='word_1_611' title='bbox 1228 2630 1243 2644; x_wconf 81' lang='lat'>«</span> <span class='ocrx_word' id='word_1_612' title='bbox 1271 2616 1450 2654; x_wconf 76' lang='lat' dir='ltr'>constituit,</span> <span class='ocrx_word' id='word_1_613' title='bbox 1475 2616 1572 2646; x_wconf 88' lang='lat' dir='ltr'>ullum</span> <span class='ocrx_word' id='word_1_614' title='bbox 1589 2615 1647 2646; x_wconf 91' lang='lat' dir='ltr'>tibi</span> <span class='ocrx_word' id='word_1_615' title='bbox 1667 2615 1721 2646; x_wconf 76' lang='lat' dir='ltr'>vel</span> <span class='ocrx_word' id='word_1_616' title='bbox 1736 2614 1838 2646; x_wconf 88' lang='lat' dir='ltr'>eidem</span> <span class='ocrx_word' id='word_1_617' title='bbox 1870 2623 1982 2644; x_wconf 86' lang='lat' dir='ltr'>mense</span> <span class='ocrx_word' id='word_1_618' title='bbox 2004 2611 2215 2654; x_wconf 88' lang='lat' dir='ltr'>prejudicium</span> 
     </span>
     <span class='ocr_line' id='line_1_89' title="bbox 1229 2667 2208 2713; baseline -0.003 -12"><span class='ocrx_word' id='word_1_619' title='bbox 1229 2686 1243 2701; x_wconf 87' lang='lat'>«</span> <span class='ocrx_word' id='word_1_620' title='bbox 1271 2674 1458 2713; x_wconf 75' lang='lat' dir='ltr'>generetur,</span> <span class='ocrx_word' id='word_1_621' title='bbox 1486 2673 1519 2703; x_wconf 89' lang='lat' dir='ltr'>et</span> <span class='ocrx_word' id='word_1_622' title='bbox 1540 2674 1574 2703; x_wconf 88' lang='lat' dir='ltr'>ut</span> <span class='ocrx_word' id='word_1_623' title='bbox 1596 2673 1664 2703; x_wconf 88' lang='lat' dir='ltr'>sine</span> <span class='ocrx_word' id='word_1_624' title='bbox 1682 2671 1880 2702; x_wconf 87' lang='lat' dir='ltr'>conscientie</span> <span class='ocrx_word' id='word_1_625' title='bbox 1903 2669 2052 2710; x_wconf 85' lang='lat' dir='ltr'>scrupulo</span> <span class='ocrx_word' id='word_1_626' title='bbox 2073 2667 2208 2699; x_wconf 85' lang='lat' dir='ltr'>eandem</span> 
     </span>
     <span class='ocr_line' id='line_1_90' title="bbox 1229 2724 2212 2770; baseline -0.003 -13"><span class='ocrx_word' id='word_1_627' title='bbox 1229 2739 1379 2770; x_wconf 81' lang='lat' dir='ltr'>«posses</span> <span class='ocrx_word' id='word_1_628' title='bbox 1416 2729 1589 2761; x_wconf 84' lang='lat' dir='ltr'>ecclesiam</span> <span class='ocrx_word' id='word_1_629' title='bbox 1623 2728 1724 2759; x_wconf 89' lang='lat' dir='ltr'>libere</span> <span class='ocrx_word' id='word_1_630' title='bbox 1758 2728 1914 2764; x_wconf 77' lang='lat' dir='ltr'>retinere,</span> <span class='ocrx_word' id='word_1_631' title='bbox 1948 2725 2040 2758; x_wconf 84' lang='lat' dir='ltr'>Sedis</span> <span class='ocrx_word' id='word_1_632' title='bbox 2067 2724 2212 2766; x_wconf 84' lang='lat' dir='ltr'>ejusdem</span> 
     </span>
     <span class='ocr_line' id='line_1_91' title="bbox 1229 2782 2215 2827; baseline -0.003 -13"><span class='ocrx_word' id='word_1_633' title='bbox 1229 2799 1243 2814; x_wconf 85' lang='lat'>«</span> <span class='ocrx_word' id='word_1_634' title='bbox 1270 2785 1505 2827; x_wconf 82' lang='lat' dir='ltr'>providentiam</span> <span class='ocrx_word' id='word_1_635' title='bbox 1533 2785 1726 2826; x_wconf 77' lang='lat' dir='ltr'>implorasti,</span> <span class='ocrx_word' id='word_1_636' title='bbox 1745 2786 1777 2815; x_wconf 91' lang='lat' dir='ltr'>et</span> <span class='ocrx_word' id='word_1_637' title='bbox 1797 2783 1989 2825; x_wconf 84' lang='lat' dir='ltr'>supplicasti</span> <span class='ocrx_word' id='word_1_638' title='bbox 2011 2782 2067 2814; x_wconf 81' lang='lat' dir='ltr'>tibi</span> <span class='ocrx_word' id='word_1_639' title='bbox 2089 2782 2121 2812; x_wconf 85' lang='lat' dir='ltr'>et</span> <span class='ocrx_word' id='word_1_640' title='bbox 2140 2791 2215 2811; x_wconf 88' lang='lat' dir='ltr'>suc-</span> 
     </span>
     <span class='ocr_line' id='line_1_92' title="bbox 1229 2836 2214 2879; baseline -0.005 -8"><span class='ocrx_word' id='word_1_641' title='bbox 1229 2855 1241 2871; x_wconf 80' lang='lat'><strong>«</strong></span> <span class='ocrx_word' id='word_1_642' title='bbox 1271 2841 1456 2873; x_wconf 84' lang='lat' dir='ltr'>cessoribus</span> <span class='ocrx_word' id='word_1_643' title='bbox 1478 2842 1540 2872; x_wconf 86' lang='lat' dir='ltr'>tuis</span> <span class='ocrx_word' id='word_1_644' title='bbox 1554 2841 1691 2872; x_wconf 88' lang='lat' dir='ltr'>eandem</span> <span class='ocrx_word' id='word_1_645' title='bbox 1713 2840 1884 2872; x_wconf 81' lang='lat' dir='ltr'>ecclesiam</span> <span class='ocrx_word' id='word_1_646' title='bbox 1914 2839 1953 2870; x_wconf 86' lang='lat' dir='ltr'>ad</span> <span class='ocrx_word' id='word_1_647' title='bbox 1974 2849 2048 2869; x_wconf 90' lang='lat' dir='ltr'>usus</span> <span class='ocrx_word' id='word_1_648' title='bbox 2068 2836 2214 2879; x_wconf 86' lang='lat' dir='ltr'>predicte</span> 
     </span>
     <span class='ocr_line' id='line_1_93' title="bbox 1229 2893 2214 2935; baseline -0.004 -8"><span class='ocrx_word' id='word_1_649' title='bbox 1229 2912 1243 2927; x_wconf 84' lang='lat'>«</span> <span class='ocrx_word' id='word_1_650' title='bbox 1267 2907 1378 2929; x_wconf 83' lang='lat' dir='ltr'>mense</span> <span class='ocrx_word' id='word_1_651' title='bbox 1417 2897 1600 2929; x_wconf 84' lang='lat' dir='ltr'>confirmari</span> <span class='ocrx_word' id='word_1_652' title='bbox 1620 2897 1659 2928; x_wconf 88' lang='lat' dir='ltr'>de</span> <span class='ocrx_word' id='word_1_653' title='bbox 1689 2906 1783 2927; x_wconf 81' lang='lat' dir='ltr'>novo.</span> <span class='ocrx_word' id='word_1_654' title='bbox 1814 2896 1879 2927; x_wconf 83' lang='lat' dir='ltr'>Nos</span> <span class='ocrx_word' id='word_1_655' title='bbox 1911 2897 2019 2926; x_wconf 80' lang='lat' dir='ltr'>autem</span> <span class='ocrx_word' id='word_1_656' title='bbox 2046 2894 2085 2925; x_wconf 91' lang='lat' dir='ltr'>de</span> <span class='ocrx_word' id='word_1_657' title='bbox 2113 2893 2214 2935; x_wconf 86' lang='lat' dir='ltr'>ipsius</span> 
     </span>
     <span class='ocr_line' id='line_1_94' title="bbox 1229 2949 2215 2996; baseline -0.005 -11"><span class='ocrx_word' id='word_1_658' title='bbox 1229 2969 1243 2982; x_wconf 86' lang='lat'><em>«</em></span> <span class='ocrx_word' id='word_1_659' title='bbox 1262 2955 1379 2985; x_wconf 87' lang='lat' dir='ltr'>domini</span> <span class='ocrx_word' id='word_1_660' title='bbox 1397 2965 1477 2996; x_wconf 80' lang='lat' dir='ltr'>papo</span> <span class='ocrx_word' id='word_1_661' title='bbox 1499 2953 1662 2991; x_wconf 75' lang='lat' dir='ltr'>mandato,</span> <span class='ocrx_word' id='word_1_662' title='bbox 1686 2955 1720 2984; x_wconf 87' lang='lat' dir='ltr'>et</span> <span class='ocrx_word' id='word_1_663' title='bbox 1738 2953 1872 2984; x_wconf 84' lang='lat' dir='ltr'>licentia</span> <span class='ocrx_word' id='word_1_664' title='bbox 1897 2962 1993 2994; x_wconf 84' lang='lat' dir='ltr'>super</span> <span class='ocrx_word' id='word_1_665' title='bbox 2013 2952 2102 2982; x_wconf 86' lang='lat' dir='ltr'>hoca</span> <span class='ocrx_word' id='word_1_666' title='bbox 2122 2949 2215 2981; x_wconf 84' lang='lat' dir='ltr'>nobis</span> 
     </span>
    </p>
   </div>
  </div>
 </body>
</html>
