2477 3512
985 306 1261 348 QUATRIEME
1281 306 1444 339 ANNEE
1652 312 1654 315 ’
2187 309 2246 339 797

132 427 283 458 personas
293 417 451 456 regulares
461 417 539 447 inibi
548 416 687 446 Domino
694 415 900 449 famulantes,
911 413 1137 453 suspensionis,

133 470 475 501 excommunicationis
508 473 542 500 et
581 469 745 499 interdicti
771 467 965 498 sententiam
998 466 1139 505 promul-

132 523 290 563 gaverint,
329 524 443 561 ipsam,
489 525 659 561 tamquam
702 523 813 551 contra
838 520 1022 559 Apostolice
1048 518 1137 549 Sedis

131 577 258 605 indulta
307 576 478 614 prolatam,
532 575 731 604 decernimus
776 583 840 604 non
896 576 1014 602 tenere.
1061 571 1137 601 Paci

131 638 259 668 quoque
277 632 310 658 et
336 628 566 667 tranquillitati
599 630 705 657 vestre
732 630 792 656 etc.
826 635 945 665 usque:
981 633 1135 655 exercere.

132 682 280 711 Preterea
306 690 415 711 omnes
438 681 604 710 libertates
629 682 662 709 et
686 679 908 709 immunitates
931 688 949 708 a
974 678 1138 717 predeces-

130 735 254 764 soribus
291 733 406 763 nostris
433 733 588 762 Romanis
613 732 822 771 pontificibus
848 730 1043 761 monasterio
1068 738 1138 768 pre-

130 787 217 816 dicto
241 795 405 816 concessas
438 795 562 815 necnon
599 786 765 815 libertates
789 787 823 814 et
846 784 1066 822 exemptiones
1091 792 1137 812 se-

129 839 284 869 cularium
306 839 513 868 exactionum
534 847 552 868 a
574 838 701 877 regibus
723 840 755 866 et
776 837 974 876 principibus
995 835 1046 865 vel
1068 835 1137 864 aliis

126 891 277 921 fidelibus
295 891 530 921 rationabiliter
546 891 639 920 vobis
657 890 811 924 indultas,
831 889 1027 919 auctoritate
1045 897 1138 927 apos-

126 945 223 974 tolica
245 944 473 974 confirmamus
495 946 528 973 et
549 943 705 982 presentis
727 943 838 981 scripti
851 942 1029 981 patrocinio
1052 950 1137 971 com-

127 997 301 1027 munimus.
328 997 378 1026 Ad
404 997 559 1026 indicium
584 999 695 1025 autem
722 996 819 1034 hujus
846 1005 864 1025 a
892 995 972 1025 Sede
998 995 1137 1033 Aposto-

126 1050 186 1079 lica
217 1050 377 1080 libertatis
407 1051 557 1088 percepte
587 1049 702 1078 libram
735 1058 833 1078 unam
858 1057 927 1078 cere
950 1048 1042 1077 nobis
1065 1056 1136 1076 nos-

126 1103 248 1141 trisque
271 1103 506 1132 successoribus
528 1102 620 1131 annis
643 1102 774 1140 singulis
797 1101 997 1140 persolvetis.
1022 1101 1136 1129 Decer-

126 1148 232 1185 nimus
250 1163 323 1194 ergo
342 1157 379 1184 ut
397 1155 475 1184 nulli
494 1155 625 1184 omnino
643 1155 810 1184 hominum
846 1156 907 1184 etc.
926 1162 1044 1192 usque:
1065 1162 1135 1191 pro-

125 1208 244 1242 future,
262 1208 352 1238 salva
372 1208 461 1238 Sedis
479 1207 664 1246 Apostolice
682 1207 887 1237 auctoritate.
908 1207 939 1237 Si
957 1216 1021 1245 qua
1039 1206 1136 1244 igitur

124 1263 186 1290 etc.
201 1270 319 1300 usque:
336 1261 461 1290 ultioni.
476 1261 606 1290 Cunctis
620 1262 731 1290 autem
745 1262 806 1289 etc.
822 1269 940 1298 usque:
956 1259 1134 1288 inveniant.

124 1314 238 1343 Arnen.
278 1314 392 1343 Amen.
432 1314 509 1343 Dat.
549 1313 685 1342 Viterbii
723 1322 779 1351 per
817 1321 950 1342 manum
990 1311 1134 1350 magistri

124 1367 270 1401 Jordani,
298 1368 415 1396 Sancte
440 1366 587 1396 Romane
608 1365 748 1395 Ecclesie
776 1365 892 1395 notarii
925 1367 958 1394 et
990 1364 1135 1393 vicecan—

125 1419 253 1453 cellarii,
282 1419 313 1449 X
341 1420 403 1449 kal.
431 1419 523 1457 junii,
551 1419 727 1448 indictione
754 1418 868 1456 prima,
901 1416 1134 1446 Incarnationis

125 1472 292 1502 Dominice
304 1481 389 1501 anno
399 1471 682 1505 M.0CC0.LVIII⁰,
694 1470 906 1509 pontificatus
918 1479 994 1499 vero
1013 1470 1132 1499 domini

122 1525 298 1554 Alexandri
328 1533 410 1563 pape
444 1524 512 1553 1111
543 1533 628 1553 anno
659 1526 786 1563 quarto.
818 1535 830 1550 >³

200 1791 288 1817 2562
703 1791 840 1823 vitei-he,
853 1792 870 1818 9
881 1792 944 1818 mai
956 1791 1042 1818 1258.

162 1857 390 1891 Episcopatum
417 1857 446 1884 S.
474 1857 554 1891 Myri
581 1858 864 1891 archiepiscopatui
891 1857 1029 1884 Cretensi
1055 1865 1127 1884 con-

119 1897 234 1931 jungit.
255 1897 352 1930 (Rae.
374 1897 422 1929 25,
443 1897 464 1923 f.
487 1897 553 1929 138,
574 1904 624 1923 an.
648 1897 700 1929 IV,
721 1905 745 1924 c.
768 1897 849 1931 135.)

161 2047 205 2070 «..‚
236 2035 466 2074 archiepiscopo
489 2035 636 2066 Cretensi.
659 2036 695 2065 In
715 2036 869 2065 eminenti
890 2037 1066 2074 apostolice
1075 2054 1126 2065 —.

119 2088 198 2117 Cum
239 2088 346 2127 igitur,
374 2089 457 2118 sicut
485 2089 576 2118 nobis
603 2098 762 2127 exponere
789 2089 954 2123 curavisti,
983 2090 1127 2119 redditus

118 2141 412 2180 archiepiscopatus
438 2142 486 2171 tui
512 2142 577 2171 sint
602 2142 683 2171 adeo
708 2144 821 2171 tenues
848 2144 880 2171 et
906 2142 1012 2176 exiles,
1041 2142 1126 2181 quod

117 2193 251 2233 triginta
278 2203 459 2224 marcarum
488 2195 719 2234 Sterlingorum
744 2195 921 2224 valentiam
945 2195 1038 2224 annis
1065 2196 1127 2225 sin-

116 2247 198 2285 gulis
220 2247 276 2276 vix
298 2248 469 2281 excedunt,
493 2250 595 2286 tuque
617 2257 654 2277 ac
677 2248 913 2286 predecessores
937 2248 984 2277 tui
1008 2249 1128 2287 episco—

116 2302 231 2338 patum
266 2300 375 2329 Sancti
408 2301 502 2338 Myri,
537 2300 698 2330 confinem
731 2301 792 2339 ipsi
825 2301 1125 2339 archiepiscopatui,

116 2352 284 2382 tenueritis
303 2362 320 2382 a
341 2355 485 2391 tempore
505 2363 568 2392 quo
588 2354 746 2383 Cretensis
765 2354 868 2383 insula
888 2354 999 2383 extitit
1018 2354 1127 2393 acqui-

116 2405 188 2440 sita,
212 2406 341 2444 sintque
370 2406 511 2444 ipsorum
536 2407 831 2445 archiepiscopatus
860 2409 892 2436 et
921 2407 1126 2445 episcopatus

115 2461 248 2497 propter
281 2458 505 2488 confinitatem
541 2459 726 2497 huJ'usmodi
760 2460 889 2489 termini
922 2460 967 2489 sic
1001 2460 1125 2489 confusi

116 2512 202 2550 quod
225 2511 359 2540 discerni
382 2515 544 2550 nequeant
566 2521 622 2550 per
642 2514 741 2542 testes
762 2513 812 2541 vel
835 2513 896 2542 alia
919 2513 1123 2547 documenta,

115 2573 182 2598 nos,
203 2564 355 2602 premissa
375 2567 408 2593 et
425 2565 619 2594 tenuitatem
639 2567 768 2594 tuorum
787 2566 983 2599 reddituum,
999 2566 1037 2595 de
1056 2566 1125 2604 qui-

115 2617 174 2646 bus
191 2617 324 2646 comode
340 2617 538 2647 substentari
556 2626 618 2646 non
635 2620 738 2655 potes,
755 2619 889 2648 sollicite
906 2619 1123 2653 attendentes,

115 2669 237 2699 dictum
255 2670 477 2708 episcopatum
495 2670 555 2699 tibi
573 2673 606 2699 et
622 2680 679 2708 per
696 2673 739 2704 te,
757 2671 817 2709 ipsi
835 2672 1124 2710 archiepiscopatui

115 2722 153 2752 de
180 2723 310 2752 consilio
338 2722 474 2752 fratrum
503 2726 685 2752 nostrorum
719 2725 933 2758 concedimus,
961 2725 1046 2763 ipsos
1082 2725 1122 2754 ad

114 2775 252 2804 invicem
289 2775 428 2805 uniendo
465 2776 660 2805 auctoritate
690 2777 898 2814 presentium,
929 2780 1121 2811 statuentes,

114 2829 151 2856 ut
175 2827 259 2857 idem
285 2828 489 2867 episcopatus
515 2829 554 2858 de
580 2831 685 2858 cetero
710 2830 770 2858 sub
796 2830 1025 2869 archiepiscopi
1052 2830 1122 2859 Cre-

113 2879 212 2909 tensis
243 2889 318 2910 cura
349 2883 382 2910 et
412 2882 563 2920 regimine
595 2881 782 2916 consistens,
815 2892 870 2921 per
900 2892 972 2912 eum
1005 2884 1122 2913 debeat

113 2933 295 2971 gubernari.
325 2933 412 2963 Nulli
441 2937 549 2964 nostre
578 2934 790 2964 concessionis
819 2937 851 2965 et
880 2936 1121 2965 constitutionis

111 2988 174 3015 etc.
204 2985 280 3015 Dat.
313 2985 458 3021 Viterbii,
495 2987 559 3017 VII
600 2987 671 3016 idus
712 2987 797 3022 maii,
838 2997 922 3018 anno
959 2992 1122 3028 quarto.»

1323 415 1410 442 2563
1727 417 1864 448 Viterbe,
1877 416 1911 442 11
1925 416 2094 442 novembre
2106 416 2192 443 1257.

1284 468 1476 502 Praeposito,
1510 470 1626 496 decano
1659 471 1689 496 et
1721 469 1860 503 capitulo
1891 469 2141 502 Augustensibus
2173 470 2247 496 reci-

1240 508 1348 541 piendi
1363 509 1548 542 magistrum
1564 509 1746 540 Henricum,
1765 509 1951 535 canonicum
1970 507 2169 535 Estatensem
2180 506 2237 544 (‘?)‚

1242 547 1274 573 in
1291 555 1398 574 eorum
1426 549 1553 574 ecclesia
1570 549 1601 574 in
1618 549 1803 575 canonicum
1819 550 1851 575 et
1886 548 1917 574 in
1944 548 2084 579 fratrem,
2101 548 2191 582 eique
2208 549 2245 574 de

1242 588 1421 620 praebenda
1441 588 1547 621 aliqua
1566 588 1752 621 providendi
1771 588 1955 614 facultatem
1976 588 2128 614 concedit.
2149 588 2245 621 (REG.

1243 626 1292 658 25,
1313 627 1334 653 f.
1359 627 1426 659 138,
1448 635 1496 653 an.
1523 627 1573 659 IV,
1597 635 1621 653 c.
1646 627 1725 661 136.)

1283 728 1339 750 «..‚
1386 717 1573 755 preposita„
1608 717 1721 745 decano
1756 719 1781 745 el
1815 717 1949 755 capitulo
1984 716 2246 754 Auyustensibus.

1242 768 1432 799 Devotionis
1455 772 1561 799 vestre
1585 769 1731 807 precibus
1754 787 1804 796 —-.
1829 769 1905 798 Dat.
1930 769 2075 803 Viterbii,
2104 770 2152 798 III
2175 770 2248 799 idus

1242 822 1436 856 novembris,
1468 831 1552 851 anno
1583 822 1689 851 tertio.
1724 833 1735 847 n

1322 1014 1410 1039 2564
1803 1014 1940 1045 Viterbe,
1953 1013 1969 1039 4
1981 1014 2044 1040 mai
2078 1013 2161 1040 1258.

1282 1066 1438 1100 Episcopo
1463 1066 1627 1093 palentino
1651 1067 1783 1092 mandat
1807 1068 1842 1092 ut
1865 1067 1905 1092 ad
1929 1066 2138 1100 provisionem
2163 1066 2247 1092 Petri

1241 1105 1374 1137 Guterii,
1414 1106 1556 1132 canonici
1597 1106 1772 1137 Ovetensis,
1813 1106 1862 1132 cui
1891 1106 2181 1132 archidiaconatum
2210 1106 2247 1132 de

1241 1145 1383 1179 Malyaco
1422 1146 1582 1172 dimittere
1619 1147 1811 1179 oportuerat,
1851 1146 2022 1172 secundum
2059 1146 2181 1172 litteras
2221 1145 2244 1171 I.

1241 1192 1341 1219 papae
1366 1186 1525 1219 procedat.
1551 1185 1648 1219 (fu-ze..
1675 1185 1723 1216 25,
1749 1185 1769 1211 s.
1798 1185 1854 1211 138
1879 1189 1926 1217 νῦ,
1953 1192 2001 1211 an.
2032 1185 2084 1216 IV,
2111 1193 2135 1211 c.
2163 1185 2244 1217 137.)

1281 1286 1336 1309 «..‚
1365 1275 1507 1313 episcopo
1534 1275 1710 1304 Palentino.
1740 1275 1802 1305 Sua
1831 1275 1922 1304 nobis
1949 1275 2063 1304 Petrus
2090 1292 2140 1302 ῃ.
2169 1275 2245 1304 Dat.

1239 1327 1385 1362 Viterbii,
1414 1328 1480 1357 IIII
1528 1337 1628 1357 nonas
1652 1327 1738 1361 maii,
1764 1337 1848 1357 anno
1873 1330 1999 1366 quarto.
2026 1339 2037 1354 »

1319 1507 1406 1533 2565
1802 1508 1940 1540 Viterbe,
1952 1508 1969 1534 6
1980 1508 2043 1534 mai
2076 1508 2162 1534 1258.

1279 1561 1388 1586 Heliae
1418 1561 1454 1587 de
1483 1561 1649 1594 Cogotiaco
1686 1561 1826 1594 indulget
1854 1563 1900 1592 ut,
1924 1563 2048 1594 praeter
2074 1560 2244 1587 ecclesiam.

1238 1601 1276 1626 de
1304 1600 1395 1633 Syey,
1424 1600 1656 1627 Xanctonensis
1684 1601 1826 1633 diocesis,
1854 1608 1950 1634 quam
1977 1600 2110 1632 obtinet,
2139 1607 2246 1626 curam

1236 1640 1413 1666 animarum
1434 1640 1613 1671 habentem,
1635 1641 1762 1667 unicum
1783 1641 1869 1667 aliud
1889 1640 2133 1666 ecclesiasticum
2154 1640 2246 1666 bene-

1234 1679 1353 1711 ficium,
1381 1680 1447 1706 sive
1475 1680 1611 1713 dignitas
1638 1680 1687 1706 vel
1714 1682 1899 1714 personatus
1926 1680 2053 1711 existat,
2081 1679 2177 1706 etiam
2207 1679 2248 1705 si-

1234 1719 1341 1746 milem
1358 1727 1465 1746 curam
1481 1720 1610 1752 habens,
1626 1720 1762 1753 recipere
1778 1720 1886 1753 possit.
1904 1720 2001 1752 (REG.
2019 1720 2066 1751 25,
2084 1719 2104 1745 f.
2124 1719 2180 1746 138
2197 1723 2245 1751 νο,

1233 1766 1282 1786 an.
1310 1759 1361 1791 IV,
1385 1767 1409 1786 c.
1436 1759 1515 1793 138.)

1274 1860 1285 1875 «
1308 1849 1398 1878 Helie
1421 1849 1456 1878 de
1481 1849 1653 1887 Coqotiaco,
1678 1849 1783 1879 rectori
1807 1849 1927 1879 ecclesie
1943 1849 1979 1878 de
1997 1849 2086 1887 Syey,
2108 1849 2247 1878 Xancto-

1231 1901 1338 1931 nensis
1361 1902 1501 1931 diocesis.
1526 1902 1606 1931 Cum
1630 1903 1669 1931 de
1692 1902 1874 1932 litterarum
1908 1920 1958 1931 —.
1995 1902 2072 1931 Dat.
2097 1901 2245 1935 Viterbii,

1235 1954 1266 1984 II
1297 1964 1397 1984 nonas
1426 1955 1514 1989 maii,
1543 1964 1628 1985 anno
1659 1957 1785 1994 quarto,
1817 1967 1828 1982 n

1312 2166 1401 2191 2566
1775 2167 1913 2198 Viterhe‚
1928 2167 1966 2194 30
1980 2168 2060 2194 avril
2075 2168 2161 2195 1258.

1276 2219 1432 2253 Episcopo
1480 2219 1697 2247 Saresbiriensi
1742 2220 2033 2247 archidiaconatum
2078 2221 2243 2247 Dorseciae

1232 2259 1264 2285 in
1284 2259 1412 2285 ecclesia
1434 2259 1661 2293 Saresbyriensi
1682 2259 1832 2293 magistro
1854 2260 1971 2286 Simoni
1993 2261 2030 2286 de
2049 2261 2242 2295 Bridiportu,

1231 2298 1392 2330 canonico,
1414 2299 1554 2332 alioquin
1575 2299 1762 2333 cuicumque
1783 2299 1836 2326 alii
1857 2300 2036 2326 conferendi
2056 2300 2241 2327 facultatem

1233 2339 1388 2365 concedit.
1412 2339 1509 2372 (Bm.
1533 2339 1580 2369 25,
1604 2339 1624 2364 f.
1651 2339 1706 2365 138
1729 2343 1775 2370 νο,
1799 2347 1847 2366 an.
1875 2339 1926 2370 IV,
1949 2347 1974 2366 c.
1999 2340 2080 2373 139.)

1274 2440 1284 2455 ‹<
1300 2451 1329 2461 ..‚
1353 2429 1495 2467 episcopo
1519 2429 1761 2467 Saresbyriensi.
1786 2430 1995 2459 Frater-nitati
2018 2433 2073 2460 tue
2095 2431 2239 2461 volentes

1230 2481 1367 2519 gratiam
1390 2481 1492 2511 facere
1514 2482 1694 2520 specialem,
1717 2482 1776 2511 tibi
1798 2483 1926 2521 tuisque
1947 2484 2181 2513 successoribus
2203 2488 2239 2514 ut

1229 2534 1527 2564 archidiaconatum
1554 2535 1701 2565 Dorsecie
1726 2536 1757 2564 in
1783 2536 1913 2565 eeclesia
1939 2536 2170 2570 Saresbiriensi,
2197 2538 2237 2567 ad

1230 2589 1332 2621 tuam,
1349 2590 1385 2616 ut
1400 2588 1526 2621 dicitur,
1543 2588 1747 2617 collationem
1762 2591 1974 2626 spectantem,
1990 2598 2086 2627 quem
2102 2590 2237 2619 dilectus

1229 2640 1314 2669 filius
1334 2641 1486 2679 magister
1506 2641 1678 2675 Jordanus,
1696 2642 1811 2670 Sancte
1828 2642 1973 2671 Romane
1995 2642 2133 2671 Ecclesie
2154 2643 2237 2672 vice-

1229 2693 1435 2722 cancellarius
1464 2696 1497 2723 et
1528 2694 1680 2727 notarim,
1711 2694 1906 2723 auctoritate
1936 2695 2117 2733 Apostolice
2148 2696 2236 2725 Sedis

1229 2746 1365 2780 obtinet,
1399 2749 1571 2785 postquam
1590 2747 1673 2775 idem
1691 2747 1844 2785 magister
1859 2747 2021 2776 Jordanus
2038 2748 2233 2786 prebendam

1228 2798 1260 2828 in
1298 2800 1409 2828 eadem
1440 2799 1674 2837 Saresbyriensi
1705 2800 1835 2829 ecelesia
1865 2799 1961 2829 fuerit
1990 2802 2164 2834 assecutus,
2196 2801 2234 2831 de

1228 2851 1320 2889 cujus
1338 2853 1548 2890 proventibus
1566 2852 1741 2881 secundum
1761 2861 1963 2881 communem
1989 2853 2233 2883 extimationem

1227 2904 1331 2942 patrie
1362 2905 1552 2943 perveniant
1581 2905 1622 2934 ad
1652 2905 1790 2934 eundem
1821 2905 2009 2943 magistrum
2040 2906 2231 2941 Jordanum,

1227 2960 1356 2986 centum
1377 2960 1410 2987 et
1430 2957 1665 2996 quinquaginta
1701 2967 1824 2987 marcos
1845 2958 2001 2988 bonorum
2022 2968 2179 2988 novorum
2199 2962 2232 2988 et

1226 3010 1374 3049 legalium
1414 3010 1642 3049 Sterlingorum
1682 3013 1740 3040 aut
1777 3011 1916 3049 amplius
1953 3012 2133 3046 annuatim,
2186 3012 2231 3042 ita
