2477 3512
860 271 1116 305 REGISTRES
1134 272 1469 305 D’ALEXANDRE
1485 274 1533 306 IV
2164 281 2223 311 801

106 378 186 408 terio
206 380 313 407 vestro
334 377 430 406 libere
451 386 488 406 ac
509 377 708 406 concorditer
728 377 955 410 submiserunt,
977 386 1008 406 se
1025 377 1112 414 jura-

106 431 206 460 menti
232 430 360 459 vinculo
387 430 577 468 astrigentes
604 430 690 468 quod
718 430 778 459 hoc
803 429 966 468 perpetuis
992 429 1111 459 futuris

105 483 303 521 temporibus
333 483 551 517 observarent,
582 484 679 521 prout
707 482 738 511 in
769 482 957 520 patentibus
994 482 1112 511 litteris

103 535 177 565 inde
208 535 361 565 confectis
392 535 515 574 plenius
546 535 739 564 continetur.
772 535 838 564 Nos
867 534 966 573 igitur
994 535 1112 564 vestris

103 588 392 626 supplicationibus
403 588 559 621 inclinati,
568 587 654 626 quod
663 597 759 626 super
765 588 824 617 hoc
830 588 871 616 ab
878 588 997 616 eisdem
1006 587 1112 626 priore

102 643 136 670 et
158 640 311 670 fratribus
335 641 468 679 provide
490 640 614 670 factum
637 642 686 669 est
708 643 817 669 ratum
840 642 872 669 et
895 642 1024 678 gratum
1057 640 1113 669 ha—

102 693 225 728 bentes,
249 694 281 722 id
305 693 499 723 auctoritate
526 693 701 731 apostolica
729 692 957 722 confirmamus
984 695 1017 722 et
1043 702 1112 731 pre-

102 746 201 775 sentis
224 746 334 784 scripti
350 746 529 784 patrocinio
554 745 799 775 communimus.
824 746 1113 775 Tenoremlittera-

101 808 172 828 rum
198 799 340 837 ipsarum
367 799 406 827 de
432 799 530 828 verbo
557 799 597 828 ad
624 799 760 827 verbum
786 798 989 836 presentibus
1015 798 1111 827 inseri

98 850 251 881 facientes
281 851 337 890 qui
364 851 439 881 talis
467 852 556 880 estl:

783 964 820 989 17
848 961 927 990 avril
952 963 1028 990 1257

139 1026 150 1041 ι
175 1015 211 1044 In
236 1014 364 1044 nomine
391 1013 521 1043 Domini
545 1023 650 1043 amen.
676 1014 746 1043 Hoc
763 1016 812 1043 est
829 1016 1016 1052 exemptum
1029 1024 1109 1053 qua-

99 1079 111 1094 «
132 1068 269 1097 rundam
295 1067 477 1096 litterarum
503 1067 616 1105 prioris
643 1069 676 1096 et
700 1066 838 1096 fratrum
866 1068 982 1097 Sancte
1008 1068 1107 1097 Marie

97 1131 109 1147 ι
132 1120 170 1150 de
203 1120 324 1153 Ustica,
359 1119 587 1149 Panormitane
621 1119 764 1149 diocesis.

594 1245 718 1278 Ustica,
748 1246 765 1272 9
792 1246 916 1279 Janvier
945 1246 1020 1272 1257

137 1308 149 1322 «
174 1296 209 1325 In
231 1296 359 1325 nomine
381 1295 512 1325 Domini
532 1296 647 1325 Amen.
669 1296 764 1325 Anno
784 1296 1014 1326 incarnationis
1035 1297 1104 1334 ejus

95 1360 107 1375 ι
127 1349 364 1382 MoccoLVHo,
395 1358 480 1377 nono
502 1348 552 1378 die
572 1348 722 1386 januarii,
745 1349 806 1377 XV
826 1349 1012 1383 indictione,
1046 1358 1103 1379 nos

95 1414 106 1429 ι
128 1402 228 1431 frater
247 1401 438 1431 Thomasius
458 1401 562 1439 prior;
584 1401 764 1435 Mauritius,
786 1401 900 1430 Petrus
925 1402 1102 1437 Ranaldus,

94 1466 106 1481 «
129 1455 291 1484 Robertus
318 1457 351 1483 et
377 1454 533 1488 Ventura,
561 1454 730 1489 monachi;
758 1454 925 1483 Johannes
970 1454 1102 1489 Carusii,

93 1519 105 1534 ι
127 1507 292 1537 Johannes
329 1507 367 1536 de
403 1507 590 1545 Lavangno,
626 1507 796 1541 Martinus,
832 1507 994 1542 Albertus,
1028 1508 1103 1537 Bal—

92 1572 103 1586 «
127 1560 254 1594 duinus,
296 1560 457 1594 NicolaUS,
498 1559 712 1594 Lombardus‚
753 1560 918 1589 ,Iohannes
971 1560 1100 1595 Grecus,

91 1625 102 1639 ι
126 1613 245 1651 Symon
279 1613 438 1651 Paganus‚
480 1613 632 1647 Jacobus,
685 1613 836 1642 Nicolaus
877 1613 1099 1648 Messanensis,

91 1677 103 1693 «
127 1666 278 1705 Oggerus,
302 1666 452 1695 Matheus
477 1668 509 1695 et
531 1666 668 1700 Blasius,
693 1666 837 1695 conversi
862 1666 978 1696 Sancte
1001 1667 1100 1696 Marie

91 1731 102 1745 ι
126 1720 163 1748 de
207 1719 310 1748 insula
348 1719 468 1753 Ustice,
514 1719 743 1748 Panormitane
780 1719 922 1753 diocesis,
960 1720 1100 1758 presenti

90 1784 101 1798 ι
123 1772 243 1810 scripto
261 1771 403 1801 fatemur
421 1774 453 1801 et
472 1774 587 1801 notum
605 1771 675 1801 fieri
695 1772 843 1801 omnibus
861 1772 1011 1802 volumus
1030 1775 1098 1802 tam

90 1836 101 1852 ι
122 1825 325 1864 presentibus
357 1833 455 1863 quam
488 1824 605 1853 futuris
630 1825 727 1863 quod,
749 1825 955 1854 attendentes
972 1834 1099 1855 monas-

89 1889 101 1905 «
122 1878 239 1907 terium
260 1880 407 1907 nostrum
426 1878 458 1906 in
479 1877 699 1916 spiritualibus
720 1880 752 1907 et
772 1878 1003 1916 temporalibus
1031 1888 1098 1908 esse

88 1943 100 1957 ι
123 1931 300 1969 collapsum
330 1933 364 1960 et
394 1930 581 1960 deteriorari
612 1930 739 1964 cotidie,
771 1931 936 1969 cupientes
966 1934 1000 1960 et
1028 1941 1098 1970 spe-

88 1995 100 2011 «
121 1986 230 2013 rantes
249 1983 327 2012 illud
348 1993 404 2021 per
423 1983 663 2013 Cisterciensem
683 1984 837 2017 ordinem,
859 1984 927 2014 Deo
947 1985 1096 2022 propitio,

87 2037 153 2066 «in
188 2036 301 2066 melius
336 2036 513 2070 reformari,
550 2036 660 2066 divina
695 2037 905 2075 inspiratione
940 2038 1097 2076 preventi,

87 2101 99 2116 α
122 2092 154 2119 et
179 2089 298 2119 habitis
323 2098 419 2128 super
443 2090 503 2118 hoc
529 2090 567 2118 de
593 2089 756 2119 communi
781 2092 959 2128 spontanea
984 2091 1097 2120 volun-

87 2153 99 2169 ι
120 2145 189 2172 tate
213 2143 358 2172 omnium
382 2144 529 2172 nostrum
554 2144 699 2172 tractatu
723 2145 756 2172 et
779 2143 1008 2173 deliberatione
1032 2144 1096 2182 ple-

87 2206 98 2222 ι
121 2196 220 2230 naria,
246 2195 333 2225 nulla
358 2195 401 2229 vi,
428 2195 502 2224 dolo
526 2196 576 2224 vel
602 2198 690 2225 metu
715 2196 1015 2230 intervenientibus,
1042 2197 1096 2226 do-

86 2260 97 2274 «
120 2257 245 2282 namus,
267 2248 443 2277 subicimus
465 2251 498 2277 et
520 2248 648 2277 unimus
671 2258 727 2277 nos
749 2251 782 2278 et
803 2251 947 2287 posteros
969 2252 1094 2279 nostros

85 2313 97 2328 οι
119 2310 155 2330 36
186 2301 310 2331 dictum
340 2301 572 2330 monasterium
603 2304 749 2331 nostrum
782 2302 897 2331 Sancte
927 2302 1025 2331 Marie
1056 2303 1094 2332 de

85 2366 97 2380 α
120 2354 231 2384 Ustica
262 2363 334 2383 cum
364 2354 494 2383 ecclesia
524 2357 633 2384 nostra
665 2355 781 2384 Sancte
810 2355 908 2384 Marie
939 2356 976 2384 de
1007 2355 1092 2394 Capo

85 2418 97 2434 ι
119 2407 244 2441 Grosso,
275 2409 308 2436 et
345 2407 492 2436 omnibus
522 2408 590 2436 aliis
619 2407 695 2437 locis
724 2408 918 2437 monasterio
948 2408 1091 2446 predicto

84 2471 95 2486 α
118 2460 282 2498 subjectis,
312 2463 344 2489 et
373 2469 445 2489 cum
475 2460 623 2490 omnihus
651 2461 786 2498 juribus,
817 2461 1029 2499 dignitatibus
1058 2464 1090 2491 et

83 2525 95 2540 ι
118 2513 315 2552 quibuslibet
337 2513 431 2542 rebus
443 2513 483 2542 ad
496 2513 581 2542 idem
594 2514 824 2543 monasterium
837 2514 981 2552 quolibet
994 2515 1089 2544 modo

83 2577 94 2592 ι
116 2566 349 2604 spectantibus,
372 2566 545 2595 venerabili
568 2567 762 2596 monasterio
785 2567 967 2601 Casemarii‚
990 2567 1089 2597 Veru-

83 2630 94 2645 κ
116 2619 187 2648 13116
222 2619 364 2652 (11066515,
400 2621 433 2647 et
467 2619 505 2648 de
539 2619 690 2657 predictis
725 2620 908 2654 donatione,
944 2621 1089 2658 supposi-

83 2683 95 2698 «
116 2672 241 2706 sitione,
272 2672 470 2710 subjectione
500 2674 532 2701 et
562 2672 678 2701 unione
707 2682 762 2711 per
818 2682 941 2711 pannos
971 2673 1087 2712 quibus

83 2735 94 2749 ι(
112 2724 212 2754 altare
252 2727 399 2754 nostrum
446 2719 690 2762 cooperiebatur
743 2726 938 2764 corporalem
984 2726 1086 2755 inves-

83 2788 93 2802 ·
116 2777 264 2811 tituram,
310 2777 518 2807 traditionem
573 2780 605 2806 et
657 2778 906 2815 assignationem
952 2779 1086 2808 facimus

81 2840 93 2855 ι
116 2830 256 2868 dompno
309 2831 414 2865 Petro,
480 2831 637 2860 monacho
694 2831 836 2868 ejusdcm
901 2832 1085 2861 monasterii

117 2921 140 2943 1.
161 2920 201 2943 On
216 2920 249 2943 lit
263 2926 297 2944 cn
313 2925 403 2949 mai-ge
419 2922 455 2946 du
470 2923 582 2949 registro
599 2930 608 2942 α
621 2921 722 2951 require
738 2921 809 2951 insta
824 2922 890 2945 hanc
905 2923 1012 2945 eandem
1027 2929 1085 2945 cum

80 2955 198 2978 clausula
216 2962 222 2978 :
239 2956 399 2985 supplentes,
418 2957 446 2979 1η
462 2957 578 2986 capilulo
594 2956 764 2982 chxull.
790 2967 799 2978 n
830 2957 871 2980 En
888 2958 965 2986 essct,
982 2964 1044 2982 sous
1062 2959 1084 2981 1(-

79 2995 138 3018 cap.
146 2990 306 3020 indique,0n
317 2992 414 3015 trouve
422 2992 445 3015 le
455 2992 541 3016 meme
551 2994 611 3016 acte
624 2993 721 3016 avecta
728 2992 951 3022 clauseindiquec
959 2994 1085 3022 (1102667)

1221 389 1232 404 (ι
1255 378 1437 414 Casemarii‚
1466 381 1594 411 nomine
1622 384 1655 411 et
1682 391 1739 421 pro
1768 385 1858 421 parte
1893 385 2078 413 monasterii
2118 395 2228 424 supra-

1220 442 1232 457 «
1255 432 1342 460 dicti.
1379 433 1429 461 Ad
1476 433 1533 463 hec
1576 437 1686 464 autem
1725 435 1863 465 firmiter
1905 437 2105 466 observanda
2142 439 2229 476 jura-

1219 495 1231 511 «
1253 493 1324 513 mus
1380 494 1490 515 omnes
1518 489 1551 516 et
1579 487 1695 526 singuli
1732 497 1839 518 coram
1876 489 1977 518 altare
2013 492 2046 519 et
2084 490 2225 529 reliquiis

1219 548 1231 563 «
1254 538 1445 567 Sanctorum
1465 548 1526 577 que
1555 543 1647 569 erant
1674 541 1729 575 ibi,
1759 543 1792 570 et
1821 542 1935 571 damus
1964 543 2109 572 osculum
2139 544 2228 581 pacis

1218 601 1230 616 «
1251 591 1409 620 monacho
1423 593 1609 630 supradicto
1625 594 1752 623 nomine
1765 595 1941 631 Juramenti
1967 596 2053 634 quod
2084 597 2226 634 regulam

1217 653 1229 668 (ι
1252 642 1467 673 Cisterciensis
1493 645 1612 674 ordinis
1629 648 1661 675 et
1684 647 1845 684 predictas
1870 648 2087 683 donationem,
2110 658 2228 687 suppo-

1217 705 1230 721 «
1251 696 1410 730 sitionem,
1443 697 1604 732 unionem,
1630 699 1874 736 subjectionem,
1899 700 2135 735 investituram,
2161 704 2227 731 tra-

1217 758 1229 773 «
1252 748 1407 778 ditionem
1438 752 1471 779 et
1501 751 1751 789 assignationem
1782 753 1982 782 servabimus
2013 756 2045 783 et
2075 754 2107 783 in
2139 755 2225 784 nullo

1217 812 1229 826 «
1251 804 1363 831 contra
1383 811 1418 831 ea
1439 803 1489 831 vel
1509 812 1619 832 eorum
1639 804 1769 842 aliquod
1789 805 1897 843 aliquo
1916 806 1985 843 jure
2005 816 2059 836 seu
2080 810 2224 846 tempore

1217 864 1228 879 «
1250 854 1425 889 veniemus,
1446 855 1527 893 jure,
1549 856 1663 894 siquod
1684 857 1716 885 in
1737 858 1932 887 monasterio
1954 861 2063 889 nostro
2083 861 2134 889 vel
2155 861 2224 890 aliis

1216 917 1228 932 «
1249 907 1326 936 locis
1349 908 1390 936 ad
1415 917 1488 937 eum
1512 909 1748 947 pertinentibus
1773 910 1903 948 prelatis
1929 912 2094 950 competit,
2127 922 2225 942 reser-

1215 970 1227 985 «
1249 963 1338 989 vato.

1256 1013 1426 1052 «Insuper
1466 1015 1564 1043 etiam
1604 1024 1714 1044 omnes
1752 1016 1947 1045 unanimiter
1976 1017 2161 1047 ordinamus
2191 1021 2224 1048 et

1214 1076 1226 1092 «
1248 1066 1476 1096 constituimus
1520 1070 1743 1105 procuratores
1789 1071 1915 1098 nostros
1960 1072 1992 1098 et
2036 1072 2222 1100 monasterii

1213 1129 1225 1145 «
1247 1119 1348 1148 nostri
1357 1119 1535 1149 carissimos
1549 1120 1664 1149 fratres
1675 1123 1801 1150 nostros
1814 1122 2004 1157 Venturam,
2016 1124 2221 1159 monachum,

1213 1174 1279 1201 «et
1312 1172 1490 1210 Paganum,
1525 1182 1726 1207 conversum,
1761 1175 1803 1203 ad
1837 1175 1979 1204 eundum
2013 1177 2223 1214 personaliter

1211 1235 1224 1251 «
1245 1225 1287 1253 ad
1305 1225 1487 1263 predictum
1505 1227 1737 1256 monasterium
1756 1227 1939 1262 Casemarii,
1958 1231 1995 1257 ut
2013 1229 2052 1258 de
2070 1230 2222 1267 predictis

1211 1289 1223 1304 «
1246 1278 1430 1312 donatione,
1459 1280 1691 1317 suppositione,
1721 1281 1921 1318 subjectione
1949 1284 1981 1310 et
2009 1282 2126 1312 unione
2154 1292 2221 1313 mo-

1210 1341 1222 1357 «
1244 1331 1375 1360 nasterii
1400 1332 1500 1361 nostri
1524 1332 1660 1371 predicti
1685 1335 1717 1362 et
1742 1334 1886 1363 omnium
1918 1343 2024 1364 rerum
2049 1336 2090 1364 ad
2115 1336 2221 1374 ipsum

1210 1394 1221 1409 t<
1243 1384 1460 1422 spectantium
1485 1394 1543 1423 pro
1569 1388 1660 1423 parte
1686 1386 1829 1415 omnium
1854 1390 2011 1421 nostrum,
2045 1390 2220 1419 reverendo

1210 1447 1221 1462 «
1243 1437 1328 1474 patri
1371 1440 1404 1466 et
1457 1438 1621 1472 domino..‚
1669 1439 1844 1468 venerabili
1880 1440 1993 1469 abbati
2036 1441 2219 1476 Casemarii,

1209 1489 1480 1524 «investituram,
1505 1491 1714 1520 traditionem
1751 1494 1783 1521 et
1819 1493 2070 1531 assignationem
2107 1497 2218 1524 nostro

1209 1553 1221 1568 «
1243 1543 1371 1572 nornine
1411 1545 1443 1572 et
1464 1553 1521 1582 pro
1543 1547 1634 1582 parte
1656 1547 1776 1578 nostra,
1798 1545 1915 1574 iterum
1937 1545 2069 1580 faciant,
2092 1550 2129 1576 ut
2149 1557 2219 1586 pre-

1208 1606 1220 1621 «
1242 1596 1428 1625 nominatus
1449 1596 1597 1626 dominus
1617 1597 1718 1627 abbas
1738 1600 1770 1626 et
1790 1607 1986 1628 successores
2006 1599 2075 1637 ejus
2096 1600 2128 1629 in
2148 1610 2218 1639 per-

1208 1659 1219 1674 «
1241 1650 1377 1686 petuum
1401 1649 1575 1687 disponant
1597 1652 1630 1679 et
1653 1650 1803 1680 ordinent
1826 1652 1865 1680 de
1887 1653 2084 1681 monasterio
2108 1656 2218 1683 nostro

1207 1712 1219 1727 «
1241 1701 1367 1739 prefato
1394 1702 1509 1732 Sancte
1534 1703 1633 1732 Marie
1660 1704 1698 1732 de
1732 1704 1835 1733 insula
1861 1704 1982 1739 Ustice,
2009 1708 2041 1734 et
2066 1706 2218 1736 omnibus

1206 1765 1218 1780 «
1239 1754 1316 1783 locis
1334 1757 1367 1783 et
1384 1755 1478 1784 rebus
1496 1756 1537 1785 ad
1555 1756 1633 1785 illud
1652 1757 1886 1794 spectantibus,
1905 1757 1988 1786 sicut
2005 1757 2045 1787 fit
2063 1759 2159 1788 modo
2178 1760 2217 1788 de

1205 1818 1217 1833 «
1238 1807 1433 1837 monasterio
1445 1808 1553 1838 Sancti
1561 1809 1766 1838 Dominicide
1774 1810 1861 1839 Sora.
1870 1810 1993 1840 Damus
2003 1813 2113 1841 autem
2123 1812 2217 1842 dictis

1205 1871 1216 1886 «
1238 1861 1498 1898 procuratoribus
1509 1862 1737 1891 auctoritatem
1745 1864 1778 1892 et
1785 1863 1920 1901 speciale
1928 1864 2120 1894 mandatum
2129 1868 2175 1899 ut,
2189 1866 2215 1894 si

1205 1924 1216 1939 «
1239 1913 1278 1942 de
1292 1913 1493 1952 beneplacito
1505 1917 1538 1943 et
1548 1915 1704 1944 mandato
1715 1916 1929 1953 prenominati
1944 1917 2064 1946 domini
2085 1918 2214 1948 abbatis

1205 1977 1216 1992 α
1239 1966 1410 1996 Casemarii
1436 1967 1543 2001 fuerit,
1571 1968 1665 1997 simul
1691 1969 1742 1998 vel
1769 1969 1942 2007 sigillatim,
1971 1972 2008 1999 ut
2034 1971 2146 2000 melius
2181 1974 2214 2000 et

1204 2030 1216 2045 «
1238 2020 1428 2057 oportunius
1454 2023 1619 2058 poterunt,
1646 2024 1745 2059 agant
1771 2022 1803 2051 in
1830 2026 2034 2053 sacrosancta
2063 2024 2212 2054 Romana

1203 2072 1324 2101 «curia
1356 2072 1509 2111 quicquid
1540 2073 1608 2102 veri
1639 2076 1672 2103 et
1702 2074 1835 2113 legitimi
1866 2078 2089 2113 procuratores
2119 2085 2212 2115 agere

1203 2136 1215 2151 «
1237 2127 1373 2163 possunt
1404 2128 1437 2155 et
1468 2126 1597 2155 debent.
1629 2127 1680 2156 Ad
1705 2127 1772 2162 hec,
1799 2128 1825 2156 si
1843 2137 1970 2157 necesse
1992 2129 2101 2163 fuerit,
2133 2130 2212 2160 alios

1203 2189 1215 2204 «
1236 2178 1335 2207 etiam
1374 2181 1596 2217 procuratores
1634 2180 1695 2209 sibi
1733 2181 1946 2215 substituant,
1986 2184 2024 2211 ut
2062 2183 2210 2213 dominus

1202 2240 1319 2269 «papa
1351 2232 1495 2270 predicta
1526 2233 1633 2262 omnia
1664 2233 1855 2263 confirmare
1886 2235 2044 2273 dignetur,
2076 2236 2210 2273 promit-

1201 2286 1340 2313 «tentes
1377 2294 1434 2314 nos
1470 2288 1578 2315 ratum
1616 2286 1782 2316 habituros
1819 2289 1852 2316 et
1887 2287 2018 2317 firmum
2055 2288 2209 2328 quiequid

1200 2348 1212 2364 «
1235 2337 1312 2366 dicti
1335 2340 1557 2376 procuratores
1580 2339 1630 2368 vel
1661 2339 1831 2368 substituti
1854 2341 1895 2369 ab
1918 2340 1962 2369 eis
1986 2341 2024 2370 de
2048 2342 2209 2379 premissis

1200 2401 1211 2416 «
1234 2390 1382 2420 omnibus
1419 2391 1571 2420 duxerint
1606 2391 1801 2421 faciendum.

1240 2455 1251 2469 «
1273 2443 1429 2472 Volumus
1453 2446 1564 2473 autem
1596 2447 1630 2474 et
1653 2445 1793 2483 petimus
1818 2448 1865 2480 ut,
1890 2446 1915 2475 si
1941 2446 2070 2476 domino
2095 2448 2208 2477 abbati

1198 2507 1210 2523 «
1232 2496 1403 2526 Casemarii
1430 2497 1578 2536 expedire
1601 2498 1775 2533 videbitur,
1797 2499 1882 2537 quod
1909 2499 1941 2528 in
1969 2500 2113 2538 predicto
2140 2510 2208 2530 mo-

1197 2560 1209 2575 «
1231 2549 1370 2579 nasterio
1410 2550 1518 2579 Ustice
1557 2551 1752 2589 recipiantur
1790 2554 1822 2580 et
1861 2552 2042 2581 habeantur
2080 2554 2205 2587 novitii,

1197 2605 1268 2631 «ut
1301 2603 1532 2632 monasterium
1566 2603 1672 2641 ipsum
1696 2604 1782 2633 nullo
1817 2606 1961 2643 tempore
1996 2615 2205 2643 personarum

1196 2666 1207 2681 «
1229 2655 1441 2693 indigentiam
1468 2656 1623 2694 patiatur.
1656 2657 1737 2686 Item
1765 2657 1905 2695 petimus
1926 2660 1963 2687 ut
1981 2658 2135 2687 fratribus
2149 2659 2204 2697 qui

1196 2719 1207 2734 t<
1229 2710 1305 2737 sunt
1331 2709 1426 2738 modo
1452 2709 1483 2738 in
1510 2709 1577 2747 ipso
1604 2710 1799 2739 monasterio
1825 2719 1987 2749 remancre,
2013 2712 2090 2740 duni
2115 2712 2203 2741 vixe-

1195 2772 1206 2787 «
1228 2761 1293 2790 rint
1311 2761 1530 2799 permittatur,
1561 2764 1594 2790 ct
1612 2763 1697 2800 quod
1724 2763 1912 2792 tribuantur
1929 2763 1995 2792 vite
2014 2765 2201 2798 neccssaria,

1194 2814 1311 2843 «sicut
1337 2814 1382 2843 eis
1410 2815 1602 2852 promissum
1630 2817 1689 2847 est,
1719 2815 1903 2844 mulieribus
1932 2816 2048 2845 oblatis
2076 2826 2203 2847 monas-

1194 2877 1205 2891 «
1228 2867 1300 2895 terii
1321 2867 1488 2896 antedicti.
1513 2867 1736 2905 Supplicamus
1759 2871 1868 2897 antem
1891 2869 2092 2898 sanctissimo
2116 2870 2201 2908 patri

1193 2931 1205 2946 «
1229 2920 1358 2949 domino
1378 2929 1460 2958 pape
1479 2920 1662 2950 Alexandro
1683 2923 1719 2949 ut
1739 2921 1820 2950 hanc
1848 2921 1934 2959 piam
1954 2922 2199 2960 subjectionem.

1193 2983 1205 2998 «
1226 2973 1446 3007 traditionem,
1477 2973 1684 3002 donationem
1698 2976 1730 3002 et
1743 2974 1892 3003 unionem
1909 2974 2058 3013 dignetur
2081 2976 2201 3005 miseri-

2043 3158 2089 3184 101
