2477 3512
295 271 358 302 706

293 341 421 367 moneat,
440 342 469 363 ut
481 338 713 370 juramentaista
728 341 980 369 si11‹.·disfieuuate
997 343 1141 370 relaxent.
1152 344 1282 378 (Reum).

291 392 315 410 a.
335 385 379 411 III.
395 394 419 409 c.
434 386 495 414 698,
511 385 529 411 s.
551 387 617 414 9¹⁸⁴:
643 387 820 417 Bouneima.
839 392 858 416 t.
883 390 1060 418 111.n⁰40⁸.i

333 495 346 506 «ι
376 506 396 511 ..
425 481 577 525 episcopa
602 484 877 527 ‘pampilonmst
913 487 959 518 Ex
992 492 1084 529 parte
1118 490 1282 520 carissimi

288 537 317 566 in
340 536 470 568 Christo
501 538 555 569 lilii
593 541 720 571 nostri..
758 542 846 580 regis
880 542 1026 574 Navarre
1058 544 1197 576 illustris
1224 546 1283 577 fuit

285 593 481 633 propositum
503 606 610 626 coram
636 596 738 631 nobis,
761 598 843 638 quod
864 609 936 629 cum
954 602 1026 640 post
1047 600 1176 632 obitum
1194 602 1282 634 clare

286 650 438 680 memorie
453 651 487 680 Τ.
504 652 593 692 regis
621 653 769 683 Nax-arro
786 655 886 694 patris
913 656 996 696 ejus,
1019 658 1169 690 nonnulli
1187 659 1281 700 regni

283 706 332 735 sui
356 706 478 737 nobiles
499 709 569 747 regi
592 709 696 740 eidem
725 710 755 740 in
777 712 868 741 annis
890 713 1065 753 puerilibus
1087 716 1276 750 constituto.

281 772 377 803 super
392 765 729 805 assecutionejurium
743 766 823 798 dicti
848 769 940 809 regni
967 779 1027 800 non
1054 771 1123 802 sine
1146 771 1279 803 infideli-

282 819 358 849 tatis
385 823 461 850 nota
481 832 516 852 se
541 832 701 863 opponere
723 825 1009 865 presumpsissent,
1032 826 1115 858 idem
1140 838 1200 859 rex
1222 838 1278 869 pro

279 875 501 917 redemptione
523 878 606 918 juris
627 880 709 917 regii
741 880 779 910 ad
808 881 1016 921 prestandum
1048 883 1165 914 talibus
1187 889 1278 915 verta

279 931 440 972 stipendia
453 935 485 964 et
497 934 633 973 quedam
645 936 711 966 alia
725 936 873 968 facienda
892 938 1029 976 eisdem,
1046 940 1084 970 ad
1096 940 1172 980 quo¹
1189 941 1277 981 prius

279 997 339 1018 non
357 989 415 1019 nisi
446 990 646 1022 voluntarius
668 993 851 1031 tenebatur,
875 995 903 1024 in
935 995 1163 1026 detrimentum
1179 997 1277 1037 ejus-

275 1042 348 1075 dem
369 1047 666 1087 regni‚jurauwnti
694 1049 821 1080 vinculo
847 1060 881 1079 se
911 1051 1076 1082 astrinxit..
1105 1052 1274 1083 Processu

277 1110 352 1131 vero
368 1104 521 1143 temporis
539 1104 638 1144 ipsius
659 1106 750 1145 regni
774 1105 908 1142 nobilesv
937 1112 1040 1138 matre
1073 1111 1179 1139 suaet
1200 1110 1275 1140 uni-

276 1158 377 1188 versis
397 1158 607 1195 consiliariis,
631 1172 709 1200 quos
731 1162 768 1191 de
789 1163 934 1203 partibus
960 1164 1132 1205 Umnpanie
1152 1175 1228 1196 secu
1247 1176 1274 1196 m

273 1212 426 1253 duxerat,
444 1217 508 1246 tam
531 1216 569 1247 ab
584 1217 652 1258 ipso
674 1228 753 1259 rege
773 1229 866 1258 quam
887 1230 989 1260 regno
1010 1221 1123 1252 eodem
1151 1222 1275 1252 exelu-

273 1270 331 1303 sis.
354 1281 438 1305 eum,
474 1273 524 1312 qui
567 1276 640 1303 tunc
674 1275 729 1305 vix
763 1279 922 1317 exegerat
953 1278 1269 1317 quartuimlecimum

271 1338 387 1358 annum
414 1329 512 1359 etatis
541 1340 610 1365 sue,
644 1331 796 1370 quasdam
825 1332 1110 1365 confederationes
1142 1335 1274 1366 illicitas

272 1394 344 1414 cum
365 1385 534 1416 carissimo
561 1386 738 1418 ianristo
769 1387 832 1419 silio
870 1392 1007 1421 nostro..
1030 1401 1110 1431 rege
1136 1392 1272 1433 Arago-

269 1450 342 1471 num
364 1441 493 1478 illustri,
511 1442 654 1474 habente
679 1448 753 1474 tunc
773 1445 976 1485 questionem
997 1450 1111 1478 contra
1135 1449 1269 1479 carissi-

272 1506 356 1526 mum
394 1498 422 1527 in
462 1498 592 1529 (iliristo
626 1499 723 1531 tilium
758 1504 936 1534 nostrum..
969 1503 1126 1534 illustrem
1156 1514 1266 1545 regem

272 1552 425 1592 Castelle,
441 1554 521 1585 inire
542 1566 604 1586 non
626 1557 694 1587 sine
717 1558 835 1598 prefati
855 1560 946 1599 regni
967 1559 1141 1601 dispendio
1161 1561 1268 1602 ipsas—

272 1619 331 1649 que
352 1611 479 1651 proprio
496 1612 682 1653 juramento
703 1614 830 1645 firmare
851 1615 1039 1655 quibusdam
1057 1618 1225 1649 circumve
1234 1628 1268 1648 n-

270 1666 428 1697 tionibus?
442 1671 668 1708 procurarunt.
686 1669 762 1701 Cum
781 1672 888 1702 autem
905 1682 962 1703 rex
977 1673 1046 1714 ipse
1058 1675 1261 1714 postmodum

271 1723 490 1754 subtrahendo
523 1724 618 1756 dictis
648 1726 805 1757 nobilibus
826 1728 953 1768 prefata
979 1730 1153 1771 stipendia,
1176 1732 1266 1763 sicut

270 1781 346 1807 ante
364 1776 583 1817 juramentum
604 1779 785 1819 hujusmodi
807 1780 926 1812 licebat
950 1782 1066 1822 eidem,
1081 1787 1114 1815 et
1132 1794 1264 1826 compo-

271 1832 375 1863 nendo
394 1844 465 1864 cum
488 1834 634 1875 predicto
654 1846 735 1878 rege
756 1836 897 1869 Castelle
914 1849 951 1869 ac
966 1850 1022 1880 per
1035 1840 1094 1871 boc
1111 1851 1130 1871 a
1148 1842 1262 1873 confe-

269 1888 438 1920 deratione
466 1891 566 1931 ipsius
588 1892 677 1933 regis
710 1893 897 1933 Aragonum
928 1896 1124 1931 recedendo,
1166 1900 1263 1938 prout

270 1948 375 1976 status
396 1947 489 1987 regni
518 1948 566 1978 sui
596 1949 711 1980 merito
730 1950 928 1989 requirebat,
955 1952 1146 1994 religionem
1172 1955 1262 1995 jura-

270 2004 450 2033 mentorum
477 2003 616 2044 ipsorum
642 2005 783 2036 violasse
802 2007 941 2042 dicatur,
974 2009 1064 2040 nobis
1092 2010 1261 2043 humiliter

270 2058 473 2099 supplicavit,
497 2062 532 2091 ut
551 2061 721 2101 providere
737 2063 795 2093 sibi
813 2074 910 2104 super
923 2065 981 2095 lior
1006 2066 1182 2098 salubriter
1207 2078 1260 2099 eu-

270 2124 425 2146 raremus.
450 2116 515 2147 Nos
533 2117 643 2157 igitur,
661 2118 807 2159 ejusdem
824 2121 912 2161 regis
936 2122 1081 2153 Navarre
1102 2123 1260 2156 honoriet

268 2171 354 2202 same
375 2172 546 2204 consulere
569 2174 751 2215 cupientes,
783 2177 982 2214 mandamus,
1005 2180 1153 2219 quatinus
1169 2181 1255 2220 illos,

267 2227 381 2266 quibus
408 2228 492 2259 idem
532 2240 591 2260 rex
631 2231 757 2262 ratione
784 2232 1043 2273 juramentorum
1071 2236 1258 2278 hujusmodi

269 2283 412 2314 creditur
431 2284 607 2325 obligatus,
625 2286 707 2326 quod
730 2287 921 2327 juramenta
936 2290 1004 2331 ipsa.
1025 2291 1094 2322 sine
1114 2293 1259 2333 qualibet

268 2338 461 2371 difficultate
482 2341 633 2372 relaxent
663 2353 705 2373 ex
732 2346 824 2384 parte
850 2348 960 2376 nostra
986 2356 1117 2379 moneas
1146 2352 1257 2381 atten-

269 2397 332 2427 tius
349 2400 383 2427 et
402 2396 549 2428 inducas,
579 2398 728 2439 Alioquin
759 2406 790 2431 tu
815 2401 928 2433 eadem
956 2403 1143 2443 juramenta
1171 2407 1258 2438 rela-

269 2462 350 2483 xans
385 2453 486 2494 ipsum
523 2453 563 2484 ad
583 2464 692 2485 eornm
729 2456 967 2489 observantiam
998 2459 1167 2492 denunties
1195 2473 1256 2494 non

269 2509 386 2546 teneri,
421 2509 479 2539 sibi
514 2520 612 2551 super
632 2512 805 2543 violatione
831 2513 972 2554 ipsorum
995 2516 1255 2557 juramentorum

269 2565 445 2596 salutarem
473 2567 684 2606 penitentiam
716 2569 924 2609 injungendo.
960 2572 1073 2603 Datum
1096 2575 1253 2614 vitei-bii,

272 2622 345 2652 VIII
366 2622 435 2652 idus
454 2623 650 2658 novembris„
674 2635 756 2655 anno
780 2627 888 2658 tertio.
916 2642 929 2654 υ

338 2733 438 2760 2296
832 2739 956 2770 Υἰῐενδε,
977 2742 1008 2766 10
1024 2742 1092 2767 aout
1107 2743 1182 2768 1257.

301 2824 461 2851 Confirmat
481 2827 660 2853 sententiam
678 2828 713 2854 ab
723 2828 903 2865 O[ctavian0]
919 2831 946 2858 S.
961 2833 1104 2860 Mariaein
1122 2835 1172 2862 Via
1188 2837 1254 2862 Lata

266 2872 390 2897 diacono
407 2873 548 2899 cardinali
563 2873 649 2900 latam
665 2875 692 2900 in
709 2884 804 2907 eausa,
820 2879 983 2911 quaeinter
995 2881 1024 2906 R.
1043 2881 1186 2908 decanum
1203 2891 1252 2909 ec-

299 2938 318 2959 1.
334 2937 382 2960 MS.
400 2945 405 2960 2
420 2940 509 2968 atque.

297 2975 318 2997 2.
332 2974 379 2997 Ms.
395 2982 400 2997 :
414 2975 710 3001 circumvenitionibus.

1310 2647 1317 2662 (

1281 2683 1283 2707 2
1310 2704 1324 2718 «
1352 2690 1456 2722 benda
1468 2687 2292 2729 eccles-iepaduane,quammagisterUgutioquon-

961 273 964 276 ’
993 276 1224 309 REolsTRES
1250 277 1555 311 D'ALEXANDRE
1584 281 1629 312 IV

1334 352 1438 379 elesiae
1454 353 1638 380 Civitatensis
1652 358 1681 381 et
1697 355 1843 380 Andream
1859 356 2030 382 Cauxonum
2046 355 2203 390 plebanum
2221 359 2317 384 eecle-

1333 401 1393 426 sia·¹
1411 402 1436 426 S.
1459 401 1626 428 Ilermacori
1644 402 1679 428 de
1709 402 1845 433 Venetiis,
1863 410 1952 436 super
1966 402 2094 436 quadam
2117 404 2259 431 ecclesiae
2277 406 2326 432 Pa-

1332 448 1446 474 duanae
1461 449 1636 482 praebenda.
1658 449 1924 479 vertebatur.(nffl;.
1942 451 1983 481 235,
1998 458 2022 476 a.
2042 450 2087 481 ΙΙΙ,
2103 459 2128 476 c.
2143 453 2204 481 699,
2221 452 2238 478 f.
2255 454 2324 480 aim

1377 550 1391 563 α
1413 538 1449 567 R.
1490 535 1616 567 decano
1659 535 1794 567 ecclesie
1817 535 2046 576 civitatensis,
2086 538 2325 582 Aquileyensis

1332 591 1482 629 diocesis,
1505 592 1680 634 capellano
1690 591 1806 623 dilecti
1818 591 1885 634 filii
1900 593 2006 624 nostri
2019 594 2055 625 O.
2073 594 2197 626 Sancte
2214 595 2323 628 Mat-ie

1334 648 1365 680 in
1391 648 1449 681 ria
1472 650 1554 680 Lala
1588 649 1724 680 ‹tiae-oni
1744 649 1940 682 cardinalis.
1966 652 2024 688 Ea,
2051 662 2110 692 que
2127 653 2252 693 judicio
2274 653 2325 685 vel

1331 706 1501 737 com-ordia
1523 707 1738 737 terminantur
1759 712 1823 737 etc,
1852 717 1973 747 usque:
1997 710 2198 740 communiri.
2224 710 2323 742 Lecta

1330 763 1486 803 siquidem
1521 773 1629 794 coram
1664 763 1754 794 nobis
1781 768 1834 795 tua
1873 765 1987 805 petitio
2018 766 2218 804 continebat,
2235 767 2317 808 quod

1329 829 1400 850 cum
1420 830 1530 858 causa⁷
1547 830 1608 860 que
1622 820 1740 851 dudum
1749 820 1937 852 vertebatur
1952 822 2037 852 inter
2053 827 2082 853 te
2103 826 2135 853 et
2149 822 2311 855 Andrean]

1329 876 1513 907 (Iauxonum
1547 877 1716 917 plebanum
1749 877 1888 908 ecclesie
1920 880 2030 909 Sancti
2064 879 2253 911 Hermacori
2278 879 2318 911 de

1331 932 1481 970 Venitiis,
1501 943 1598 974 super
1628 933 1763 973 quadam
1785 934 1947 975 prebenda
1973 935 2114 966 ecclesie
2149 935 2320 975 Padmme,

1327 988 1366 1018 ad
1377 989 1598 1029 Apostolicam
1608 989 1723 1020 Sedoem
1739 990 1847 1021 delata
1860 990 1989 1027 fuisset,
2005 991 2315 1023 tansleni‹.·.11111i11ea

1327 1054 1436 1076 coram
1455 1045 1574 1076 ‹Iilecto
1596 1045 1659 1076 filio
1673 1047 1830 1086 magistro
1851 1046 1970 1078 ‚Iacobo
1992 1047 2181 1079 Falconario
2201 1048 2316 1090 capel-

1327 1100 1399 1131 lano
1440 1108 1549 1132 nostro
1588 1102 1732 1143 partibus
1772 1114 1789 1133 a
1831 1102 1920 1133 nobis
1964 1103 2110 1135 auditore
2154 1115 2312 1136 concesso

1327 1158 1425 1189 fuerit
1442 1158 1513 1189 binc
1530 1158 1602 1189 inde
1620 1158 1740 1189 diutius
1763 1159 1938 1200 litigatum,
1963 1166 1995 1191 tu
2019 1170 2054 1191 ac
2082 1161 2224 1192 Blancus
2245 1162 2316 1203 ple-

1328 1214 1427 1245 banus
1448 1215 1486 1246 dc
1505 1215 1662 1253 Laui-elia,
1676 1216 1842 1247 Tervisine
1860 1216 2009 1255 diocesis,
2032 1218 2318 1260 procuratorejus-

1325 1270 1397 1302 dem
1416 1271 1546 1303 Andree
1560 1271 1682 1303 babens
1702 1271 1741 1303 ab
1762 1273 1830 1313 ipso
1846 1273 1885 1304 ad
1902 1273 2155 1314 componendum
2177 1279 2211 1305 et
2229 1284 2316 1306 com-

1324 1328 1573 1368 promittendum
1600 1329 1629 1359 in
1651 1329 1790 1360 arbitros·
1817 1334 1850 1360 et
1881 1330 2070 1371 specialiter
2101 1330 2133 1360 in
2159 1329 2312 1362 dilectum

1323 1384 1421 1415 filium
1443 1387 1587 1416 nostrum
1602 1384 1639 1416 O.
1655 1385 1774 1417 Sancte
1788 1386 1889 1417 Marie
1903 1387 1934 1416 in
1958 1386 2018 1416 Via
2039 1386 2120 1418 Lata
2143 1386 2314 1418 diaconum

1321 1441 1517 1473 cardinalem
1539 1441 1681 1483 speciale
1709 1442 1906 1480 mundatum,
1933 1443 1965 1473 in
1994 1443 2131 1474 eundem
2158 1442 2313 1475 cardina-

1318 1498 1379 1529 lem
1414 1501 1578 1539 tamquam
1611 1499 1642 1529 iu
1667 1499 1825 1530 arbitrum
1845 1503 1878 1530 et
1903 1500 2156 1540 compositorem
2189 1500 2313 1531 amica-

1319 1554 1413 1586 bilem
1433 1566 1530 1597 super
1550 1556 1609 1585 boc
1626 1556 1816 1597 juramento
1839 1558 1871 1586 et
1888 1559 1979 1586 certa
2004 1566 2087 1596 pena
2107 1556 2310 1598 interpositis

1317 1612 1524 1643 concorditer
1544 1613 1808 1654 compromittere
1830 1613 2016 1649 curavistis,
2044 1613 2096 1653 qui
2122 1613 2306 1654 hujusmodi

1316 1670 1546 1710 compromisso
1572 1673 1706 1710 recepto
1744 1675 1778 1700 et
1801 1679 1958 1700 concessa
1980 1669 2039 1700 sibi
2070 1680 2089 1700 a
2119 1669 2212 1700 nobis
2234 1670 2308 1701 viva

1316 1726 1609 1764 voceauctoritate,
1620 1736 1657 1756 ac
1674 1725 2116 1767 plenaliceutiaprovidendi,
2131 1726 2245 1757 ordina
2256 1726 2309 1758 ndi

1315 1784 1348 1812 et
1366 1782 1586 1813 sententiandi
1607 1792 1707 1823 super
1731 1783 1790 1813 boc
1806 1783 1892 1813 inter
1924 1785 2047 1823 partes»,
2070 1785 2163 1823 prout
2184 1782 2304 1813 melius

1314 1838 1469 1879 expedire
1485 1838 1621 1876 videret,
1639 1839 1669 1869 in
1690 1848 1789 1870 causa
1817 1839 1885 1880 ipsa
1910 1838 2106 1879 providendo
2127 1838 2304 1870 arbitratus

1314 1895 1437 1934 extitit,
1459 1895 1647 1926 arbitrando
1667 1895 1813 1926 decrevit
1827 1898 1866 1926 *et
1891 1894 2066 1926 ordinando
2090 1894 2305 1936 pronuntiare

1314 1953 1451 1990 curavit,
1469 1957 1562 1994 prout
1582 1953 1613 1982 in
1636 1952 1762 1993 publico
1782 1953 1996 1983 instrumento
2010 1951 2084 1983 inde
2100 1952 2251 1983 confecto
2273 1955 2306 1982 et

1312 2008 1412 2050 ipsius
1448 2009 1622 2039 cardinalis
1654 2008 1753 2049 sigilli
1787 2009 1983 2050 appensione
2020 2009 2141 2039 munito
2173 2007 2300 2049 plenius

1312 2066 1508 2096 continetur.
1549 2066 1614 2096 Nos
1652 2066 1752 2107 igItur
1786 2066 1847 2095 tuis
1882 2064 2169 2106 supplicationibus
2210 2064 2302 2096 ineli-

1311 2123 1389 2157 nati,
1412 2122 1493 2163 quod
1515 2132 1611 2163 super
1630 2122 1690 2153 hoo
1707 2122 1746 2153 ab
1769 2121 1882 2153 eodem
1911 2121 2068 2152 cardinali
2104 2121 2227 2152 factum
2247 2125 2298 2152 est

1284 2198 1286 2209 η,
1310 2181 1416 2210 ratum
1437 2178 1594 2211 habentes
1614 2181 1646 2210 et
1660 2180 1800 2219 gratum,
1817 2177 2100 2209 illudauctoritate
2120 2177 2297 2219 apostolica

1309 2236 1535 2266 confirmamus
1553 2237 1585 2266 et
1599 2235 1759 2276 presentis
1783 2235 1894 2275 scripti
1923 2234 2101 2275 patrocinio
2118 2234 2300 2265 communi-

1309 2302 1392 2323 mus.
1423 2292 1580 2323 Tenorem
1600 2292 1700 2332 ipsius
1728 2291 1934 2322 instrumenti
1964 2290 2004 2321 de
2031 2290 2128 2321 verbo
2158 2290 2197 2321 ad
2221 2300 2300 2321 ver-

1283 2340 1284 2343 *
1310 2349 1383 2380 bum
1402 2348 1605 2389 presenthus
1626 2348 1724 2379 inseri
1747 2348 1918 2385 facientes,
1933 2348 1984 2387 qui
2005 2346 2081 2378 talis
2102 2352 2152 2378 est
2173 2355 2178 2377 :

1923 2444 2045 2471 Viterbe.
2063 2447 2077 2471 6
2094 2445 2163 2470 amit
2184 2445 2262 2470 ¹257.

1354 2535 1367 2548 a
1387 2521 1418 2551 In
1441 2521 1495 2551 Dei
1515 2521 1653 2551 nomine.
1677 2522 1790 2550 Amen.
1809 2519 1890 2550 Olim
1909 2520 1995 2549 inter
2010 2519 2048 2548 R.
2071 2518 2228 2549 decanum
2245 2517 2299 2549 Ci-

1354 2577 1548 2608 vitatensem
1591 2578 1623 2607 et
1665 2575 1825 2606 Andrean]
1882 2575 2068 2607 Cauxonum
2124 2574 2292 2615 plebanum

1346 2633 1485 2665 ecclesie
1507 2632 1616 2664 Sancti
1639 2633 1826 2663 Hermacori
1851 2632 1890 2663 de
1912 2631 2062 2662 Venetiis
2094 2641 2192 2672 super
2220 2639 2293 2672 pre-

1310 2592 1316 2605 (

1309 2761 1323 2775 «
1350 2747 1422 2778 dam
1442 2747 1615 2778 canonicus
1633 2746 1805 2778 I’aduanus
1822 2745 1936 2777 ibidem
1957 2745 2107 2780 obtinuit,
2122 2742 2292 2784 questione

1349 2804 1483 2835 suborta
1504 2806 1536 2834 et
1554 2803 1594 2834 ad
1627 2803 1749 2834 curiam
1782 2804 1883 2843 ipsam
1911 2801 2030 2839 delata,
2065 2799 2194 2831 tandem
2219 2810 2289 2831 cum

1347 2870 1455 2891 coram
1473 2860 1628 2900 magistro
1644 2859 1764 2890 Jacobo
1781 2858 1972 2889 Falconario
2000 2856 2117 2888 domini
2139 2866 2220 2897 pape
2233 2866 2291 2887 ca-

1347 2916 1474 2957 pellano
1504 2916 1648 2957 partibus
1682 2915 1829 2946 auditore
1863 2923 2018 2945 concesso
2040 2922 2135 2953 super
2157 2922 2195 2943 ea
2212 2912 2292 2943 fuis-

1348 2978 1398 3003 set
1417 2972 1535 3003 diutius
1570 2972 1744 3013 litigatum,
1773 2972 1918 3012 prefatus
1946 2969 2089 3000 decanus
2114 2979 2171 3010 pro
2195 2978 2230 3000 se
2250 2978 2292 3000 ae

1309 2818 1315 2833 (

1306 2874 1313 2889 (

1306 2930 1313 2945 (

1305 2987 1311 3000 (
