2477 3512
227 263 267 294 41
928 258 1195 291 REGISTRES
1223 257 1576 289 D’AIAEXANDRE
1606 257 1653 288 lv

225 366 274 397 ria
302 366 506 407 questionis,
534 365 679 397 tandem
708 367 836 406 partes,
866 373 926 405 pro
954 364 1047 395 bono
1074 363 1169 405 pacis
1195 365 1227 394 et

225 421 419 457 concordie,
443 421 476 452 in
501 421 537 452 l’.
561 420 831 455 Wastinensem,
855 422 889 450 et
913 419 952 449 (ἱ.
978 418 1229 449 Pruvincnsem

225 476 500 512 archidiaconos,
534 478 566 507 et
603 475 810 515 magistrum
846 474 1054 509 Droconem,
1089 472 1230 505 canoni-

225 541 304 563 cum
329 530 459 573 capelle
484 530 605 562 altaris
628 530 737 561 Beate
763 529 870 560 Marie
896 529 930 559 in
955 527 1098 560 ecclesia
1124 528 1230 559 Seno-

226 586 333 621 nensi,
362 587 402 617 dc
430 586 501 617 alto
528 588 562 616 et
590 586 692 616 basso
719 593 823 625 super
850 584 913 615 hoc
940 583 1229 624 compromittere

224 641 449 675 curaverunt,
480 638 730 680 promittentes
758 640 791 668 ct
823 646 858 668 se
889 646 949 678 per
977 636 1115 668 litteras
1145 635 1231 667 obli-

224 694 347 733 gantes
375 694 492 723 ratum
521 694 555 722 ct
586 691 729 722 firmum
760 690 887 721 habere
916 692 951 720 et
980 688 1231 720 inviolabiliter

224 745 410 776 observare
447 744 613 786 quicquid
651 743 735 775 dicti
771 742 1008 774 archidiaconi
1045 744 1079 773 et
1116 741 1230 773 Droco

224 807 328 839 super
348 797 524 839 premissis
546 806 631 839 pace
652 795 708 828 vel
728 795 861 838 judicio
883 805 942 827 seu
965 795 1036 826 alto
1058 797 1094 826 et
1115 795 1231 832 basso,

223 850 277 882 vel
296 850 455 892 prefatus
473 849 742 882 archidiaconus
760 848 993 880 Wastinensis
1011 857 1090 879 curn
1108 856 1230 879 eorum

226 903 346 940 altero,
372 903 398 935 si
423 913 543 935 omnes
566 903 600 934 in
627 912 734 934 unam
759 912 827 933 non
852 904 996 943 possent
1019 900 1230 932 concordare

225 956 450 993 sententiam,
490 957 659 987 ducerent
698 955 957 987 arbitrandum.
1002 954 1110 985 Iidem
1148 963 1231 984 vero

225 1009 461 1041 archidiaconi
480 1012 513 1041 et
533 1009 733 1045 canonicus,
755 1008 984 1049 postmodum
1004 1007 1094 1038 inter
1112 1009 1231 1048 partes

225 1062 319 1104 ipsas
340 1062 499 1094 totaliter
521 1072 626 1103 super
648 1061 788 1102 negotio
811 1060 1026 1102 hujusmodi,
1050 1060 1092 1092 de
1115 1069 1232 1091 assen-

225 1125 264 1147 su
299 1115 474 1147 diocesani
507 1115 666 1156 ejusdem
699 1113 914 1150 monasterii,
950 1113 1113 1145 arbitrati
1148 1116 1232 1145 sunt

225 1168 387 1200 videlicet
423 1179 429 1199 :
465 1168 769 1209 quotienscunque
804 1167 845 1198 de
880 1169 995 1198 cetero
1030 1166 1230 1208 predictum

225 1221 478 1253 monasterium
501 1231 562 1262 per
583 1223 734 1252 mortem
757 1220 936 1252 abbatisse
959 1219 1014 1251 vel
1038 1219 1123 1251 alias
1146 1230 1232 1261 quo—

225 1284 363 1316 cunque
402 1275 507 1306 modo
547 1284 673 1306 vacare
714 1273 945 1314 contingeret,
989 1273 1030 1304 de
1071 1273 1228 1315 prioratu

225 1331 342 1359 vestro
379 1328 606 1359 mitterentur
641 1327 675 1358 in
712 1326 874 1368 expensis
909 1326 1019 1368 ipsius
1054 1323 1231 1368 prioratus

224 1383 359 1422 septem
401 1380 571 1412 moniales
611 1390 691 1411 cum
732 1379 894 1421 priorissa
937 1380 981 1411 ad
1022 1379 1229 1411 electionem

225 1434 402 1465 abbatisse
430 1433 464 1464 in
492 1433 586 1464 dicto
614 1432 827 1464 monasterio
855 1432 1113 1468 celebrandam,
1143 1442 1231 1474 quas

225 1487 269 1518 ad
297 1486 514 1523 electionem,
544 1486 634 1517 sicut
662 1486 748 1517 alias
776 1485 945 1517 moniales
972 1485 1130 1526 ejusdem
1158 1496 1232 1517 mo-

227 1539 380 1576 nasterii,
409 1539 640 1571 decreverunt
667 1539 739 1570 sine
766 1538 1046 1570 contradictione
1073 1538 1231 1580 qualibet

231 1592 484 1624 admittendas.
522 1592 762 1623 Decreverunt
799 1591 941 1633 insuper
976 1594 1016 1622 ut
1052 1592 1231 1634 quotiens-

228 1655 366 1686 cunque
391 1645 526 1687 aliquas
551 1645 728 1686 prioratus
753 1644 912 1685 ejusdem
937 1644 1116 1682 moniales,
1144 1655 1232 1686 quas

226 1698 310 1730 dicti
340 1698 542 1730 monasterii
574 1698 822 1730 Paraclitensis
852 1698 1020 1729 moniales
1049 1707 1121 1729 esse
1152 1708 1230 1739 pro-

227 1751 492 1788 nuntiaverunt,
535 1752 578 1782 ad
619 1751 737 1793 ipsum
778 1751 1034 1782 monasterium
1080 1751 1231 1783 Paracli-
1282 1759 1284 1784 1

226 1807 321 1836 tense
354 1804 471 1836 venire
503 1804 733 1845 contingeret,
767 1804 838 1846 ipse
872 1804 1003 1835 ibidem
1036 1804 1230 1846 reciperen-

227 1860 284 1888 tur
314 1858 347 1888 in
380 1857 596 1894 dormitorio,
630 1857 825 1893 refectorio,
859 1857 1016 1898 capitulo
1045 1860 1078 1889 et
1111 1857 1228 1894 choro,

224 1913 259 1941 et
290 1910 323 1941 in
356 1910 518 1942 omnibus
550 1910 625 1942 aliis
656 1910 745 1941 sicut
779 1913 891 1941 cetere
924 1910 1092 1941 moniales
1124 1910 1230 1943 Para—

224 1963 377 1994 clitensis
406 1963 620 1999 monasterii,
652 1963 823 2004 quamdiu
854 1963 983 1994 ibidem
1015 1973 1149 1995 moram
1180 1964 1230 1995 fa-

223 2019 351 2052 cerent,
377 2019 412 2048 et
437 2016 590 2048 fraterna
616 2019 857 2048 tractarentur
881 2017 915 2047 in
941 2016 1094 2048 Domino
1119 2017 1229 2049 caria-

224 2071 308 2101 tate.
347 2069 672 2100 Pronuntiaverunt
711 2069 819 2101 etiam
858 2070 951 2111 quod
990 2069 1028 2106 si,
1068 2072 1227 2112 tempore

222 2122 402 2153 electionis
425 2122 457 2153 in
483 2123 607 2154 eodem
630 2123 845 2154 monasterio
869 2122 1087 2159 celebrande,
1114 2122 1228 2164 plures

223 2175 391 2206 moniales
421 2175 462 2207 de
493 2175 586 2207 dicto
618 2175 775 2217 prioratu
807 2178 921 2207 essent
952 2176 986 2207 in
1017 2176 1091 2217 ipso
1123 2177 1229 2208 Para-

222 2228 357 2259 clitensi
388 2228 601 2259 monasterio
633 2238 740 2269 quam
773 2228 827 2260 ille
858 2231 994 2270 septem
1026 2239 1105 2260 cum
1138 2229 1229 2270 prio-

223 2281 318 2317 rissa,
362 2290 430 2312 non
472 2281 787 2312 admittererentur
827 2282 870 2312 ad
914 2282 1144 2314 tractandum
1186 2283 1227 2314 de

222 2332 389 2365 electione
420 2334 485 2365 alie
514 2334 541 2365 si
572 2334 799 2366 mitterentur
829 2335 871 2366 (le
902 2334 1059 2376 prioratu
1091 2336 1226 2367 eodem.

224 2386 463 2418 Decreverunt
489 2386 597 2419 etiam
623 2390 672 2423 ut,
700 2397 780 2418 cum
806 2387 840 2418 in
868 2388 1025 2429 predicto
1051 2391 1228 2420 monaste-

223 2439 271 2470 rio
300 2439 423 2470 electio
452 2439 630 2472 abbatisse
659 2440 764 2471 fuerit
806 2440 1025 2477 celebranda,
1055 2441 1226 2473 terminus

223 2501 291 2523 non
317 2492 430 2523 minor
454 2492 579 2533 viginti
605 2493 739 2524 dierum
766 2503 783 2524 a
811 2493 922 2534 prima
948 2493 1146 2525 vocationis
1171 2495 1225 2526 die

223 2545 461 2577 numerandus
501 2546 544 2576 ad
584 2546 790 2577 electionem
830 2546 1077 2578 celebrandam
1123 2548 1225 2588 prefi-

221 2600 326 2639 gatur
350 2601 396 2635 et,
423 2598 513 2630 intra
539 2601 618 2630 octo
645 2599 717 2630 dies
743 2599 873 2640 primos
899 2600 1073 2631 dictorum
1100 2600 1224 2641 viginti

222 2651 367 2687 dierum,
401 2651 574 2692 significet.
608 2652 707 2683 vobis
740 2656 937 2684 conventus
970 2653 1118 2694 predicti
1151 2664 1224 2685 mo-

222 2704 364 2736 nasterii
398 2714 459 2745 per
491 2714 572 2736 suas
608 2707 770 2745 patentes
810 2705 946 2737 litteras
987 2708 1026 2736 ut
1060 2706 1103 2737 ad
1138 2706 1224 2738 elec-

223 2756 353 2788 tionem
385 2757 630 2789 celebrandam
666 2758 817 2789 mittatis
849 2759 1042 2790 secundum
1076 2760 1221 2791 modum

221 2809 379 2851 superius
413 2813 625 2841 annotatum
661 2813 762 2851 prout
800 2811 833 2842 in
868 2811 994 2842 litteris
1027 2811 1107 2843 inde
1142 2822 1222 2843 con-

221 2862 321 2894 fectis
348 2861 483 2904 plenius
509 2863 637 2894 (licitur
662 2864 844 2895 contineri.
872 2865 958 2895 (lum
986 2867 1105 2896 autem
1132 2865 1222 2897 sicut

222 2915 385 2953 asseritis,
431 2925 450 2948 a
494 2918 652 2958 tempore
698 2916 901 2957 hujusmodi
946 2917 1082 2948 arbitrii
1127 2919 1221 2960 quod

222 2968 376 3012 predicte
412 2972 529 3011 partes
566 2970 792 3010 postmodum
829 2973 1061 3011 acceptarunt
1096 2974 1131 3002 et
1167 2971 1221 3003 cui

1339 372 1520 404 nunquam
1559 361 1863 400 contradixerunt,
1902 362 2083 395 biennium
2120 365 2156 395 et
2192 363 2344 406 amplius

1338 416 1382 448 sit
1405 416 1574 457 elapsum,
1599 424 1662 446 nos
1683 414 1810 447 vestris
1830 415 2151 457 supplicationibus
2173 416 2343 454 inclinati,

1338 469 1430 511 quod
1465 468 1509 500 ab
1542 468 1673 500 eisdem
1706 468 1962 500 archidiaconis
1994 471 2030 501 et
2062 468 2230 501 canonico
2263 479 2343 512 pro-

1336 522 1416 554 vide
1446 521 1581 553 factum
1610 523 1663 553 est
1692 520 1727 552 in
1757 521 1822 553 hac
1851 524 1952 563 parte
1981 524 2099 554 ratum
2136 524 2172 554 et
2200 524 2342 564 gratum

1337 575 1519 611 habentes,
1552 574 1586 605 id
1618 573 1833 606 auctoritate
1864 573 2058 616 apostolica
2089 574 2344 608 confirmamus

1336 630 1371 661 et
1394 627 1565 669 presentis
1587 626 1707 668 scripti
1732 626 1928 668 patrocinio
1951 627 2222 660 communimus.
2247 627 2343 660 Nulli

1337 683 1454 713 nostre
1476 679 1757 712 confirmationis
1778 682 1845 712 etc.
1870 680 1953 712 Dat.
1978 680 2147 722 Anagnie,
2175 680 2207 712 11
2231 690 2342 713 nonas

1282 729 1285 774 f
1335 733 1434 776 junii,
1466 743 1558 765 anno
1589 732 1714 774 quinto
1734 733 1756 764 ¹.
1788 745 1800 761 r>

1417 899 1505 924 2899
1866 900 2001 933 Anagnt,
2023 900 2061 926 25
2083 900 2151 933 inin
2175 900 2262 927 1259.

1379 953 1531 986 Hugonts,
1551 952 1815 979 claromontensis
1834 953 1982 987 episcopi,
2001 953 2233 980 concessionem
2251 953 2348 988 prior}

1337 998 1368 1023 et
1397 997 1567 1023 conventui
1596 997 1778 1023 monasterii
1806 997 1841 1023 B.
1872 997 1988 1024 Mariae
2017 997 2054 1024 de
2083 997 2237 1024 Calmeliis
2265 997 2346 1025 circa

1338 1041 1498 1068 ecclesiam
1521 1041 1558 1067 de
1581 1041 1690 1074 Syram
1714 1041 1831 1068 factam
1854 1041 2031 1068 confirmat.
2055 1042 2152 1074 (REG.
2174 1041 2223 1073 25,
2245 1042 2266 1068 f.
2289 1041 2347 1069 209

1339 1090 1383 1115 νυ,
1405 1092 1454 1110 an.
1479 1085 1513 1115 V,
1534 1093 1559 1111 c.
1584 1086 1664 1118 135.)

1385 1189 1396 1200 u
1427 1202 1446 1208 ..
1475 1176 1584 1218 priori
1613 1178 1641 1207 et
1669 1176 1845 1208 conventui
1874 1175 2071 1208 monasterii
2101 1176 2202 1208 Beate
2230 1175 2348 1208 Marie

1337 1230 1375 1262 de
1418 1229 1603 1266 Catmelus,
1646 1229 1779 1261 ordinis
1822 1229 1938 1261 Sancti
1981 1229 2184 1271 Anyti-stim,
2230 1228 2346 1262 Claro-

1337 1282 1521 1314 montensis
1542 1282 1693 1314 diocesis.
1717 1283 1804 1314 Cum
1825 1292 1845 1314 a
1867 1282 1967 1314 nobis
1989 1282 2124 1324 petitur
2144 1285 2211 1314 etc.
2234 1292 2345 1325 usque

1338 1337 1382 1368 ad
1415 1335 1584 1368 effectum
1619 1336 1708 1367 Sane
1742 1336 1866 1378 petitio
1900 1338 2018 1367 vestra
2052 1335 2153 1367 nobis
2185 1335 2344 1368 exhibita

1338 1389 1545 1422 continebat
1587 1389 1682 1430 quod
1725 1389 1815 1421 bone
1858 1389 2023 1421 memorie
2067 1388 2184 1430 Hugo,
2229 1388 2346 1421 Claro-

1339 1442 1533 1474 montensis
1559 1442 1754 1484 episcopus,
1783 1442 1964 1474 ecclesiam
1993 1442 2035 1474 de
2063 1441 2200 1483 Syram,
2230 1441 2346 1474 Claro-

1338 1495 1532 1528 montensis
1569 1495 1725 1532 diocesis,
1765 1495 1808 1527 ad
1847 1505 1948 1527 suam
1984 1494 2210 1527 collationem
2247 1504 2346 1537 spec-

1337 1552 1486 1586 tantem,
1518 1548 1570 1580 sui
1600 1547 1746 1590 capituli
1775 1550 1810 1580 et
1840 1547 1959 1580 dilecti
1988 1547 2076 1579 filii..
2108 1547 2346 1580 archidiaconi

1337 1601 1608 1638 Aurelianensis,
1633 1601 1775 1644 patroni
1797 1601 1956 1642 ejusdem
1978 1600 2131 1638 ecclesie,
2155 1601 2346 1633 accedente

1337 1665 1520 1690 consensu.
1543 1655 1644 1686 vobis
1665 1654 1836 1686 concessit
1856 1654 1907 1686 ita
1930 1657 1979 1691 ut,
2002 1654 2149 1686 cedente
2169 1654 2225 1686 vel
2247 1654 2346 1686 dece-

1338 1709 1442 1741 dente
1464 1711 1598 1740 rectore
1619 1707 1737 1749 ipsius,
1760 1717 1839 1739 eam
1860 1707 2001 1749 possitis
2022 1707 2057 1739 in
2079 1716 2162 1739 usus
2184 1707 2344 1750 proprios

1336 1762 1496 1798 retinere,
1538 1763 1717 1793 reservata
1759 1763 1929 1802 perpetuo
1971 1760 2102 1792 vicario
2142 1760 2178 1791 in
2218 1760 2345 1793 eadem

1335 1814 1480 1846 ecclesia
1509 1814 1683 1845 servituro
1713 1814 1755 1845 de
1785 1813 1893 1855 ipsius
1922 1813 2154 1855 proventibus
2187 1822 2342 1855 congrua

1336 1868 1497 1910 portione
1528 1877 1571 1899 ex
1602 1877 1671 1909 qua
1703 1867 1887 1899 commode
1917 1866 2110 1898 sustentari
2140 1866 2270 1904 valeat,
2303 1876 2344 1899 ac

1335 1921 1547 1964 episcopalia
1586 1923 1621 1952 ct
1659 1920 1727 1952 alia
1766 1922 1935 1952 consueta
1975 1929 2080 1951 onera
2119 1922 2341 1961 supportare,

1336 1976 1442 2017 prout
1466 1973 1501 2005 in
1525 1973 1651 2005 litteris
1675 1973 1755 2005 inde
1780 1973 1949 2005 confectis
1974 1972 2151 2004 dictorum
2174 1972 2341 2015 episcopi,

1336 2027 1482 2069 capituli
1508 2030 1544 2058 et
1570 2027 1711 2068 patroni
1736 2025 1854 2068 sigillis
1882 2025 2027 2058 munitis
2052 2025 2189 2068 plenius
2215 2025 2345 2058 dicitur

1335 2081 1518 2113 contineri.
1561 2080 1633 2112 Nos
1672 2079 1790 2121 igitur,
1832 2079 1960 2111 vestris
2001 2078 2140 2111 devotis
2180 2079 2342 2121 precibus

1335 2133 1506 2170 inclinati,
1546 2133 1641 2175 quod
1677 2142 1782 2174 super
1818 2132 1883 2164 hoc
1921 2131 2068 2174 provide
2104 2131 2241 2164 factum
2277 2134 2341 2170 est,

1335 2190 1453 2219 ratum
1476 2186 1648 2217 habentes
1670 2188 1706 2217 et
1728 2187 1881 2227 gratum,
1905 2185 1939 2216 id
1963 2184 2179 2217 auctoritate
2201 2187 2343 2227 aposto-

1335 2241 1400 2272 lica
1432 2239 1686 2271 confirmamus
1717 2241 1753 2270 et
1784 2238 1956 2280 presentis
1991 2237 2113 2280 scripti
2144 2237 2342 2280 patrocinio

1334 2292 1606 2325 communimus.
1648 2291 1742 2323 Nulli
1782 2294 1900 2323 nostre
1939 2290 2221 2323 confirmationis
2259 2294 2340 2323 etc..

1334 2347 1417 2378 Dat.
1439 2345 1609 2385 Anagnia
1632 2344 1701 2375 Vll
1722 2344 1791 2376 kal.
1813 2344 1900 2385 julii,
1923 2354 2016 2375 anno
2038 2343 2174 2386 quinto.
2198 2356 2210 2372 »

1410 2513 1498 2538 2900
1858 2511 1992 2545 Anagni‚
2016 2511 2053 2537 20
2074 2510 2143 2544 juin
2168 2510 2254 2536 1259.

1374 2566 1538 2592 Guillehno
1561 2566 1645 2592 dicto
1670 2565 1790 2596 Attoni,
1814 2565 1925 2591 rectori
1948 2564 2093 2591 ecclesiae
2116 2563 2153 2590 de
2176 2563 2338 2595 Turribus,

1330 2610 1513 2636 Biterrensis
1541 2610 1680 2641 diocesis,
1707 2610 1849 2636 concedit
1876 2611 1922 2639 ut,
1949 2610 2072 2642 praeter
2098 2607 2216 2634 dictam
2242 2607 2338 2634 eccle·

1328 2655 1417 2685 siam,
1449 2654 1532 2680 aliud
1565 2654 1752 2680 beneficium
1783 2653 2027 2680 ecclesiasticum
2058 2652 2193 2685 recipere
2228 2651 2338 2685 possit,

1328 2699 1499 2725 secundum
1526 2699 1790 2732 dispensationem
1816 2698 1841 2724 ei
1867 2698 1906 2724 ab
1935 2696 2116 2723 Innocentio
2146 2695 2187 2721 IV
2215 2702 2338 2722 conces—

1328 2751 1404 2769 sam.
1422 2743 1517 2775 (Rue.
1536 2743 1584 2772 25.
1602 2743 1621 2768 f.
1639 2743 1697 2768 209
1716 2746 1759 2771 νη,
1777 2749 1826 2768 an.
1845 2742 1881 2773 V,
1898 2749 1922 2767 c.
1943 2741 2023 2773 136.)

1360 2842 1381 2862 1.
1402 2842 1435 2862 Icl
1447 2848 1478 2862 on
1492 2842 1517 2862 lit
1532 2848 1562 2862 cn
1575 2847 1658 2867 margo
1670 2842 1683 2861 a
1697 2841 1752 2862 cote
1763 2842 1838 2862 d'une
1850 2840 1918 2861 croix
1931 2847 1936 2860 :
1951 2848 1957 2855 ·
1972 2841 2046 2865 Quere
2059 2838 2083 2859 in
2096 2838 2194 2862 reqistro
2206 2837 2336 2858 litterarum

1328 2877 1389 2897 anni
1403 2877 1462 2897 sesti
1477 2877 1569 2897 dommi
1586 2877 1717 2897 Alexandri
1731 2883 1794 2902 pape
1812 2876 1879 2896 ΙΙΙΙΙ
1902 2875 1982 2896 simne
1995 2874 2094 2899 siqnum
2107 2874 2129 2893 et
2142 2873 2220 2898 recipe
2234 2873 2336 2894 Iiltetam

1327 2912 1372 2933 sub
1396 2912 1474 2932 eodem
1499 2912 1569 2937 siquo
1593 2912 1743 2937 registr-atam
1768 2912 1880 2932 directam
1906 2910 2085 2935 archiepiscopo
2113 2908 2301 2929 Tarenlastensi.
2328 2914 2336 2925 ι

1327 2949 1352 2969 et
1368 2948 1473 2971 ensuite.
1484 2948 1559 2968 d'une
1576 2948 1681 2968 eci-iture
1697 2948 1815 2968 moderno
1832 2952 1837 2967 ι
1851 2952 1875 2972 p.
1892 2946 1946 2967 ΖΞ.
1963 2945 2029 2966 C'est
2045 2950 2075 2965 en
2092 2943 2153 2964 effe!
2169 2949 2202 2964 au
2218 2949 2289 2964 verso
2304 2942 2335 2963 de

1326 2989 1353 3003 ce
1368 2983 1460 3003 renutet
1476 2989 1523 3008 quc
1537 2989 1562 3003 sc
1577 2984 1666 3003 trouve
1680 2983 1753 3003 l'actc
1766 2982 1859 3008 pre'cite
1873 2981 1938 3007 (voit
1950 2979 2056 3006 ct-apres
2069 2982 2098 3000 η’
2111 2978 2193 3003 3173).
