2477 3512
150 230 218 263 840
876 229 1134 263 REGISTRES
1152 229 1488 263 D'ALEXANDRE
1504 230 1553 263 IV

149 327 312 362 rnherum,
335 327 430 365 Juxta
454 330 598 357 tenorem
622 327 802 356 litterarum
819 326 971 365 ipsarum,
988 328 1029 357 ab
1046 328 1158 357 eodem

151 380 345 410 monasterio
369 380 603 409 sententialiter
635 381 837 408 amoverunt.
864 379 967 416 Quare
991 389 1048 418 pro
1067 383 1159 419 parte

151 432 310 462 dictorum
325 433 447 466 decani,
463 432 613 471 prepositi
634 434 667 461 et
687 434 866 461 conventus
888 432 1050 462 humiliter
1070 436 1157 471 pete-

150 485 248 514 batur
263 495 280 514 a
300 486 390 515 nobis
409 488 454 517 ut,
481 494 553 514 cum
570 485 655 513 idem
673 485 905 514 monasterium
925 494 980 523 per
999 488 1029 514 te
1047 486 1156 516 utilius

150 547 248 576 quam
281 547 337 576 per
361 538 458 567 alium
486 538 662 566 secundum
690 537 842 575 temporis
869 537 1067 567 imminentis
1093 538 1159 567 exi-

149 590 291 628 gentiam
307 590 477 628 gubernari
493 599 529 619 ac
546 590 711 619 reformari
727 590 845 623 valeat,
863 592 895 619 et
910 599 927 619 a
945 591 1158 628 malignorum

149 643 329 672 incursibus
369 642 537 676 defensari,
578 643 763 680 hujusmodi
803 643 1060 672 commissionem
1099 643 1159 672 tibi

151 695 190 724 de
210 695 296 725 dicto
316 693 510 724 monasterio
530 695 651 724 factam
671 704 689 724 a
710 695 863 724 cardinali
885 695 1010 733 prefato
1030 698 1160 734 aposto-

150 748 209 778 lico
228 756 410 777 curaremus
430 748 605 777 munimine
623 748 783 777 roborare.
804 748 870 777 Nos
889 748 998 786 itaque
1017 748 1159 786 ipsorum

150 810 188 830 ac
216 801 280 829 tuis
308 801 596 839 supplicationibus
618 801 775 835 inclinati,
798 801 1055 830 commissionem
1084 810 1159 830 ean-

151 854 224 883 dem
241 855 344 882 ratam
362 855 394 883 et
417 853 546 883 firmam
571 854 737 885 habentes,
755 862 825 883 eam
849 854 1045 883 auctoritate
1068 863 1161 892 apos-

150 907 246 936 tolica
259 906 488 936 confirmamus
501 909 534 936 et
546 907 702 945 presentis
711 907 821 945 scripti
831 907 1008 944 patrocinio
1019 916 1161 936 commu-

154 959 269 988 nimus.
293 959 378 988 Nulli
402 962 509 988 nostre.
531 959 786 988 confirmationis
816 962 877 988 etc.
903 960 979 989 Dat.
1005 960 1161 998 Anagnie‚

155 1012 203 1041 III
230 1012 301 1041 idus
329 1012 516 1045 decembris,
544 1021 629 1041 anno
657 1015 783 1050 quarto.
812 1024 823 1038 υ

231 1198 319 1225 2748
611 1199 744 1233 Anagni,
761 1200 797 1226 16
813 1199 975 1226 decembre
993 1200 1078 1226 1258.

191 1251 420 1278 Archidiacono
459 1252 496 1277 de
533 1251 706 1285 Valdeyras
744 1252 773 1278 in
811 1252 939 1279 ecclesia
978 1252 1161 1286 Legionensi

152 1291 283 1317 mandat
313 1292 347 1317 ut
375 1291 514 1317 ,Iohanni
543 1291 681 1323 Martini,
711 1292 901 1318 auctoritate
930 1293 1102 1325 apostolica
1130 1293 1160 1319 in

152 1330 299 1357 ecclesiae
324 1331 473 1357 ovetensi
497 1332 622 1364 recepto
646 1331 677 1357 in
701 1331 887 1358 canonicum
911 1333 942 1357 et
965 1332 996 1358 in
1020 1332 1160 1364 fratrem,

153 1370 190 1396 (le
213 1370 391 1404 praebenda
415 1372 446 1396 et
470 1370 645 1396 redditibus
669 1371 722 1404 qui
746 1371 859 1397 titulus
883 1372 913 1397 et
937 1372 1162 1405 praestimonia

152 1410 323 1441 vulgariter
352 1410 509 1441 dicuntur,
533 1410 563 1436 in
586 1410 671 1436 dicta
700 1410 829 1436 ecclesia
857 1411 1033 1444 provideat.
1063 1412 1160 1444 (Rea.

153 1449 200 1480 25,
225 1450 244 1475 f.
268 1449 336 1481 166,
358 1456 408 1475 an.
435 1449 486 1480 IV,
509 1457 533 1475 c.
557 1450 639 1482 304.)

195 1564 206 1578 u
222 1574 250 1586 ..‚
273 1551 489 1581 archidiacono
511 1552 546 1581 (le
574 1552 745 1590 Valdeyras-
763 1552 795 1582 in
818 1553 942 1582 ecclesia
964 1553 1161 1592 Leyionensi.

154 1605 297 1634 Dilectus
324 1604 409 1634 filius
437 1605 602 1634 Johannes
629 1622 679 1634 —.
710 1606 776 1634 Dat
804 1606 959 1644 Anagnie,
990 1606 1068 1635 XVI
1097 1608 1161 1636 kal.

154 1657 339 1691 decembris,
369 1666 453 1686 anno
483 1660 609 1696 quarto.
640 1670 652 1684 »

232 1855 322 1881 2749
608 1855 747 1888 Viterbe,
767 1856 784 1883 8
804 1857 974 1884 novembre
994 1858 1079 1884 1257.

194 1908 429 1934 Concessionem
464 1908 628 1942 hospitalis
663 1908 692 1934 S.
728 1908 883 1936 Leonardi
917 1910 955 1936 de
975 1910 1092 1944 Stagno
1106 1912 1161 1945 (1),

154 1947 285 1974 Pisanae
310 1947 449 1979 diocesis
468 1955 564 1981 quam
590 1948 779 1974 monialibus
804 1950 987 1976 monasterii
1013 1950 1162 1978 Omnium

155 1987 341 2013 Sanctorum
364 1987 505 2020 ejusdem
529 1988 670 2019 diocesiS,
695 1988 812 2015 ordinis
837 1989 866 2015 S.
892 1989 1051 2022 Damiani,
1076 1990 1163 2017 Cras-

155 2034 206 2052 sus
221 2027 389 2053 canonicus
406 2027 547 2058 Pisanus,
563 2029 712 2053 executor
726 2028 824 2055 electo
841 2029 954 2055 Pisano
970 2029 1163 2056 substitutus

156 2066 279 2097 fecerat,
308 2066 486 2097 confirmat,
512 2067 635 2092 litteras
662 2068 869 2094 concessionis
895 2069 1085 2102 praedictae,
1114 2070 1163 2096 die

155 2105 248 2131 XIV⁰
283 2106 400 2139 aprilis,
435 2106 664 2132 notificationis
699 2107 784 2133 dicto
820 2108 928 2134 Crasso
964 2108 1076 2141 factae,
1113 2110 1164 2136 die

155 2144 288 2171 ΧΧΙῙΙο
312 2145 422 2171 martis
447 2146 538 2172 datas
562 2153 682 2172 necnon
705 2146 828 2173 litteras
853 2148 1041 2181 apostolicas
1065 2149 1163 2175 electo

155 2184 268 2211 Pisano
286 2184 394 2211 dicbus
406 2185 524 2211 XX110
540 2185 676 2217 januarii
688 2187 719 2212 et
734 2186 818 2213 ΧΙΙο
832 2187 951 2219 martis,
965 2195 1047 2214 anno
1061 2188 1163 2216 M.CC.

156 2224 270 2255 LV110‚
296 2225 463 2251 mandatas
499 2225 644 2251 inserens.
683 2225 779 2258 (Rea.
818 2226 866 2258 25,
903 2227 924 2253 f.
961 2227 1091 2254 166-167
1116 2232 1162 2259 v⁰‚

156 2270 205 2290 an.
230 2263 280 2294 IV,
301 2271 325 2290 c.
347 2264 423 2296 305;
445 2265 615 2290 Porrfflxsr
636 2265 757 2298 17061.)

199 2364 254 2386 «..,
293 2353 447 2382 abbatisse
485 2355 511 2382 el
549 2355 709 2384 conventui
747 2356 932 2385 monialium
972 2356 1163 2387 inclusarum

155 2405 335 2435 monasterii
364 2406 511 2435 Omnium
542 2406 724 2436 Sanctorum
753 2408 878 2442 Pisani,
908 2409 1028 2439 ordinis
1057 2410 1164 2440 Sancti

154 2457 318 2487 Damiani.
339 2458 442 2487 Justis
462 2459 643 2496 petentium
664 2460 826 2489 desideriis
846 2478 896 2489 —.
919 2462 996 2491 Dat.
1016 2462 1163 2498 Viterbii,

156 2509 202 2539 VI
226 2510 297 2539 idus
322 2511 514 2545 novembris,
539 2520 623 2540 anno
648 2513 754 2542 tertio.
780 2524 791 2539 »

237 2689 327 2716 2750
678 2695 805 2727 Lalran,
832 2698 867 2723 12
892 2699 971 2725 avril
996 2700 1083 2727 1257.

199 2741 364 2775 Episcopo,
384 2744 550 2777 prioribus,
571 2746 688 2772 decano
707 2749 737 2773 et
765 2749 904 2782 capitulo
931 2751 1165 2779 Turonensibus

159 2781 286 2807 mandat
318 2784 354 2808 ut
382 2784 567 2814 magristrum
596 2786 771 2817 Claudium,
801 2789 1029 2817 subdiaconum
1058 2794 1089 2818 et
1117 2800 1165 2818 ca-

159 2820 317 2852 pellanum
345 2824 562 2855 apostolicum,
591 2825 738 2852 basilicae
763 2826 914 2863 Principis
942 2830 1165 2864 Apostolorum

196 2907 218 2929 1.
240 2906 314 2932 Dans
333 2909 355 2932 le
376 2911 450 2935 texte
468 2917 502 2934 on
521 2913 618 2937 trouve
638 2915 728 2938 aussi:
750 2916 876 2945 Stanyno.

1267 330 1463 362 canonicum,
1484 330 1612 357 fratrem
1634 331 1748 358 nobilis
1778 331 1838 358 viri
1868 329 1903 364 1„
1924 332 2100 360 cancellarii
2121 333 2225 365 Urbis,
2245 333 2277 361 in

1267 370 1453 397 canonicum
1476 371 1508 396 et
1529 371 1561 396 in
1584 370 1713 397 fratrem
1736 371 1900 405 recipiant,
1924 372 2014 405 eique
2038 372 2075 399 de
2097 373 2277 407 praebenda

1267 409 1466 443 provideant,
1495 410 1523 436 ei
1550 410 1679 437 stallum
1707 411 1737 437 in
1766 410 1859 437 choro
1888 412 1920 437 et
1946 411 2050 438 locum
2078 411 2109 438 in
2137 412 2278 446 capitulo

1267 456 1339 476 cum
1362 449 1557 483 plenitudine
1578 450 1657 482 Juris
1679 450 1822 477 canonici
1843 451 1963 484 integre
1985 451 2184 484 assignando,
2215 459 2278 479 non

1267 489 1414 515 obstante
1430 489 1514 522 quod
1530 489 1612 516 idem
1628 489 1777 522 magister
1791 497 1854 516 non
1869 491 1916 516 est
1931 490 1969 516 de
1978 490 2152 517 Turonensi
2163 491 2277 518 diocesi

1267 529 1418 554 oriundus
1440 529 1488 555 vel
1511 529 1595 561 quod
1617 528 1695 555 alias
1717 529 1924 556 beneficiatus
1952 530 2062 556 existit
2091 531 2149 557 etc.
2179 531 2277 564 (Rae.

1267 567 1315 599 25,
1336 568 1356 594 f.
1381 568 1436 594 167
1456 572 1502 599 v0,
1524 575 1573 594 an.
1598 566 1650 599 lv,
1671 576 1696 595 c.
1717 568 1799 602 306.)

1309 682 1320 696 «
1336 693 1365 704 ..,
1391 670 1577 709 episcopo‚..,
1602 671 1806 709 prioribus‚..,
1831 672 1945 701 decano
1969 673 1995 700 el
2019 672 2156 710 capitulo
2182 673 2279 703 Turo-

1266 722 1426 752 nensibus.
1461 723 1598 753 Mateica
1634 724 1794 753 commodi
1828 727 1870 754 et.
1918 741 1967 753 —-.
2003 725 2079 754 Dat.
2115 725 2277 761 Laterani,

1268 776 1300 805 X
1330 776 1393 805 kal.
1424 776 1510 810 maii,
1541 785 1626 806 anno
1657 777 1764 806 tertio.
1796 788 1807 803 »

1349 973 1430 999 2751
1725 973 1859 1006 Anagni‚
1878 973 1914 999 12
1932 972 2094 999 decembre
2112 972 2199 1000 1257.

1310 1025 1477 1059 Episcopo,
1505 1025 1622 1051 decano
1648 1026 1680 1051 et
1705 1025 1845 1059 capitulo
1873 1024 2122 1051 Lexoviensibus
2147 1025 2281 1052 mandat

1270 1066 1305 1091 ut
1324 1065 1469 1091 eumdem
1488 1064 1642 1091 Claudum
1661 1065 1692 1091 in
1711 1064 1849 1098 ipsorum
1869 1064 1999 1091 ecclesia
2017 1064 2171 1098 recipiant
2190 1064 2281 1098 eique

1269 1105 1482 1177 ἕὸξθξθηᾱᾶηι
1507 1104 1676 1137 assignent.
1702 1104 1791 1138 (Reg.
1817 1104 1866 1135 25,
1891 1104 1912 1130 f.
1941 1104 1996 1130 167
2021 1108 2067 1135 νῦ,
2093 1111 2143 1130 an.
2172 1103 2224 1136 lv,
2249 1111 2275 1130 c.

1311 1259 1355 1281 «..,
1374 1247 1562 1286 episcopo,..,
1592 1247 1706 1276 decano
1723 1248 1749 1275 et
1766 1246 1902 1285 capitulo
1919 1245 2172 1276 Lexoviensibus.
2193 1245 2279 1276 Pura

1268 1299 1350 1329 fides
1373 1302 1405 1329 et
1427 1300 1548 1330 sincera
1572 1299 1702 1329 devotio
1726 1308 1806 1338 quas
1830 1299 1966 1328 dilectus
1987 1298 2073 1328 filius
2096 1298 2210 1329 nobilis
2232 1298 2283 1328 vir

1269 1353 1475 1382 cancellarius
1501 1352 1596 1383 Urbis
1621 1354 1654 1382 et
1678 1352 1727 1382 sui
1751 1352 1792 1381 ad
1818 1360 1876 1382 nos
1900 1354 1933 1381 et
1958 1351 2142 1381 Romanam
2166 1353 2281 1391 gerant

1269 1405 1445 1435 Ecclesiam
1471 1415 1528 1435 nos
1552 1406 1721 1439 inducunt,
1759 1407 1792 1434 et
1815 1404 1957 1444 gratiosa
1982 1404 2136 1443 obsequia
2155 1406 2189 1434 et
2212 1413 2283 1443 per-

1269 1467 1345 1488 sone
1374 1459 1488 1488 merita
1518 1458 1626 1488 dilecti
1654 1457 1713 1487 filii
1742 1457 1887 1496 magistri
1917 1457 2040 1492 Claudi,
2078 1456 2188 1487 fratris
2215 1457 2276 1491 sui,

1269 1512 1425 1550 capellani
1450 1514 1483 1541 et
1507 1511 1673 1541 familiaris
1699 1511 1811 1545 nostri,
1838 1513 1875 1540 ut
1900 1510 2004 1540 eidem
2029 1509 2206 1549 capellano,
2226 1509 2282 1549 qui

1271 1565 1385 1602 dignus
1409 1567 1458 1594 est
1481 1564 1601 1594 auxilio
1626 1566 1658 1593 et
1682 1563 1804 1597 favore,
1831 1572 1895 1593 non
1919 1564 2023 1593 solum
2047 1563 2150 1602 gratie
2174 1565 2283 1593 nostre

1270 1626 1403 1647 manum
1431 1617 1613 1656 aperiamus
1640 1616 1840 1650 munificam,
1869 1616 1924 1646 sed
1952 1616 2052 1645 etiam
2080 1624 2177 1654 penes
2203 1615 2283 1646 alios

1270 1671 1339 1709 ejus
1376 1670 1544 1700 commoda
1581 1669 1760 1699 affectuoso
1796 1669 1905 1699 studio
1941 1677 2159 1707 procuremus.
2197 1668 2283 1699 Hinc

1270 1726 1319 1753 est
1339 1723 1425 1762 quod
1445 1731 1519 1752 cum
1539 1732 1606 1757 nos,
1621 1722 1766 1752 volentes
1786 1730 1861 1751 eum
1880 1721 2031 1760 prosequi
2050 1721 2162 1752 favore
2180 1721 2284 1761 gratie

1270 1776 1426 1815 specialis,
1452 1778 1490 1805 ut
1514 1784 1554 1804 ex
1579 1776 1639 1805 hoc
1663 1775 1766 1814 possit
1790 1774 1957 1804 beneficiis
1981 1774 2203 1804 ecelesiasticis
2227 1774 2284 1804 ho-

1271 1829 1387 1863 norari,
1411 1828 1656 1858 universitatem
1678 1830 1821 1857 vestram
1842 1826 2020 1857 affectuose
2037 1835 2198 1866 rogamus,
2215 1835 2284 1857 mo-

1271 1891 1384 1911 nemus
1402 1884 1435 1911 et
1453 1882 1621 1911 hortamur
1633 1883 1771 1914 attente,
1785 1889 1842 1919 per
1859 1880 2035 1919 apostolica
2053 1879 2146 1910 vobis
2163 1880 2283 1918 scripta

1271 1935 1476 1973 precipiendo
1505 1934 1699 1964 mandantes
1729 1933 1884 1972 quatinus
1913 1933 2052 1962 eundem
2081 1932 2283 1971 capellanum
2316 1937 2319 1939 ’

1272 1997 1368 2027 quem
1387 1984 1452 2017 suis
1471 1989 1504 2016 et
1522 1996 1653 2017 suorum
1670 1986 1792 2016 meritis
1804 1994 1914 2016 carum
1932 1986 2089 2015 habemus
2108 1985 2283 2024 plurimum

1272 2043 1305 2070 et
1326 2042 1507 2079 acceptum,
1530 2040 1581 2069 vel
1604 2041 1846 2078 procuratorem
1868 2047 1963 2068 suum
1985 2039 2054 2077 eJ'us
2077 2038 2217 2073 nomine,
2241 2038 2282 2068 ob

1272 2093 1486 2123 reverentiam
1518 2092 1703 2131 Apostolice
1745 2091 1835 2122 Sedis
1867 2094 1901 2121 et
1932 2093 2088 2126 nostram,
2121 2091 2284 2130 recipiatis

1271 2146 1304 2176 in
1320 2146 1450 2176 ecclesia
1465 2148 1573 2176 vestra
1588 2146 1621 2175 in
1636 2145 1827 2175 canonicum
1842 2146 1875 2174 et
1889 2144 1922 2174 in
1936 2143 2082 2178 fratrem,
2097 2143 2212 2178 eidem,
2228 2143 2285 2183 qui

1272 2209 1328 2238 per
1350 2208 1383 2229 se
1406 2208 1443 2229 ac
1466 2207 1539 2228 suos
1562 2198 1654 2228 vobis
1677 2200 1710 2227 et
1733 2197 1862 2227 ecclesie
1885 2199 1993 2226 vestre
2015 2198 2125 2236 potest
2147 2196 2284 2226 existere

1272 2252 1494 2290 multipliciter
1517 2250 1711 2285 fructuosus,
1738 2250 1776 2280 de
1801 2250 1964 2289 prebenda
1989 2249 2023 2279 in
2047 2249 2116 2288 ipsa
2141 2249 2283 2283 eeclesia,

1271 2305 1298 2334 si
1313 2307 1411 2334 vacat
1426 2304 1467 2334 ad
1484 2312 1623 2343 presens,
1654 2304 1705 2333 vel
1723 2311 1821 2342 quam
1837 2302 1902 2332 cito
1918 2302 1959 2332 ad
1976 2302 2009 2332 id
2025 2310 2058 2331 se
2073 2301 2212 2332 facultas
2229 2301 2285 2331 ob-

1272 2357 1393 2392 tulerit,
1421 2357 1589 2396 providere
1617 2356 1790 2385 liberaliter
1815 2354 2003 2394 procuretiS‚
2024 2354 2085 2384 sibi
2102 2354 2233 2384 stallum
2251 2355 2284 2384 in

1273 2412 1369 2441 choro
1388 2413 1421 2440 et
1439 2410 1545 2440 locum
1563 2409 1596 2438 in
1616 2408 1759 2447 capitulo
1778 2417 1851 2438 curn
1871 2407 2072 2446 plenitudine
2090 2407 2170 2446 juris
2190 2415 2285 2437 cano-

1274 2464 1335 2493 nici
1360 2463 1563 2501 assignando.
1582 2462 1655 2491 Non
1681 2461 1832 2491 obstante
1858 2460 1884 2490 si
1909 2460 2002 2490 vobis
2027 2469 2085 2498 pro
2110 2460 2179 2490 aliis
2205 2459 2286 2490 dire-

1273 2517 1380 2546 ximus
1407 2516 1526 2554 scripta
1555 2517 1664 2544 nostra
1693 2514 1810 2552 quibus
1839 2513 1963 2543 nullum
1990 2512 2187 2543 auctoritate
2215 2521 2285 2552 pre-

1273 2570 1413 2599 sentium
1424 2567 1637 2607 prejudicium
1647 2567 1790 2606 generari
1800 2567 1863 2604 (1),
1878 2575 1934 2595 seu
1943 2567 2070 2595 statuto
2080 2565 2180 2604 ipsius
2187 2565 2284 2595 eccle-

1273 2623 1317 2652 sie
1336 2623 1374 2652 de
1394 2623 1480 2651 certo
1499 2620 1725 2650 canonicorum
1745 2628 1887 2653 numero,
1905 2619 2100 2657 juramento,
2115 2617 2285 2648 confirma-

1273 2675 1361 2704 tione
1410 2674 1498 2704 Sedis
1535 2672 1718 2712 Apostolice
1743 2674 1802 2701 aut
1826 2680 2020 2711 quacunque
2044 2670 2106 2700 alia
2127 2670 2284 2700 firmitate

1273 2728 1405 2761 vallato,
1422 2727 1472 2756 vel
1487 2727 1513 2755 si
1528 2726 1621 2755 vobis
1637 2725 1723 2764 quod
1740 2734 1803 2754 non
1819 2724 1994 2754 teneamini
2010 2723 2051 2753 ad
2067 2723 2284 2762 receptionem

1274 2781 1324 2809 vel
1345 2779 1560 2818 provisionem
1575 2778 1710 2816 alicujus
1724 2787 1779 2807 seu
1793 2775 2027 2816 aliquorum1a]
2044 2776 2123 2806 Sede
2137 2775 2180 2805 sit
2191 2774 2283 2805 indul

1275 2836 1345 2863 tum
1362 2833 1484 2866 eadem,
1501 2834 1559 2861 aut
1576 2831 1661 2870 quod
1678 2831 1763 2860 idem
1780 2830 1824 2864 C„
1843 2839 1906 2859 non
1923 2831 1971 2859 est
1989 2829 2027 2858 de
2043 2831 2151 2858 vestra
2169 2826 2287 2858 diocesi

1311 2933 1333 2956 1.
1357 2933 1378 2957 11
1396 2937 1514 2961 manque
1533 2932 1566 2955 ici
1583 2936 1620 2953 un
1639 2932 1697 2954 mot
1715 2931 1753 2955 tel
1769 2935 1822 2960 que
1835 2936 1842 2954 t
1855 2929 1982 2953 volumus.
