2477 3512
962 254 1166 294 SIXIEME
1192 252 1359 291 ANNEE
2157 259 2220 291 113

101 374 175 407 Nos
202 374 321 416 igitur,
351 373 422 404 tuis
450 371 769 414 supplicationibus
796 369 967 406 inclinati,
997 371 1038 400 ut
1066 367 1108 399 de

100 427 334 470 proventibus
369 425 569 467 aliquarum
604 422 829 455 ecclesiarum
864 425 925 454 tue
960 420 1106 453 diocesis

101 481 146 512 ad
170 483 272 512 tuam
296 478 520 511 collationem
544 476 795 518 spectantium,
822 485 909 517 quas
933 475 968 506 in
992 473 1107 505 reddi-

99 535 158 565 tus
183 532 384 575 pinguiores
409 531 475 562 tibi
500 530 573 562 fore
599 529 809 565 constiterit,
836 527 996 560 redditus
1021 535 1108 568 qua-

100 585 265 627 draginta
299 584 469 616 librarum
504 582 754 614 parisiensium
789 582 940 617 monete,
977 580 1019 611 de
1053 578 1107 610 tui

100 647 271 671 consensu
305 636 451 678 capituli
484 636 539 667 vel
572 635 716 676 majoris
748 637 784 666 et
816 632 963 666 sanioris
995 631 1107 674 partis

97 691 220 733 ipsius,
245 691 384 722 demere
407 699 448 721 ac
470 688 547 720 illos
570 687 759 720 decanatui
783 686 941 728 predicto
964 685 1000 716 in
1024 693 1109 726 aug-

101 746 263 776 mentum
279 752 423 775 suorum
438 742 643 773 reddituum
660 740 848 782 applicare,
865 739 972 771 libere
987 738 1107 770 valeas

100 796 166 828 tibi
199 795 415 828 auctoritate
448 794 664 837 presentium
698 792 924 825 concedimus
956 791 1107 823 faculta-

98 852 182 887 tem,
220 848 499 882 contradictores
545 849 666 879 autem
703 849 770 878 etc.
810 846 893 877 Dat.
932 845 1103 885 Anagnie,

100 903 214 935 XIIII
238 902 308 935 kal.
330 901 432 943 junii,
456 910 549 933 anno
572 902 686 932 sexto.
711 912 724 928 »

181 1110 273 1137 3114
635 1108 769 1142 Anagni,
792 1108 830 1135 20
853 1107 915 1135 mai
940 1108 1026 1135 1260.

136 1164 285 1198 Magistro
316 1165 349 1190 et
378 1162 528 1190 fratribus
559 1161 722 1196 hospitalis
754 1161 859 1188 Pisani
890 1161 1031 1194 indulget
1063 1162 1109 1193 ut,

99 1208 247 1243 hospItali
264 1215 372 1235 eorum
390 1207 532 1241 magistri
549 1206 697 1240 regimine
715 1206 880 1237 destituto,
901 1206 1004 1232 nullus
1023 1205 1108 1232 dein-

99 1260 171 1287 ceps
192 1252 224 1279 in
246 1252 431 1285 magistrum
453 1253 633 1278 assumatur
653 1250 749 1284 ipsius
771 1250 830 1276 nisi
852 1257 946 1283 quem
967 1250 1109 1277 ordinem
1160 1269 1162 1278 .

40 1297 42 1299 ’
100 1297 129 1324 S.
148 1297 317 1331 Augustini
335 1297 511 1330 professum
528 1295 559 1321 in
577 1295 726 1329 hospitali
743 1294 904 1328 praedicto
922 1295 980 1321 sub
999 1295 1108 1321 eodem

99 1341 208 1368 ordine
237 1341 272 1368 B.
303 1340 473 1374 Augustini
502 1341 533 1366 et
564 1339 723 1366 communi
753 1338 821 1365 vita
851 1339 1027 1372 degentem,
1058 1339 1108 1366 vel

98 1385 200 1419 major
215 1387 245 1413 et
261 1385 366 1413 sanior
380 1392 451 1419 pars
468 1391 575 1411 eorum
591 1383 738 1410 canonice
755 1383 900 1409 duxerint
919 1383 1107 1417 eligendum,

98 1430 189 1463 cujus
224 1429 333 1456 electio
367 1436 423 1463 per
456 1428 638 1455 Romanum
672 1427 856 1461 pontificem
891 1427 1107 1454 confirmetur.

97 1474 195 1508 (Rae.
211 1474 259 1506 25,
274 1473 295 1500 f.
311 1473 370 1500 246
384 1476 431 1505 v0‚
446 1480 496 1499 an.
512 1472 567 1505 VI,
583 1479 608 1499 c.
624 1472 686 1504 59.)

145 1574 157 1589 «
182 1586 202 1593 ..
227 1561 390 1602 mayistro
414 1562 442 1592 el
465 1559 631 1602 [ratribus
654 1559 835 1601 hospitalis
860 1560 998 1597 Pisani,
1021 1559 1109 1601 quod

96 1623 187 1657 pape
222 1613 413 1646 Alexandri
450 1613 585 1650 dicitur,
624 1612 756 1644 ordinis
795 1612 913 1644 Sancti
950 1611 1108 1654 A[uqus-

97 1666 192 1709 linil,
225 1667 269 1699 ad
298 1667 491 1699 Romanam
522 1665 709 1698 Ecclesiam
740 1665 835 1697 nullo
865 1665 974 1697 medio
1004 1666 1109 1707 perti-

97 1720 220 1753 nentis.
265 1720 326 1753 Illa
362 1729 426 1752 vos
456 1719 704 1762 prosequimur
732 1738 786 1750 —.
819 1719 902 1750 Dat.
934 1719 1105 1760 Anagnie,

100 1773 195 1805 XIII
218 1773 288 1805 kal.
311 1773 412 1816 junii,
436 1782 529 1804 anno
552 1775 665 1805 sexto.
691 1785 703 1801 »

183 1977 273 2004 3118
576 1975 711 2009 Anagni,
734 1975 772 2002 23
793 1975 917 2009 janvier
940 1974 1026 2001 1260.

140 2031 288 2062 Henrico,
310 2030 428 2057 decano
451 2028 594 2061 Metensi,
616 2029 657 2055 ad
678 2027 895 2062 Apostolicam
917 2027 1029 2055 Sedem
1050 2034 1107 2061 pro

101 2076 290 2111 quibusdam
317 2073 449 2108 negotiis
475 2072 648 2105 accedenti,
674 2072 818 2099 concedit
845 2073 881 2099 ut
906 2079 961 2098 sex
987 2078 1109 2098 menses

99 2119 305 2154 computandi
325 2126 344 2146 a
364 2118 413 2146 die
433 2125 495 2152 quo
516 2117 575 2144 iter
595 2117 737 2151 arripuit,
758 2117 790 2143 in
810 2118 953 2150 tempore
973 2116 1110 2143 residen-

99 2164 162 2192 tiae
190 2171 285 2199 quam
312 2164 439 2190 tenetur
465 2162 496 2188 in
524 2161 657 2188 Metensi
683 2161 812 2188 ecclesia
839 2160 951 2193 facere,
981 2167 1110 2194 compu-

98 2210 217 2236 tentur.
234 2208 331 2243 (REO.
349 2207 398 2240 25,
415 2207 436 2234 f.
454 2206 512 2234 246
528 2210 575 2239 v0,
592 2213 642 2233 an.
659 2205 715 2238 VI,
732 2213 757 2233 c.
775 2205 837 2239 60.)

148 2312 160 2328 «
200 2297 361 2335 Henrico,
404 2297 528 2329 decano
569 2295 729 2333 Metensi,
771 2294 946 2337 capellano
986 2296 1109 2327 nostro.

101 2354 188 2386 Cum
220 2352 264 2384 ad
294 2350 537 2394 Apostolicam
568 2368 623 2381 —.
656 2349 739 2381 Dat.
772 2349 942 2390 Anagnie,
975 2348 1010 2380 X
1039 2347 1109 2380 kal.

98 2405 278 2442 februarii,
307 2414 400 2436 anno
427 2405 539 2435 sexto.
569 2416 581 2432 »

184 2606 272 2633 3118
608 2606 742 2640 Anagni,
765 2607 783 2633 2
805 2606 918 2634 sevrier
942 2606 1027 2633 1260.

142 2661 254 2688 Eidem
275 2660 411 2687 Henrico
433 2660 566 2687 mandat
586 2661 622 2686 ut
643 2660 787 2686 Folmaro
809 2660 846 2686 de
867 2659 967 2691 Riste,
989 2659 1109 2691 clerico,

103 2706 193 2739 quus
218 2705 356 2739 receptio
382 2705 414 2731 in
440 2704 660 2738 Argentinensi
687 2704 814 2730 ecclesia
840 2711 858 2730 a
884 2703 1110 2730 constitutione

102 2750 175 2777 inde
196 2750 282 2777 edita
302 2751 426 2776 cassata
447 2750 526 2781 erat,
547 2749 585 2775 de
606 2748 786 2782 praebenda
807 2748 912 2782 aliqua
932 2747 1109 2782 provideat.

101 2794 199 2828 (REG.
213 2794 262 2827 25,
273 2794 294 2821 f.
309 2792 508 2828 247,]an.V1,
520 2800 545 2819 c.
558 2793 606 2825 61;
619 2792 841 2825 ΒοῡΕΝΒΕΗο,
853 2793 876 2819 t.
894 2792 953 2825 111,
966 2796 1013 2819 n0.
1028 2792 1110 2826 505.)

149 2899 162 2915 «
201 2886 360 2922 Henrico,
403 2885 527 2916 decano
568 2883 728 2921 Metensi,
770 2882 945 2925 capellano
984 2884 1107 2914 nostro.

104 2939 273 2971 Exhibita
311 2939 412 2970 nobis
448 2937 573 2980 petitio
610 2956 664 2969 —.
703 2936 786 2968 Dat.
824 2936 994 2977 Anagnie,
1036 2936 1108 2967 IIII

105 3001 216 3024 nonas
238 2991 416 3029 februarii,
440 3000 533 3023 anno
556 2992 669 3022 sexto.
695 3002 707 3018 »

1297 364 1385 390 3117
1698 364 1833 397 Anagni,
1856 365 1893 391 25
1916 365 2029 392 fevrier
2052 366 2138 392 1260.

1256 417 1383 445 Cantori
1402 417 1547 444 ecclesiae
1567 417 1596 444 S.
1617 417 1702 443 Petri
1720 417 1956 450 Argentinensis
1976 419 2107 445 mandat
2125 420 2161 445 ut
2180 418 2220 445 ad

1213 462 1424 496 receptionem
1460 460 1597 493 Henrici,
1632 461 1733 488 clerici
1768 461 1805 487 de
1840 461 2037 494 Vinstingen,
2072 462 2220 489 Metensis

1214 505 1351 540 episcopi
1387 505 1620 539 consanguinei,
1658 505 1689 531 in
1726 505 1854 532 ecclesia
1891 505 2022 531 Metensi
2059 506 2220 539 procedat,

1212 550 1306 583 Juxta
1328 549 1506 576 litterarum
1528 551 1670 576 tenorem
1694 556 1771 583 quas
1794 549 1878 575 idem
1902 549 2055 575 Henricus
2079 557 2097 576 a
2120 550 2221 577 bonae

1214 594 1382 621 memoriae
1403 594 1448 626 P„
1470 595 1498 621 S.
1521 593 1643 627 Georgii
1662 594 1703 620 ad
1722 593 1834 620 Velum
1854 593 1992 620 Aureum
2013 592 2137 620 diaconi
2156 601 2222 620 car-

1215 638 1338 670 dinalis,
1363 640 1440 665 tunc
1464 638 1497 664 in
1520 638 1665 672 partibus
1689 637 1748 664 illis
1774 637 1973 671 Apostolicae
1999 637 2085 664 Sedis
2116 637 2222 671 legati,

1213 682 1449 717 impetraverat.
1468 682 1565 716 (Hm.
1583 682 1632 714 25,
1649 682 1670 709 f.
1688 681 1758 714 247,
1776 689 1825 708 an.
1844 681 1899 713 VI,
1917 682 1946 708 d.
1965 682 2005 715 c.)

1259 801 1272 818 «
1303 813 1322 820 ..
1353 788 1482 820 cantori
1512 787 1645 819 ecclesie
1675 787 1793 819 Sancti
1822 787 1915 818 Petri
1947 787 2220 828 Aryentinensis.

1214 841 1269 873 Ex
1289 844 1390 884 parte
1411 840 1530 873 dilecti
1550 859 1604 873 —.
1627 841 1711 872 Dat.
1733 841 1903 882 Anagnie‚
1927 840 1974 872 VI
1997 840 2066 872 kal.
2088 840 2220 876 marcii,

1213 905 1306 927 anno
1329 897 1444 927 sexto.
1469 907 1482 923 »

1299 1100 1387 1126 3118
1703 1099 1837 1134 Anagni,
1860 1100 1898 1127 25
1921 1099 2034 1127 sevrier
2057 1100 2143 1128 1260.

1257 1162 1383 1188 Decano
1413 1161 1559 1188 ecclesiae
1589 1162 1617 1188 S.
1650 1161 1822 1188 Salvatoris
1852 1162 1999 1188 Metensis
2029 1162 2161 1189 mandat
2189 1164 2224 1188 ut

1216 1206 1427 1240 receptionem
1452 1206 1606 1233 ,Iohannis
1633 1206 1670 1232 de
1696 1206 1825 1239 Lapide,
1850 1206 1992 1233 canonici
2017 1206 2225 1238 Treverensis,

1215 1250 1247 1276 in
1265 1251 1393 1277 ecclesia
1411 1250 1632 1283 Argentinensi
1650 1258 1667 1276 a
1686 1250 1912 1277 constitutione
1930 1251 2002 1277 inde
2021 1251 2106 1277 edita
2123 1258 2225 1277 cassa-

1217 1296 1294 1326 tam,
1317 1295 1357 1321 ad
1381 1294 1555 1321 efficaciam
1577 1294 1654 1328 J'uris
1677 1294 1811 1328 pristini,
1836 1295 1955 1328 majore
1978 1295 2018 1321 ad
2040 1295 2072 1321 id
2095 1294 2225 1329 capituli

1215 1340 1305 1373 parte
1324 1339 1502 1371 accedente,
1521 1339 1661 1365 reducat.
1680 1338 1777 1372 (REo.
1797 1339 1846 1371 25,
1864 1339 1885 1365 f.
1905 1339 1974 1371 247,
1993 1346 2042 1366 an.
2062 1339 2118 1371 VI,
2136 1338 2166 1366 d.
2185 1340 2226 1373 c.)

1258 1460 1271 1476 «
1300 1472 1319 1479 ..
1345 1447 1470 1480 decano
1495 1445 1629 1479 ecclesie
1653 1445 1771 1479 Sancti
1806 1444 1993 1479 Salvatoris
2040 1445 2224 1478 Metensis.

1216 1500 1273 1533 Ex
1291 1503 1393 1543 parte
1414 1500 1532 1533 dilecti
1551 1518 1607 1532 -—.
1630 1500 1713 1532 Dat.
1740 1499 1912 1541 Anagnie,
1936 1499 1985 1531 VI
2004 1499 2074 1532 kal.
2092 1499 2222 1537 martii,

1215 1563 1309 1586 anno
1329 1556 1444 1586 sexto.
1467 1566 1480 1583 »

1299 1761 1387 1788 3119
1752 1761 1886 1794 Anagni,
1910 1761 1947 1787 25
1971 1760 2033 1787 mai
2057 1760 2143 1787 1260.

1256 1821 1419 1855 Religiosis
1434 1821 1616 1848 monasterii
1630 1822 1740 1856 Aquae
1753 1822 1863 1854 Vivae,
1875 1822 2063 1849 Turonensis
2083 1821 2225 1854 diocesis,

1217 1865 1353 1892 decimas
1379 1873 1457 1899 quas
1482 1866 1564 1893 infra
1589 1866 1704 1893 limites
1730 1866 1966 1900 parrochiarum
1992 1867 2029 1893 de
2056 1866 2226 1899 Faverolis,

1218 1910 1256 1937 de
1281 1910 1389 1936 Monte
1415 1910 1560 1937 Riccardi
1577 1911 1609 1937 et
1629 1911 1841 1944 quarumdam
1867 1910 1999 1937 aliarum
2024 1909 2225 1938 ecclesiarum

1214 1953 1351 1988 legitime
1364 1954 1631 1988 praescripserunt
1643 1956 1675 1981 et
1687 1954 1859 1988 possident,
1872 1955 2050 1982 confirmat.
2065 1954 2168 1988 (REo.
2181 1954 2220 1982 25

1216 1998 1237 2025 f.
1256 1998 1325 2031 247,
1345 2005 1394 2025 an.
1414 1998 1469 2031 VI,
1488 2005 1514 2026 c.
1533 1998 1595 2032 62.)

1263 2119 1275 2134 «
1307 2131 1326 2138 ..
1359 2105 1475 2138 abbati
1506 2108 1534 2137 et
1565 2106 1742 2138 conventui
1774 2106 1973 2138 monasterii
2006 2106 2102 2147 Aque
2127 2105 2220 2142 Vive,

1217 2159 1350 2191 ordinis
1397 2160 1515 2192 Sancti
1562 2159 1765 2200 Auquslini,
1818 2159 2028 2191 Turonensis
2072 2158 2216 2191 diocesis

1219 2212 1315 2244 Solet
1341 2222 1497 2244 annuere
1523 2212 1629 2245 Sedes
1653 2230 1708 2245 --.
1736 2212 1820 2245 Dat.
1846 2212 2017 2253 Anagnie,
2044 2211 2135 2245 VIII
2162 2211 2219 2243 kal

1218 2265 1319 2307 junii,
1344 2275 1437 2298 anno
1459 2267 1573 2298 sexto.
1597 2278 1610 2294 »

1301 2480 1390 2507 3120
1753 2479 1888 2514 Anagni,
1911 2479 1949 2507 20
1972 2479 2035 2506 mal
2058 2479 2145 2506 1260.

1259 2543 1357 2570 Priori
1377 2543 1494 2570 heremi
1515 2542 1772 2575 camaldulensis,
1793 2543 1942 2570 Aretinae
1963 2540 2103 2572 diocesis,
2125 2538 2226 2566 indul-

1217 2589 1270 2622 get
1294 2589 1330 2615 ut
1354 2587 1386 2614 in
1410 2587 1601 2614 monasterio
1627 2587 1656 2614 S.
1683 2587 1801 2619 Savini,
1827 2584 2073 2613 Camaldulensis
2098 2583 2225 2615 ordinis.

1218 2632 1349 2659 pisanae
1371 2632 1511 2664 diocesis,
1532 2631 1612 2658 sicut
1632 2632 1663 2658 in
1684 2632 1751 2658 aliis
1771 2631 1911 2664 ejusdem
1932 2630 2048 2656 ordinis
2070 2629 2226 2655 monaste-

1216 2677 1278 2709 riis,
1307 2676 1497 2703 visitationis
1525 2676 1666 2702 officium
1694 2677 1879 2702 consuetum
1908 2675 2085 2707 impendero
2114 2671 2222 2705 possit.

1217 2721 1315 2755 (Rau.
1333 2721 1381 2753 25,
1397 2721 1418 2748 f.
1436 2721 1505 2753 247,
1522 2728 1572 2747 an.
1590 2720 1645 2753 VI,
1661 2727 1686 2747 c.
1704 2721 1767 2753 63.)

1263 2841 1276 2858 «
1304 2853 1324 2861 ..
1353 2828 1463 2871 priori
1491 2827 1616 2859 heremi
1647 2826 1931 2861 Camaldulensis,
1962 2824 2006 2856 ad
2033 2824 2224 2855 Romanam

1217 2880 1403 2913 Ecclesiam
1426 2880 1520 2912 nullo
1542 2880 1652 2912 medio
1673 2879 1885 2921 pertinentis,
1906 2877 2045 2909 Aretine
2067 2873 2221 2907 diocesis.

1217 2934 1346 2966 Petitio
1384 2937 1443 2965 [ua
1478 2934 1578 2965 nobis
1611 2952 1664 2964 Μ.
1702 2933 1784 2964 Dat.
1820 2931 1988 2972 Anagnie.
2025 2927 2119 2960 XIII
2153 2924 2222 2957 kal.

1214 2987 1315 3028 junii,
1339 2996 1431 3018 anno
1454 2989 1566 3018 sexto.
1591 3000 1603 3014 »
