<?xml version="1.0" encoding="UTF-8"?>
<!DOCTYPE html PUBLIC "-//W3C//DTD XHTML 1.0 Transitional//EN"
    "http://www.w3.org/TR/xhtml1/DTD/xhtml1-transitional.dtd">
<html xmlns="http://www.w3.org/1999/xhtml" xml:lang="en" lang="en">
 <head>
  <title>
</title>
<meta http-equiv="Content-Type" content="text/html;charset=utf-8" />
  <meta name='ocr-system' content='tesseract 3.04.00' />
  <meta name='ocr-capabilities' content='ocr_page ocr_carea ocr_par ocr_line ocrx_word'/>
</head>
<body>
  <div class='ocr_page' id='page_1' title='image "./lesregistresdegr02cathuoft_0299.png"; bbox 0 0 2477 3512; ppageno 0'>
   <div class='ocr_carea' id='block_1_1' title="bbox 0 3012 99 3512">
    <p class='ocr_par' dir='ltr' id='par_1_1' title="bbox 0 3012 99 3512">
     <span class='ocr_line' id='line_1_1' title="bbox 0 3012 99 3512; baseline 0 0"><span class='ocrx_word' id='word_1_1' title='bbox 0 3012 99 3512; x_wconf 95' lang='lat' dir='ltr'> </span> 
     </span>
    </p>
   </div>
   <div class='ocr_carea' id='block_1_2' title="bbox 923 327 2211 368">
    <p class='ocr_par' dir='ltr' id='par_1_2' title="bbox 923 327 2211 368">
     <span class='ocr_line' id='line_1_2' title="bbox 923 327 2211 368; baseline 0.002 -8"><span class='ocrx_word' id='word_1_2' title='bbox 923 327 1200 368; x_wconf 84' lang='lat' dir='ltr'><strong>QUATRIEME</strong></span> <span class='ocrx_word' id='word_1_3' title='bbox 1220 327 1383 360; x_wconf 86' lang='lat' dir='ltr'>ANNEE</span> <span class='ocrx_word' id='word_1_4' title='bbox 2151 333 2211 364; x_wconf 86' lang='lat'>763</span> 
     </span>
    </p>
   </div>
   <div class='ocr_carea' id='block_1_3' title="bbox 90 432 1121 2943">
    <p class='ocr_par' dir='ltr' id='par_1_3' title="bbox 90 432 1099 682">
     <span class='ocr_line' id='line_1_3' title="bbox 90 432 1099 471; baseline 0.001 -9"><span class='ocrx_word' id='word_1_5' title='bbox 90 446 104 462; x_wconf 75' lang='grc' dir='ltr'>ι</span> <span class='ocrx_word' id='word_1_6' title='bbox 123 435 227 464; x_wconf 84' lang='lat' dir='ltr'>merat</span> <span class='ocrx_word' id='word_1_7' title='bbox 241 434 275 462; x_wconf 90' lang='lat' dir='ltr'>et</span> <span class='ocrx_word' id='word_1_8' title='bbox 291 432 467 467; x_wconf 87' lang='lat' dir='ltr'>remiserat,</span> <span class='ocrx_word' id='word_1_9' title='bbox 482 435 516 462; x_wconf 91' lang='lat' dir='ltr'>et</span> <span class='ocrx_word' id='word_1_10' title='bbox 532 435 732 462; x_wconf 83' lang='lat' dir='ltr'>concesserat</span> <span class='ocrx_word' id='word_1_11' title='bbox 748 432 834 463; x_wconf 90' lang='lat' dir='ltr'>dicto</span> <span class='ocrx_word' id='word_1_12' title='bbox 848 433 894 471; x_wconf 90' lang='lat'>(1)</span> <span class='ocrx_word' id='word_1_13' title='bbox 904 432 1099 463; x_wconf 89' lang='lat' dir='ltr'>monasterio</span> 
     </span>
     <span class='ocr_line' id='line_1_4' title="bbox 91 485 1098 524; baseline 0 -9"><span class='ocrx_word' id='word_1_14' title='bbox 91 499 105 515; x_wconf 73' lang='grc' dir='ltr'>ι</span> <span class='ocrx_word' id='word_1_15' title='bbox 125 485 268 517; x_wconf 86' lang='lat' dir='ltr'>Saxivivi</span> <span class='ocrx_word' id='word_1_16' title='bbox 293 485 400 515; x_wconf 91' lang='lat' dir='ltr'>omnia</span> <span class='ocrx_word' id='word_1_17' title='bbox 425 485 497 524; x_wconf 87' lang='lat' dir='ltr'>jura</span> <span class='ocrx_word' id='word_1_18' title='bbox 522 485 583 515; x_wconf 88' lang='lat' dir='ltr'>sibi</span> <span class='ocrx_word' id='word_1_19' title='bbox 608 487 641 514; x_wconf 90' lang='lat' dir='ltr'>et</span> <span class='ocrx_word' id='word_1_20' title='bbox 666 485 865 524; x_wconf 88' lang='lat' dir='ltr'>episcopatui</span> <span class='ocrx_word' id='word_1_21' title='bbox 890 485 1098 515; x_wconf 91' lang='lat' dir='ltr'>Urbevetano</span> 
     </span>
     <span class='ocr_line' id='line_1_5' title="bbox 92 537 1099 576; baseline 0 -10"><span class='ocrx_word' id='word_1_22' title='bbox 92 551 105 566; x_wconf 76' lang='grc' dir='ltr'>ι</span> <span class='ocrx_word' id='word_1_23' title='bbox 125 538 341 576; x_wconf 80' lang='lat' dir='ltr'>competentia</span> <span class='ocrx_word' id='word_1_24' title='bbox 363 538 395 566; x_wconf 94' lang='lat' dir='ltr'>in</span> <span class='ocrx_word' id='word_1_25' title='bbox 417 537 548 572; x_wconf 87' lang='lat' dir='ltr'>eisdem,</span> <span class='ocrx_word' id='word_1_26' title='bbox 571 539 603 567; x_wconf 90' lang='lat' dir='ltr'>et</span> <span class='ocrx_word' id='word_1_27' title='bbox 624 547 681 576; x_wconf 88' lang='lat' dir='ltr'>per</span> <span class='ocrx_word' id='word_1_28' title='bbox 701 537 903 576; x_wconf 87' lang='lat' dir='ltr'>privilegium</span> <span class='ocrx_word' id='word_1_29' title='bbox 925 537 1003 567; x_wconf 89' lang='lat' dir='ltr'>dicti</span> <span class='ocrx_word' id='word_1_30' title='bbox 1025 537 1099 567; x_wconf 79' lang='lat' dir='ltr'>Ric-</span> 
     </span>
     <span class='ocr_line' id='line_1_6' title="bbox 90 590 1098 629; baseline 0.001 -11"><span class='ocrx_word' id='word_1_31' title='bbox 90 603 102 618; x_wconf 74' lang='grc' dir='ltr'>ι</span> <span class='ocrx_word' id='word_1_32' title='bbox 125 591 222 625; x_wconf 88' lang='lat' dir='ltr'>cardi,</span> <span class='ocrx_word' id='word_1_33' title='bbox 254 591 340 629; x_wconf 90' lang='lat' dir='ltr'>quod</span> <span class='ocrx_word' id='word_1_34' title='bbox 371 590 438 628; x_wconf 89' lang='lat' dir='ltr'>ipse</span> <span class='ocrx_word' id='word_1_35' title='bbox 470 590 646 619; x_wconf 82' lang='lat' dir='ltr'>Riccardus</span> <span class='ocrx_word' id='word_1_36' title='bbox 676 590 898 620; x_wconf 81' lang='lat' dir='ltr'>ratificarevat</span> <span class='ocrx_word' id='word_1_37' title='bbox 927 593 960 619; x_wconf 90' lang='lat' dir='ltr'>et</span> <span class='ocrx_word' id='word_1_38' title='bbox 983 590 1098 620; x_wconf 87' lang='lat' dir='ltr'>confir-</span> 
     </span>
     <span class='ocr_line' id='line_1_7' title="bbox 92 642 1097 682; baseline 0.001 -11"><span class='ocrx_word' id='word_1_39' title='bbox 92 655 104 671; x_wconf 80' lang='lat'>«</span> <span class='ocrx_word' id='word_1_40' title='bbox 124 645 272 673; x_wconf 89' lang='lat' dir='ltr'>maverat</span> <span class='ocrx_word' id='word_1_41' title='bbox 292 643 445 682; x_wconf 91' lang='lat' dir='ltr'>quicquid</span> <span class='ocrx_word' id='word_1_42' title='bbox 460 642 584 672; x_wconf 83' lang='lat' dir='ltr'>factum</span> <span class='ocrx_word' id='word_1_43' title='bbox 600 642 706 672; x_wconf 81' lang='lat' dir='ltr'>fuerat</span> <span class='ocrx_word' id='word_1_44' title='bbox 725 652 743 672; x_wconf 91' lang='lat' dir='ltr'>a</span> <span class='ocrx_word' id='word_1_45' title='bbox 759 643 927 672; x_wconf 89' lang='lat' dir='ltr'>Guillelmo</span> <span class='ocrx_word' id='word_1_46' title='bbox 942 643 1097 682; x_wconf 91' lang='lat' dir='ltr'>predicto.</span> 
     </span>
    </p>

    <p class='ocr_par' dir='ltr' id='par_1_4' title="bbox 92 694 1103 1260">
     <span class='ocr_line' id='line_1_8' title="bbox 133 694 1099 733; baseline 0 -10"><span class='ocrx_word' id='word_1_47' title='bbox 133 708 144 723; x_wconf 88' lang='lat'>«</span> <span class='ocrx_word' id='word_1_48' title='bbox 167 696 333 726; x_wconf 88' lang='lat' dir='ltr'>Secundo:</span> <span class='ocrx_word' id='word_1_49' title='bbox 360 695 562 733; x_wconf 87' lang='lat' dir='ltr'>privilegium</span> <span class='ocrx_word' id='word_1_50' title='bbox 584 695 683 724; x_wconf 86' lang='lat' dir='ltr'>felicis</span> <span class='ocrx_word' id='word_1_51' title='bbox 716 695 944 725; x_wconf 85' lang='lat' dir='ltr'>recordationis</span> <span class='ocrx_word' id='word_1_52' title='bbox 978 694 1099 725; x_wconf 91' lang='lat' dir='ltr'>domini</span> 
     </span>
     <span class='ocr_line' id='line_1_9' title="bbox 96 748 1100 786; baseline 0.001 -10"><span class='ocrx_word' id='word_1_53' title='bbox 96 761 108 776; x_wconf 85' lang='lat'>«</span> <span class='ocrx_word' id='word_1_54' title='bbox 133 748 321 782; x_wconf 87' lang='lat' dir='ltr'>Innocentii,</span> <span class='ocrx_word' id='word_1_55' title='bbox 342 757 426 786; x_wconf 83' lang='lat' dir='ltr'>pape</span> <span class='ocrx_word' id='word_1_56' title='bbox 447 748 588 781; x_wconf 91' lang='lat' dir='ltr'>secundi,</span> <span class='ocrx_word' id='word_1_57' title='bbox 621 757 678 786; x_wconf 89' lang='lat' dir='ltr'>per</span> <span class='ocrx_word' id='word_1_58' title='bbox 697 748 928 786; x_wconf 87' lang='lat' dir='ltr'>transcriptum</span> <span class='ocrx_word' id='word_1_59' title='bbox 950 748 989 777; x_wconf 90' lang='lat' dir='ltr'>de</span> <span class='ocrx_word' id='word_1_60' title='bbox 1009 756 1100 777; x_wconf 87' lang='lat' dir='ltr'>man-</span> 
     </span>
     <span class='ocr_line' id='line_1_10' title="bbox 94 800 1099 839; baseline -0.001 -9"><span class='ocrx_word' id='word_1_61' title='bbox 94 813 106 828; x_wconf 83' lang='lat'>«</span> <span class='ocrx_word' id='word_1_62' title='bbox 129 801 206 830; x_wconf 90' lang='lat' dir='ltr'>dato</span> <span class='ocrx_word' id='word_1_63' title='bbox 223 803 256 830; x_wconf 90' lang='lat' dir='ltr'>et</span> <span class='ocrx_word' id='word_1_64' title='bbox 272 800 469 830; x_wconf 89' lang='lat' dir='ltr'>auctoritate</span> <span class='ocrx_word' id='word_1_65' title='bbox 486 800 651 829; x_wconf 82' lang='lat' dir='ltr'>recolende</span> <span class='ocrx_word' id='word_1_66' title='bbox 667 801 819 830; x_wconf 85' lang='lat' dir='ltr'>memorie</span> <span class='ocrx_word' id='word_1_67' title='bbox 836 801 965 839; x_wconf 80' lang='lat' dir='ltr'>Pelagii,</span> <span class='ocrx_word' id='word_1_68' title='bbox 984 800 1099 830; x_wconf 81' lang='lat' dir='ltr'>Sancte</span> 
     </span>
     <span class='ocr_line' id='line_1_11' title="bbox 92 852 1099 892; baseline 0.001 -11"><span class='ocrx_word' id='word_1_69' title='bbox 92 865 104 881; x_wconf 69' lang='grc' dir='ltr'>σι</span> <span class='ocrx_word' id='word_1_70' title='bbox 125 853 222 883; x_wconf 92' lang='lat' dir='ltr'>Lucie</span> <span class='ocrx_word' id='word_1_71' title='bbox 231 853 269 882; x_wconf 90' lang='lat' dir='ltr'>de</span> <span class='ocrx_word' id='word_1_72' title='bbox 279 853 451 891; x_wconf 88' lang='lat' dir='ltr'>Septasolis</span> <span class='ocrx_word' id='word_1_73' title='bbox 460 853 530 891; x_wconf 87' lang='lat' dir='ltr'>(sic)</span> <span class='ocrx_word' id='word_1_74' title='bbox 540 852 665 882; x_wconf 91' lang='lat' dir='ltr'>diaconi</span> <span class='ocrx_word' id='word_1_75' title='bbox 674 853 853 887; x_wconf 89' lang='lat' dir='ltr'>cardinalis,</span> <span class='ocrx_word' id='word_1_76' title='bbox 862 862 960 882; x_wconf 88' lang='lat' dir='ltr'>manu</span> <span class='ocrx_word' id='word_1_77' title='bbox 972 853 1099 892; x_wconf 89' lang='lat' dir='ltr'>publica</span> 
     </span>
     <span class='ocr_line' id='line_1_12' title="bbox 93 904 1097 943; baseline 0.001 -10"><span class='ocrx_word' id='word_1_78' title='bbox 93 917 105 933; x_wconf 70' lang='grc' dir='ltr'><strong><em>α</em></strong></span> <span class='ocrx_word' id='word_1_79' title='bbox 124 906 291 935; x_wconf 88' lang='lat' dir='ltr'>redactum</span> <span class='ocrx_word' id='word_1_80' title='bbox 325 905 357 934; x_wconf 92' lang='lat' dir='ltr'>in</span> <span class='ocrx_word' id='word_1_81' title='bbox 392 905 554 943; x_wconf 84' lang='lat' dir='ltr'>publicam</span> <span class='ocrx_word' id='word_1_82' title='bbox 582 904 719 934; x_wconf 83' lang='lat' dir='ltr'>formam</span> <span class='ocrx_word' id='word_1_83' title='bbox 745 907 778 934; x_wconf 89' lang='lat' dir='ltr'>et</span> <span class='ocrx_word' id='word_1_84' title='bbox 805 905 904 943; x_wconf 91' lang='lat' dir='ltr'>ipsius</span> <span class='ocrx_word' id='word_1_85' title='bbox 927 905 1097 935; x_wconf 86' lang='lat' dir='ltr'>cardinalis</span> 
     </span>
     <span class='ocr_line' id='line_1_13' title="bbox 93 957 1100 997; baseline 0.001 -11"><span class='ocrx_word' id='word_1_86' title='bbox 93 969 106 986; x_wconf 74' lang='grc' dir='ltr'><em>α</em></span> <span class='ocrx_word' id='word_1_87' title='bbox 127 958 228 997; x_wconf 86' lang='lat' dir='ltr'>sigillo</span> <span class='ocrx_word' id='word_1_88' title='bbox 258 957 432 991; x_wconf 91' lang='lat' dir='ltr'>munitum,</span> <span class='ocrx_word' id='word_1_89' title='bbox 464 967 520 996; x_wconf 91' lang='lat' dir='ltr'>per</span> <span class='ocrx_word' id='word_1_90' title='bbox 551 958 637 996; x_wconf 91' lang='lat' dir='ltr'>quod</span> <span class='ocrx_word' id='word_1_91' title='bbox 669 957 798 987; x_wconf 86' lang='lat' dir='ltr'>dicebat</span> <span class='ocrx_word' id='word_1_92' title='bbox 828 967 895 987; x_wconf 88' lang='lat' dir='ltr'>esse</span> <span class='ocrx_word' id='word_1_93' title='bbox 925 958 1100 996; x_wconf 91' lang='lat' dir='ltr'>probatum</span> 
     </span>
     <span class='ocr_line' id='line_1_14' title="bbox 94 1010 1101 1050; baseline 0.003 -13"><span class='ocrx_word' id='word_1_94' title='bbox 94 1022 106 1037; x_wconf 67' lang='grc' dir='ltr'><strong>α</strong></span> <span class='ocrx_word' id='word_1_95' title='bbox 128 1011 215 1050; x_wconf 89' lang='lat' dir='ltr'>quod</span> <span class='ocrx_word' id='word_1_96' title='bbox 239 1010 324 1039; x_wconf 87' lang='lat' dir='ltr'>idem</span> <span class='ocrx_word' id='word_1_97' title='bbox 362 1010 568 1039; x_wconf 86' lang='lat' dir='ltr'>Innocentius</span> <span class='ocrx_word' id='word_1_98' title='bbox 591 1010 750 1039; x_wconf 91' lang='lat' dir='ltr'>secundus</span> <span class='ocrx_word' id='word_1_99' title='bbox 773 1011 1005 1040; x_wconf 88' lang='lat' dir='ltr'>monasterium</span> <span class='ocrx_word' id='word_1_100' title='bbox 1032 1020 1101 1049; x_wconf 89' lang='lat' dir='ltr'>pre-</span> 
     </span>
     <span class='ocr_line' id='line_1_15' title="bbox 96 1062 1101 1102; baseline 0.001 -11"><span class='ocrx_word' id='word_1_101' title='bbox 96 1075 108 1091; x_wconf 84' lang='lat'>«</span> <span class='ocrx_word' id='word_1_102' title='bbox 130 1063 254 1093; x_wconf 91' lang='lat' dir='ltr'>dictum</span> <span class='ocrx_word' id='word_1_103' title='bbox 288 1071 361 1092; x_wconf 91' lang='lat' dir='ltr'>cum</span> <span class='ocrx_word' id='word_1_104' title='bbox 395 1062 543 1092; x_wconf 92' lang='lat' dir='ltr'>omnibus</span> <span class='ocrx_word' id='word_1_105' title='bbox 576 1063 728 1092; x_wconf 90' lang='lat' dir='ltr'>membris</span> <span class='ocrx_word' id='word_1_106' title='bbox 761 1063 836 1097; x_wconf 90' lang='lat' dir='ltr'>suis,</span> <span class='ocrx_word' id='word_1_107' title='bbox 870 1066 902 1092; x_wconf 89' lang='lat' dir='ltr'>et</span> <span class='ocrx_word' id='word_1_108' title='bbox 935 1063 1101 1102; x_wconf 80' lang='lat' dir='ltr'>presertim</span> 
     </span>
     <span class='ocr_line' id='line_1_16' title="bbox 96 1115 1103 1155; baseline 0.001 -11"><span class='ocrx_word' id='word_1_109' title='bbox 96 1128 108 1144; x_wconf 70' lang='grc' dir='ltr'><strong>α</strong></span> <span class='ocrx_word' id='word_1_110' title='bbox 130 1125 203 1146; x_wconf 90' lang='lat' dir='ltr'>cum</span> <span class='ocrx_word' id='word_1_111' title='bbox 226 1115 378 1154; x_wconf 83' lang='lat' dir='ltr'>predictis</span> <span class='ocrx_word' id='word_1_112' title='bbox 402 1115 518 1145; x_wconf 85' lang='lat' dir='ltr'>Sancte</span> <span class='ocrx_word' id='word_1_113' title='bbox 541 1115 649 1145; x_wconf 87' lang='lat' dir='ltr'>Crucis</span> <span class='ocrx_word' id='word_1_114' title='bbox 672 1117 704 1145; x_wconf 88' lang='lat' dir='ltr'>et</span> <span class='ocrx_word' id='word_1_115' title='bbox 728 1116 919 1146; x_wconf 89' lang='lat' dir='ltr'>Sanctorum</span> <span class='ocrx_word' id='word_1_116' title='bbox 942 1116 1048 1155; x_wconf 85' lang='lat' dir='ltr'>Egidii</span> <span class='ocrx_word' id='word_1_117' title='bbox 1070 1118 1103 1145; x_wconf 89' lang='lat' dir='ltr'>et</span> 
     </span>
     <span class='ocr_line' id='line_1_17' title="bbox 96 1165 1102 1207; baseline 0.002 -11"><span class='ocrx_word' id='word_1_118' title='bbox 96 1181 108 1196; x_wconf 83' lang='lat'>«</span> <span class='ocrx_word' id='word_1_119' title='bbox 129 1165 254 1199; x_wconf 85' lang='lat' dir='ltr'>Nicolai</span> <span class='ocrx_word' id='word_1_120' title='bbox 278 1168 416 1198; x_wconf 89' lang='lat' dir='ltr'>ecclesiis</span> <span class='ocrx_word' id='word_1_121' title='bbox 438 1168 646 1207; x_wconf 88' lang='lat' dir='ltr'>ipsarumque</span> <span class='ocrx_word' id='word_1_122' title='bbox 669 1169 812 1207; x_wconf 89' lang='lat' dir='ltr'>personis</span> <span class='ocrx_word' id='word_1_123' title='bbox 835 1171 868 1198; x_wconf 88' lang='lat' dir='ltr'>et</span> <span class='ocrx_word' id='word_1_124' title='bbox 890 1168 1102 1207; x_wconf 81' lang='lat' dir='ltr'>pertinentiis,</span> 
     </span>
     <span class='ocr_line' id='line_1_18' title="bbox 97 1221 1102 1260; baseline 0.001 -11"><span class='ocrx_word' id='word_1_125' title='bbox 97 1234 108 1249; x_wconf 83' lang='lat'>«</span> <span class='ocrx_word' id='word_1_126' title='bbox 131 1222 172 1252; x_wconf 90' lang='lat' dir='ltr'>ab</span> <span class='ocrx_word' id='word_1_127' title='bbox 203 1221 353 1251; x_wconf 86' lang='lat' dir='ltr'>omnibus</span> <span class='ocrx_word' id='word_1_128' title='bbox 383 1221 508 1259; x_wconf 89' lang='lat' dir='ltr'>juribus</span> <span class='ocrx_word' id='word_1_129' title='bbox 540 1221 774 1260; x_wconf 90' lang='lat' dir='ltr'>episcopalibus</span> <span class='ocrx_word' id='word_1_130' title='bbox 805 1224 874 1250; x_wconf 90' lang='lat' dir='ltr'>erat</span> <span class='ocrx_word' id='word_1_131' title='bbox 904 1224 1102 1260; x_wconf 80' lang='lat' dir='ltr'>exemptum.</span> 
     </span>
    </p>

    <p class='ocr_par' dir='ltr' id='par_1_5' title="bbox 96 1274 1111 1944">
     <span class='ocr_line' id='line_1_19' title="bbox 136 1274 1103 1312; baseline 0.002 -11"><span class='ocrx_word' id='word_1_132' title='bbox 136 1286 147 1301; x_wconf 90' lang='lat'>«</span> <span class='ocrx_word' id='word_1_133' title='bbox 169 1274 298 1304; x_wconf 83' lang='lat' dir='ltr'>Tertio:</span> <span class='ocrx_word' id='word_1_134' title='bbox 322 1274 524 1312; x_wconf 88' lang='lat' dir='ltr'>privilegium</span> <span class='ocrx_word' id='word_1_135' title='bbox 543 1274 736 1303; x_wconf 83' lang='lat' dir='ltr'>sanctissimi</span> <span class='ocrx_word' id='word_1_136' title='bbox 761 1274 863 1312; x_wconf 87' lang='lat' dir='ltr'>patris</span> <span class='ocrx_word' id='word_1_137' title='bbox 891 1274 1011 1303; x_wconf 91' lang='lat' dir='ltr'>domini</span> <span class='ocrx_word' id='word_1_138' title='bbox 1031 1274 1103 1303; x_wconf 84' lang='lat' dir='ltr'>Ale-</span> 
     </span>
     <span class='ocr_line' id='line_1_20' title="bbox 96 1326 1105 1365; baseline 0.001 -10"><span class='ocrx_word' id='word_1_139' title='bbox 96 1339 107 1355; x_wconf 99' lang='lat'>«</span> <span class='ocrx_word' id='word_1_140' title='bbox 130 1327 256 1361; x_wconf 88' lang='lat' dir='ltr'>xandri‚</span> <span class='ocrx_word' id='word_1_141' title='bbox 282 1335 365 1365; x_wconf 88' lang='lat' dir='ltr'>pape</span> <span class='ocrx_word' id='word_1_142' title='bbox 390 1326 508 1364; x_wconf 87' lang='lat' dir='ltr'>quarti,</span> <span class='ocrx_word' id='word_1_143' title='bbox 534 1335 597 1365; x_wconf 94' lang='lat' dir='ltr'>quo</span> <span class='ocrx_word' id='word_1_144' title='bbox 622 1326 775 1356; x_wconf 87' lang='lat' dir='ltr'>exemisse</span> <span class='ocrx_word' id='word_1_145' title='bbox 799 1327 840 1355; x_wconf 89' lang='lat' dir='ltr'>ab</span> <span class='ocrx_word' id='word_1_146' title='bbox 866 1327 952 1356; x_wconf 92' lang='lat' dir='ltr'>omni</span> <span class='ocrx_word' id='word_1_147' title='bbox 977 1336 1105 1365; x_wconf 89' lang='lat' dir='ltr'>prorsus</span> 
     </span>
     <span class='ocr_line' id='line_1_21' title="bbox 96 1379 1104 1418; baseline 0.001 -11"><span class='ocrx_word' id='word_1_148' title='bbox 96 1392 107 1407; x_wconf 73' lang='grc' dir='ltr'><strong>α</strong></span> <span class='ocrx_word' id='word_1_149' title='bbox 132 1379 305 1418; x_wconf 89' lang='lat' dir='ltr'>episcopali</span> <span class='ocrx_word' id='word_1_150' title='bbox 341 1379 563 1417; x_wconf 88' lang='lat' dir='ltr'>jurisdictione</span> <span class='ocrx_word' id='word_1_151' title='bbox 602 1379 725 1408; x_wconf 87' lang='lat' dir='ltr'>dictum</span> <span class='ocrx_word' id='word_1_152' title='bbox 762 1379 994 1408; x_wconf 88' lang='lat' dir='ltr'>monasterium</span> <span class='ocrx_word' id='word_1_153' title='bbox 1032 1388 1104 1408; x_wconf 91' lang='lat' dir='ltr'>cum</span> 
     </span>
     <span class='ocr_line' id='line_1_22' title="bbox 98 1431 1105 1470; baseline 0 -10"><span class='ocrx_word' id='word_1_154' title='bbox 98 1444 110 1460; x_wconf 73' lang='lat' dir='ltr'>or</span> <span class='ocrx_word' id='word_1_155' title='bbox 132 1432 270 1462; x_wconf 85' lang='lat' dir='ltr'>ecclesiis</span> <span class='ocrx_word' id='word_1_156' title='bbox 298 1432 338 1461; x_wconf 89' lang='lat' dir='ltr'>ad</span> <span class='ocrx_word' id='word_1_157' title='bbox 367 1432 472 1470; x_wconf 90' lang='lat' dir='ltr'>ipsum</span> <span class='ocrx_word' id='word_1_158' title='bbox 501 1431 723 1470; x_wconf 78' lang='lat' dir='ltr'>spectantibus</span> <span class='ocrx_word' id='word_1_159' title='bbox 751 1434 784 1461; x_wconf 93' lang='lat' dir='ltr'>et</span> <span class='ocrx_word' id='word_1_160' title='bbox 812 1432 1003 1461; x_wconf 90' lang='lat' dir='ltr'>nominatim</span> <span class='ocrx_word' id='word_1_161' title='bbox 1032 1441 1105 1461; x_wconf 90' lang='lat' dir='ltr'>cum</span> 
     </span>
     <span class='ocr_line' id='line_1_23' title="bbox 98 1484 1107 1523; baseline 0.001 -11"><span class='ocrx_word' id='word_1_162' title='bbox 98 1497 110 1512; x_wconf 64' lang='grc' dir='ltr'>ι</span> <span class='ocrx_word' id='word_1_163' title='bbox 132 1485 325 1523; x_wconf 89' lang='lat' dir='ltr'>supradictis</span> <span class='ocrx_word' id='word_1_164' title='bbox 346 1484 484 1514; x_wconf 88' lang='lat' dir='ltr'>ecclesiis</span> <span class='ocrx_word' id='word_1_165' title='bbox 505 1486 537 1513; x_wconf 88' lang='lat' dir='ltr'>et</span> <span class='ocrx_word' id='word_1_166' title='bbox 557 1493 667 1513; x_wconf 90' lang='lat' dir='ltr'>earum</span> <span class='ocrx_word' id='word_1_167' title='bbox 688 1484 830 1522; x_wconf 90' lang='lat' dir='ltr'>personis</span> <span class='ocrx_word' id='word_1_168' title='bbox 851 1486 884 1513; x_wconf 87' lang='lat' dir='ltr'>et</span> <span class='ocrx_word' id='word_1_169' title='bbox 904 1484 1107 1522; x_wconf 83' lang='lat' dir='ltr'>pertinentiis</span> 
     </span>
     <span class='ocr_line' id='line_1_24' title="bbox 100 1536 1107 1576; baseline 0.001 -11"><span class='ocrx_word' id='word_1_170' title='bbox 100 1550 111 1565; x_wconf 69' lang='grc' dir='ltr'><strong>α</strong></span> <span class='ocrx_word' id='word_1_171' title='bbox 133 1538 307 1571; x_wconf 85' lang='lat' dir='ltr'>asserebat,</span> <span class='ocrx_word' id='word_1_172' title='bbox 346 1537 436 1566; x_wconf 90' lang='lat' dir='ltr'>salvo</span> <span class='ocrx_word' id='word_1_173' title='bbox 472 1536 543 1574; x_wconf 85' lang='lat' dir='ltr'>jure</span> <span class='ocrx_word' id='word_1_174' title='bbox 581 1537 758 1566; x_wconf 89' lang='lat' dir='ltr'>diocesanis</span> <span class='ocrx_word' id='word_1_175' title='bbox 796 1536 962 1575; x_wconf 89' lang='lat' dir='ltr'>episcopis,</span> <span class='ocrx_word' id='word_1_176' title='bbox 1001 1537 1107 1576; x_wconf 87' lang='lat' dir='ltr'>siquid</span> 
     </span>
     <span class='ocr_line' id='line_1_25' title="bbox 100 1589 1107 1627; baseline 0.002 -10"><span class='ocrx_word' id='word_1_177' title='bbox 100 1602 111 1617; x_wconf 84' lang='lat'>«</span> <span class='ocrx_word' id='word_1_178' title='bbox 134 1592 217 1620; x_wconf 90' lang='lat' dir='ltr'>esset</span> <span class='ocrx_word' id='word_1_179' title='bbox 239 1589 282 1619; x_wconf 90' lang='lat' dir='ltr'>eis</span> <span class='ocrx_word' id='word_1_180' title='bbox 305 1599 323 1619; x_wconf 89' lang='lat' dir='ltr'>a</span> <span class='ocrx_word' id='word_1_181' title='bbox 346 1591 490 1627; x_wconf 86' lang='lat' dir='ltr'>tempore</span> <span class='ocrx_word' id='word_1_182' title='bbox 513 1589 649 1627; x_wconf 87' lang='lat' dir='ltr'>predicti</span> <span class='ocrx_word' id='word_1_183' title='bbox 674 1589 852 1618; x_wconf 89' lang='lat' dir='ltr'>Innocentii</span> <span class='ocrx_word' id='word_1_184' title='bbox 874 1590 1005 1619; x_wconf 90' lang='lat' dir='ltr'>secundi</span> <span class='ocrx_word' id='word_1_185' title='bbox 1028 1590 1107 1619; x_wconf 90' lang='lat' dir='ltr'>citra</span> 
     </span>
     <span class='ocr_line' id='line_1_26' title="bbox 99 1642 1110 1681; baseline 0.002 -11"><span class='ocrx_word' id='word_1_186' title='bbox 99 1655 111 1669; x_wconf 81' lang='lat'>«</span> <span class='ocrx_word' id='word_1_187' title='bbox 133 1643 165 1672; x_wconf 89' lang='lat' dir='ltr'>in</span> <span class='ocrx_word' id='word_1_188' title='bbox 198 1642 297 1681; x_wconf 85' lang='lat' dir='ltr'>ipsius</span> <span class='ocrx_word' id='word_1_189' title='bbox 330 1642 515 1672; x_wconf 89' lang='lat' dir='ltr'>monasterii</span> <span class='ocrx_word' id='word_1_190' title='bbox 541 1642 679 1671; x_wconf 90' lang='lat' dir='ltr'>ecclesiis</span> <span class='ocrx_word' id='word_1_191' title='bbox 716 1642 945 1681; x_wconf 53' lang='lat' dir='ltr'>acquisituum⁴</span> <span class='ocrx_word' id='word_1_192' title='bbox 971 1642 1110 1672; x_wconf 82' lang='lat' dir='ltr'>Dicebat</span> 
     </span>
     <span class='ocr_line' id='line_1_27' title="bbox 101 1695 1109 1734; baseline 0.001 -11"><span class='ocrx_word' id='word_1_193' title='bbox 101 1708 113 1723; x_wconf 71' lang='grc' dir='ltr'>α</span> <span class='ocrx_word' id='word_1_194' title='bbox 135 1698 278 1734; x_wconf 86' lang='lat' dir='ltr'>preterea</span> <span class='ocrx_word' id='word_1_195' title='bbox 305 1704 337 1724; x_wconf 91' lang='lat' dir='ltr'>se</span> <span class='ocrx_word' id='word_1_196' title='bbox 364 1704 419 1733; x_wconf 90' lang='lat' dir='ltr'>per</span> <span class='ocrx_word' id='word_1_197' title='bbox 444 1697 543 1724; x_wconf 87' lang='lat' dir='ltr'>testes</span> <span class='ocrx_word' id='word_1_198' title='bbox 568 1695 600 1724; x_wconf 91' lang='lat' dir='ltr'>in</span> <span class='ocrx_word' id='word_1_199' title='bbox 627 1695 778 1733; x_wconf 88' lang='lat' dir='ltr'>predictis</span> <span class='ocrx_word' id='word_1_200' title='bbox 805 1695 908 1724; x_wconf 91' lang='lat' dir='ltr'>causis</span> <span class='ocrx_word' id='word_1_201' title='bbox 934 1696 1109 1733; x_wconf 91' lang='lat' dir='ltr'>productos</span> 
     </span>
     <span class='ocr_line' id='line_1_28' title="bbox 102 1747 1110 1786; baseline 0.001 -10"><span class='ocrx_word' id='word_1_202' title='bbox 102 1760 114 1776; x_wconf 72' lang='grc' dir='ltr'><strong>α</strong></span> <span class='ocrx_word' id='word_1_203' title='bbox 135 1748 273 1778; x_wconf 85' lang='lat' dir='ltr'>formam</span> <span class='ocrx_word' id='word_1_204' title='bbox 294 1747 451 1786; x_wconf 86' lang='lat' dir='ltr'>privilegii</span> <span class='ocrx_word' id='word_1_205' title='bbox 473 1747 551 1777; x_wconf 91' lang='lat' dir='ltr'>dicti</span> <span class='ocrx_word' id='word_1_206' title='bbox 575 1747 753 1777; x_wconf 89' lang='lat' dir='ltr'>Innocentii</span> <span class='ocrx_word' id='word_1_207' title='bbox 774 1748 905 1777; x_wconf 90' lang='lat' dir='ltr'>secundi</span> <span class='ocrx_word' id='word_1_208' title='bbox 927 1750 959 1777; x_wconf 92' lang='lat' dir='ltr'>et</span> <span class='ocrx_word' id='word_1_209' title='bbox 980 1748 1110 1777; x_wconf 87' lang='lat' dir='ltr'>ammis-</span> 
     </span>
     <span class='ocr_line' id='line_1_29' title="bbox 100 1800 1109 1839; baseline 0.001 -10"><span class='ocrx_word' id='word_1_210' title='bbox 100 1813 112 1829; x_wconf 84' lang='lat'>«</span> <span class='ocrx_word' id='word_1_211' title='bbox 134 1801 255 1831; x_wconf 92' lang='lat' dir='ltr'>sionem</span> <span class='ocrx_word' id='word_1_212' title='bbox 267 1801 366 1839; x_wconf 92' lang='lat' dir='ltr'>ipsius</span> <span class='ocrx_word' id='word_1_213' title='bbox 378 1800 574 1839; x_wconf 87' lang='lat' dir='ltr'>probavisse,</span> <span class='ocrx_word' id='word_1_214' title='bbox 588 1801 739 1839; x_wconf 90' lang='lat' dir='ltr'>quodque</span> <span class='ocrx_word' id='word_1_215' title='bbox 751 1800 855 1838; x_wconf 90' lang='lat' dir='ltr'>ipsum</span> <span class='ocrx_word' id='word_1_216' title='bbox 867 1801 1109 1835; x_wconf 88' lang='lat' dir='ltr'>monasterium,</span> 
     </span>
     <span class='ocr_line' id='line_1_30' title="bbox 101 1853 1111 1892; baseline 0.002 -11"><span class='ocrx_word' id='word_1_217' title='bbox 101 1866 112 1881; x_wconf 71' lang='grc' dir='ltr'><strong><em>α</em></strong></span> <span class='ocrx_word' id='word_1_218' title='bbox 135 1863 153 1884; x_wconf 88' lang='lat' dir='ltr'>a</span> <span class='ocrx_word' id='word_1_219' title='bbox 178 1856 323 1892; x_wconf 87' lang='lat' dir='ltr'>tempore</span> <span class='ocrx_word' id='word_1_220' title='bbox 355 1853 447 1891; x_wconf 86' lang='lat' dir='ltr'>cujus</span> <span class='ocrx_word' id='word_1_221' title='bbox 479 1862 542 1882; x_wconf 93' lang='lat' dir='ltr'>non</span> <span class='ocrx_word' id='word_1_222' title='bbox 586 1855 656 1882; x_wconf 90' lang='lat' dir='ltr'>erat</span> <span class='ocrx_word' id='word_1_223' title='bbox 686 1853 850 1887; x_wconf 86' lang='lat' dir='ltr'>memoria,</span> <span class='ocrx_word' id='word_1_224' title='bbox 884 1853 1111 1892; x_wconf 89' lang='lat' dir='ltr'>prescripserat</span> 
     </span>
     <span class='ocr_line' id='line_1_31' title="bbox 100 1906 984 1944; baseline 0 -9"><span class='ocrx_word' id='word_1_225' title='bbox 100 1919 113 1935; x_wconf 77' lang='grc' dir='ltr'>ι</span> <span class='ocrx_word' id='word_1_226' title='bbox 134 1907 262 1937; x_wconf 91' lang='lat' dir='ltr'>easdem</span> <span class='ocrx_word' id='word_1_227' title='bbox 280 1906 426 1936; x_wconf 89' lang='lat' dir='ltr'>ecclesias</span> <span class='ocrx_word' id='word_1_228' title='bbox 446 1908 478 1935; x_wconf 91' lang='lat' dir='ltr'>et</span> <span class='ocrx_word' id='word_1_229' title='bbox 498 1906 569 1944; x_wconf 87' lang='lat' dir='ltr'>jura</span> <span class='ocrx_word' id='word_1_230' title='bbox 589 1906 781 1944; x_wconf 89' lang='lat' dir='ltr'>episcopalia</span> <span class='ocrx_word' id='word_1_231' title='bbox 804 1906 835 1935; x_wconf 92' lang='lat' dir='ltr'>in</span> <span class='ocrx_word' id='word_1_232' title='bbox 855 1906 984 1935; x_wconf 89' lang='lat' dir='ltr'>eisdem.</span> 
     </span>
    </p>

    <p class='ocr_par' dir='ltr' id='par_1_6' title="bbox 102 1959 1114 2419">
     <span class='ocr_line' id='line_1_32' title="bbox 143 1959 1110 1997; baseline 0.002 -11"><span class='ocrx_word' id='word_1_233' title='bbox 143 1960 296 1989; x_wconf 85' lang='lat' dir='ltr'>«Verum</span> <span class='ocrx_word' id='word_1_234' title='bbox 330 1968 403 1997; x_wconf 90' lang='lat' dir='ltr'>pars</span> <span class='ocrx_word' id='word_1_235' title='bbox 436 1959 571 1988; x_wconf 90' lang='lat' dir='ltr'>adversa</span> <span class='ocrx_word' id='word_1_236' title='bbox 605 1959 771 1996; x_wconf 88' lang='lat' dir='ltr'>respondit</span> <span class='ocrx_word' id='word_1_237' title='bbox 806 1969 811 1988; x_wconf 90' lang='lat'>:</span> <span class='ocrx_word' id='word_1_238' title='bbox 847 1959 973 1997; x_wconf 85' lang='lat' dir='ltr'>primo:</span> <span class='ocrx_word' id='word_1_239' title='bbox 999 1961 1110 1988; x_wconf 88' lang='lat' dir='ltr'>contra</span> 
     </span>
     <span class='ocr_line' id='line_1_33' title="bbox 102 2011 1112 2050; baseline 0.001 -10"><span class='ocrx_word' id='word_1_240' title='bbox 102 2024 114 2040; x_wconf 80' lang='grc' dir='ltr'>ι</span> <span class='ocrx_word' id='word_1_241' title='bbox 136 2012 371 2042; x_wconf 89' lang='lat' dir='ltr'>concessionem</span> <span class='ocrx_word' id='word_1_242' title='bbox 410 2012 575 2050; x_wconf 91' lang='lat' dir='ltr'>quondam</span> <span class='ocrx_word' id='word_1_243' title='bbox 615 2011 785 2045; x_wconf 90' lang='lat' dir='ltr'>Guillelmi‚</span> <span class='ocrx_word' id='word_1_244' title='bbox 826 2011 965 2050; x_wconf 84' lang='lat' dir='ltr'>episcopi</span> <span class='ocrx_word' id='word_1_245' title='bbox 1011 2012 1112 2042; x_wconf 87' lang='lat' dir='ltr'>Urbe-</span> 
     </span>
     <span class='ocr_line' id='line_1_34' title="bbox 105 2064 1111 2103; baseline 0.001 -10"><span class='ocrx_word' id='word_1_246' title='bbox 105 2078 117 2093; x_wconf 80' lang='grc' dir='ltr'>ι</span> <span class='ocrx_word' id='word_1_247' title='bbox 139 2065 260 2099; x_wconf 88' lang='lat' dir='ltr'>vetani,</span> <span class='ocrx_word' id='word_1_248' title='bbox 287 2065 395 2094; x_wconf 89' lang='lat' dir='ltr'>dicens</span> <span class='ocrx_word' id='word_1_249' title='bbox 421 2064 507 2102; x_wconf 90' lang='lat' dir='ltr'>quod</span> <span class='ocrx_word' id='word_1_250' title='bbox 533 2064 601 2102; x_wconf 87' lang='lat' dir='ltr'>ipsa</span> <span class='ocrx_word' id='word_1_251' title='bbox 628 2064 789 2094; x_wconf 89' lang='lat' dir='ltr'>concessio</span> <span class='ocrx_word' id='word_1_252' title='bbox 815 2064 964 2103; x_wconf 90' lang='lat' dir='ltr'>episcopo</span> <span class='ocrx_word' id='word_1_253' title='bbox 980 2067 1013 2094; x_wconf 90' lang='lat' dir='ltr'>et</span> <span class='ocrx_word' id='word_1_254' title='bbox 1030 2064 1111 2103; x_wconf 91' lang='lat' dir='ltr'>epis-</span> 
     </span>
     <span class='ocr_line' id='line_1_35' title="bbox 103 2117 1113 2156; baseline 0.001 -10"><span class='ocrx_word' id='word_1_255' title='bbox 103 2130 116 2146; x_wconf 77' lang='grc' dir='ltr'>ι</span> <span class='ocrx_word' id='word_1_256' title='bbox 138 2118 268 2156; x_wconf 91' lang='lat' dir='ltr'>copatui</span> <span class='ocrx_word' id='word_1_257' title='bbox 304 2117 512 2147; x_wconf 87' lang='lat' dir='ltr'>Urbevetano</span> <span class='ocrx_word' id='word_1_258' title='bbox 545 2117 743 2155; x_wconf 81' lang='lat' dir='ltr'>prejudicare</span> <span class='ocrx_word' id='word_1_259' title='bbox 779 2126 843 2146; x_wconf 91' lang='lat' dir='ltr'>non</span> <span class='ocrx_word' id='word_1_260' title='bbox 879 2119 1018 2155; x_wconf 88' lang='lat' dir='ltr'>poterat,</span> <span class='ocrx_word' id='word_1_261' title='bbox 1055 2127 1113 2147; x_wconf 91' lang='lat' dir='ltr'>nec</span> 
     </span>
     <span class='ocr_line' id='line_1_36' title="bbox 104 2169 1113 2209; baseline 0.002 -11"><span class='ocrx_word' id='word_1_262' title='bbox 104 2183 116 2198; x_wconf 68' lang='grc' dir='ltr'><strong>α</strong></span> <span class='ocrx_word' id='word_1_263' title='bbox 139 2171 288 2204; x_wconf 88' lang='lat' dir='ltr'>debebat,</span> <span class='ocrx_word' id='word_1_264' title='bbox 323 2172 438 2208; x_wconf 86' lang='lat' dir='ltr'>utpote</span> <span class='ocrx_word' id='word_1_265' title='bbox 474 2169 724 2209; x_wconf 86' lang='lat' dir='ltr'>conditional[is]</span> <span class='ocrx_word' id='word_1_266' title='bbox 750 2172 782 2199; x_wconf 89' lang='lat' dir='ltr'>et</span> <span class='ocrx_word' id='word_1_267' title='bbox 806 2170 925 2204; x_wconf 89' lang='lat' dir='ltr'>illicita,</span> <span class='ocrx_word' id='word_1_268' title='bbox 961 2170 1045 2199; x_wconf 89' lang='lat' dir='ltr'>sicut</span> <span class='ocrx_word' id='word_1_269' title='bbox 1073 2179 1113 2200; x_wconf 87' lang='lat' dir='ltr'>ex</span> 
     </span>
     <span class='ocr_line' id='line_1_37' title="bbox 105 2222 1114 2261; baseline 0.001 -10"><span class='ocrx_word' id='word_1_270' title='bbox 105 2235 117 2251; x_wconf 72' lang='grc' dir='ltr'>ι</span> <span class='ocrx_word' id='word_1_271' title='bbox 138 2226 249 2254; x_wconf 87' lang='lat' dir='ltr'>tenore</span> <span class='ocrx_word' id='word_1_272' title='bbox 267 2222 477 2252; x_wconf 88' lang='lat' dir='ltr'>concessionis</span> <span class='ocrx_word' id='word_1_273' title='bbox 507 2222 605 2260; x_wconf 88' lang='lat' dir='ltr'>ipsius</span> <span class='ocrx_word' id='word_1_274' title='bbox 634 2223 823 2261; x_wconf 83' lang='lat' dir='ltr'>apparebat,</span> <span class='ocrx_word' id='word_1_275' title='bbox 862 2225 895 2252; x_wconf 88' lang='lat' dir='ltr'>et</span> <span class='ocrx_word' id='word_1_276' title='bbox 924 2224 1010 2261; x_wconf 92' lang='lat' dir='ltr'>quod</span> <span class='ocrx_word' id='word_1_277' title='bbox 1041 2223 1114 2253; x_wconf 80' lang='lat' dir='ltr'>Rie-</span> 
     </span>
     <span class='ocr_line' id='line_1_38' title="bbox 108 2275 1113 2313; baseline 0.001 -9"><span class='ocrx_word' id='word_1_278' title='bbox 108 2289 120 2304; x_wconf 71' lang='grc' dir='ltr'>ι</span> <span class='ocrx_word' id='word_1_279' title='bbox 142 2277 240 2310; x_wconf 86' lang='lat' dir='ltr'>cardi,</span> <span class='ocrx_word' id='word_1_280' title='bbox 269 2276 457 2305; x_wconf 89' lang='lat' dir='ltr'>successoris</span> <span class='ocrx_word' id='word_1_281' title='bbox 484 2275 629 2313; x_wconf 88' lang='lat' dir='ltr'>ejusdem</span> <span class='ocrx_word' id='word_1_282' title='bbox 658 2275 827 2309; x_wconf 88' lang='lat' dir='ltr'>Guillelmi‚</span> <span class='ocrx_word' id='word_1_283' title='bbox 857 2275 1030 2305; x_wconf 86' lang='lat' dir='ltr'>ratificatio</span> <span class='ocrx_word' id='word_1_284' title='bbox 1059 2285 1113 2305; x_wconf 89' lang='lat' dir='ltr'>seu</span> 
     </span>
     <span class='ocr_line' id='line_1_39' title="bbox 104 2328 1114 2366; baseline 0.002 -10"><span class='ocrx_word' id='word_1_285' title='bbox 104 2341 116 2356; x_wconf 85' lang='lat'>«</span> <span class='ocrx_word' id='word_1_286' title='bbox 139 2329 341 2359; x_wconf 84' lang='lat' dir='ltr'>confirmatio</span> <span class='ocrx_word' id='word_1_287' title='bbox 359 2338 421 2357; x_wconf 92' lang='lat' dir='ltr'>non</span> <span class='ocrx_word' id='word_1_288' title='bbox 445 2328 577 2357; x_wconf 89' lang='lat' dir='ltr'>valebat</span> <span class='ocrx_word' id='word_1_289' title='bbox 593 2328 668 2366; x_wconf 91' lang='lat' dir='ltr'>quia</span> <span class='ocrx_word' id='word_1_290' title='bbox 683 2337 746 2357; x_wconf 93' lang='lat' dir='ltr'>non</span> <span class='ocrx_word' id='word_1_291' title='bbox 767 2329 940 2358; x_wconf 84' lang='lat' dir='ltr'>tenebatur</span> <span class='ocrx_word' id='word_1_292' title='bbox 953 2329 1114 2358; x_wconf 77' lang='lat' dir='ltr'>ratificare</span> 
     </span>
     <span class='ocr_line' id='line_1_40' title="bbox 105 2381 654 2419; baseline 0.002 -10"><span class='ocrx_word' id='word_1_293' title='bbox 105 2394 117 2409; x_wconf 73' lang='grc' dir='ltr'>ι</span> <span class='ocrx_word' id='word_1_294' title='bbox 139 2391 193 2412; x_wconf 87' lang='lat' dir='ltr'>seu</span> <span class='ocrx_word' id='word_1_295' title='bbox 217 2381 406 2411; x_wconf 82' lang='lat' dir='ltr'>confirmare</span> <span class='ocrx_word' id='word_1_296' title='bbox 429 2390 493 2410; x_wconf 92' lang='lat' dir='ltr'>non</span> <span class='ocrx_word' id='word_1_297' title='bbox 517 2383 654 2419; x_wconf 86' lang='lat' dir='ltr'>poterat.</span> 
     </span>
    </p>

    <p class='ocr_par' dir='ltr' id='par_1_7' title="bbox 106 2429 1115 2618">
     <span class='ocr_line' id='line_1_41' title="bbox 149 2429 1114 2468; baseline 0.002 -11"><span class='ocrx_word' id='word_1_298' title='bbox 149 2443 160 2457; x_wconf 91' lang='lat'>«</span> <span class='ocrx_word' id='word_1_299' title='bbox 185 2430 348 2460; x_wconf 87' lang='lat' dir='ltr'>Secundo:</span> <span class='ocrx_word' id='word_1_300' title='bbox 369 2430 455 2468; x_wconf 90' lang='lat' dir='ltr'>quod</span> <span class='ocrx_word' id='word_1_301' title='bbox 474 2429 669 2467; x_wconf 87' lang='lat' dir='ltr'>transcripto</span> <span class='ocrx_word' id='word_1_302' title='bbox 688 2429 832 2459; x_wconf 87' lang='lat' dir='ltr'>exhibito</span> <span class='ocrx_word' id='word_1_303' title='bbox 851 2430 891 2458; x_wconf 89' lang='lat' dir='ltr'>ad</span> <span class='ocrx_word' id='word_1_304' title='bbox 911 2430 1114 2468; x_wconf 86' lang='lat' dir='ltr'>probandum</span> 
     </span>
     <span class='ocr_line' id='line_1_42' title="bbox 106 2482 1115 2522; baseline 0.002 -12"><span class='ocrx_word' id='word_1_305' title='bbox 106 2495 118 2510; x_wconf 80' lang='grc' dir='ltr'><strong><em>κ</em></strong></span> <span class='ocrx_word' id='word_1_306' title='bbox 140 2483 340 2522; x_wconf 83' lang='lat' dir='ltr'>privilegium</span> <span class='ocrx_word' id='word_1_307' title='bbox 364 2482 542 2511; x_wconf 80' lang='lat' dir='ltr'>Innocentii</span> <span class='ocrx_word' id='word_1_308' title='bbox 562 2482 703 2515; x_wconf 86' lang='lat' dir='ltr'>secundi,</span> <span class='ocrx_word' id='word_1_309' title='bbox 725 2491 788 2511; x_wconf 91' lang='lat' dir='ltr'>non</span> <span class='ocrx_word' id='word_1_310' title='bbox 816 2485 885 2511; x_wconf 89' lang='lat' dir='ltr'>erat</span> <span class='ocrx_word' id='word_1_311' title='bbox 911 2482 1115 2521; x_wconf 80' lang='lat' dir='ltr'>aliquatenus</span> 
     </span>
     <span class='ocr_line' id='line_1_43' title="bbox 108 2534 1115 2573; baseline -0.001 -8"><span class='ocrx_word' id='word_1_312' title='bbox 108 2547 120 2562; x_wconf 88' lang='lat'>«</span> <span class='ocrx_word' id='word_1_313' title='bbox 142 2536 249 2565; x_wconf 91' lang='lat' dir='ltr'>danda</span> <span class='ocrx_word' id='word_1_314' title='bbox 276 2535 368 2569; x_wconf 80' lang='lat' dir='ltr'>fides,</span> <span class='ocrx_word' id='word_1_315' title='bbox 397 2544 470 2564; x_wconf 91' lang='lat' dir='ltr'>cum</span> <span class='ocrx_word' id='word_1_316' title='bbox 498 2537 639 2573; x_wconf 88' lang='lat' dir='ltr'>sumpto,</span> <span class='ocrx_word' id='word_1_317' title='bbox 668 2534 727 2563; x_wconf 85' lang='lat' dir='ltr'>nisi</span> <span class='ocrx_word' id='word_1_318' title='bbox 756 2535 907 2573; x_wconf 82' lang='lat' dir='ltr'>originale</span> <span class='ocrx_word' id='word_1_319' title='bbox 935 2537 1115 2573; x_wconf 84' lang='lat' dir='ltr'>appareret,</span> 
     </span>
     <span class='ocr_line' id='line_1_44' title="bbox 106 2588 548 2618; baseline 0 -2"><span class='ocrx_word' id='word_1_320' title='bbox 106 2600 118 2616; x_wconf 75' lang='grc' dir='ltr'>ιι</span> <span class='ocrx_word' id='word_1_321' title='bbox 140 2598 203 2618; x_wconf 91' lang='lat' dir='ltr'>non</span> <span class='ocrx_word' id='word_1_322' title='bbox 233 2590 315 2617; x_wconf 87' lang='lat' dir='ltr'>esset</span> <span class='ocrx_word' id='word_1_323' title='bbox 345 2588 548 2617; x_wconf 89' lang='lat' dir='ltr'>credendum.</span> 
     </span>
    </p>

    <p class='ocr_par' dir='ltr' id='par_1_8' title="bbox 110 2640 1119 2785">
     <span class='ocr_line' id='line_1_45' title="bbox 150 2640 1117 2679; baseline 0.001 -11"><span class='ocrx_word' id='word_1_324' title='bbox 150 2641 291 2670; x_wconf 89' lang='lat' dir='ltr'>«Tertio</span> <span class='ocrx_word' id='word_1_325' title='bbox 324 2651 329 2670; x_wconf 87' lang='lat'>:</span> <span class='ocrx_word' id='word_1_326' title='bbox 363 2641 449 2679; x_wconf 90' lang='lat' dir='ltr'>quod</span> <span class='ocrx_word' id='word_1_327' title='bbox 480 2640 681 2678; x_wconf 86' lang='lat' dir='ltr'>privilegium</span> <span class='ocrx_word' id='word_1_328' title='bbox 713 2640 833 2669; x_wconf 90' lang='lat' dir='ltr'>domini</span> <span class='ocrx_word' id='word_1_329' title='bbox 864 2641 1049 2673; x_wconf 84' lang='lat' dir='ltr'>Alexandri,</span> <span class='ocrx_word' id='word_1_330' title='bbox 1081 2650 1117 2669; x_wconf 89' lang='lat' dir='ltr'>eo</span> 
     </span>
     <span class='ocr_line' id='line_1_46' title="bbox 110 2693 1119 2732; baseline 0.002 -12"><span class='ocrx_word' id='word_1_331' title='bbox 110 2705 122 2720; x_wconf 69' lang='grc' dir='ltr'>ι</span> <span class='ocrx_word' id='word_1_332' title='bbox 144 2694 229 2732; x_wconf 91' lang='lat' dir='ltr'>quod</span> <span class='ocrx_word' id='word_1_333' title='bbox 255 2694 311 2723; x_wconf 86' lang='lat' dir='ltr'>lite</span> <span class='ocrx_word' id='word_1_334' title='bbox 337 2693 497 2732; x_wconf 87' lang='lat' dir='ltr'>pendente</span> <span class='ocrx_word' id='word_1_335' title='bbox 530 2693 636 2721; x_wconf 88' lang='lat' dir='ltr'>fuerat</span> <span class='ocrx_word' id='word_1_336' title='bbox 661 2693 882 2731; x_wconf 88' lang='lat' dir='ltr'>impetratum,</span> <span class='ocrx_word' id='word_1_337' title='bbox 910 2694 1032 2722; x_wconf 90' lang='lat' dir='ltr'>nullum</span> <span class='ocrx_word' id='word_1_338' title='bbox 1059 2693 1119 2731; x_wconf 90' lang='lat' dir='ltr'>ipsi</span> 
     </span>
     <span class='ocr_line' id='line_1_47' title="bbox 112 2746 761 2785; baseline -0.002 -10"><span class='ocrx_word' id='word_1_339' title='bbox 112 2757 123 2773; x_wconf 89' lang='lat'>«</span> <span class='ocrx_word' id='word_1_340' title='bbox 145 2746 293 2785; x_wconf 88' lang='lat' dir='ltr'>episcopo</span> <span class='ocrx_word' id='word_1_341' title='bbox 329 2746 541 2785; x_wconf 85' lang='lat' dir='ltr'>prejudicium</span> <span class='ocrx_word' id='word_1_342' title='bbox 577 2746 761 2783; x_wconf 80' lang='lat' dir='ltr'>generabat.</span> 
     </span>
    </p>

    <p class='ocr_par' dir='ltr' id='par_1_9' title="bbox 112 2798 1121 2943">
     <span class='ocr_line' id='line_1_48' title="bbox 152 2798 1120 2837; baseline -0.001 -9"><span class='ocrx_word' id='word_1_343' title='bbox 152 2811 163 2825; x_wconf 86' lang='lat'>«</span> <span class='ocrx_word' id='word_1_344' title='bbox 187 2799 309 2835; x_wconf 90' lang='lat' dir='ltr'>Quarto</span> <span class='ocrx_word' id='word_1_345' title='bbox 335 2809 340 2828; x_wconf 91' lang='lat'>:</span> <span class='ocrx_word' id='word_1_346' title='bbox 366 2799 451 2837; x_wconf 85' lang='lat' dir='ltr'>quod</span> <span class='ocrx_word' id='word_1_347' title='bbox 476 2808 531 2837; x_wconf 88' lang='lat' dir='ltr'>per</span> <span class='ocrx_word' id='word_1_348' title='bbox 553 2801 662 2831; x_wconf 85' lang='lat' dir='ltr'>testes,</span> <span class='ocrx_word' id='word_1_349' title='bbox 686 2800 756 2827; x_wconf 86' lang='lat' dir='ltr'>tum</span> <span class='ocrx_word' id='word_1_350' title='bbox 789 2798 863 2837; x_wconf 88' lang='lat' dir='ltr'>quia</span> <span class='ocrx_word' id='word_1_351' title='bbox 887 2801 979 2828; x_wconf 84' lang='lat' dir='ltr'>erant</span> <span class='ocrx_word' id='word_1_352' title='bbox 1001 2798 1032 2827; x_wconf 91' lang='lat' dir='ltr'>in</span> <span class='ocrx_word' id='word_1_353' title='bbox 1056 2798 1120 2827; x_wconf 87' lang='lat' dir='ltr'>suis</span> 
     </span>
     <span class='ocr_line' id='line_1_49' title="bbox 112 2851 1120 2890; baseline 0.001 -11"><span class='ocrx_word' id='word_1_354' title='bbox 112 2863 123 2878; x_wconf 88' lang='lat'>«</span> <span class='ocrx_word' id='word_1_355' title='bbox 146 2851 239 2880; x_wconf 88' lang='lat' dir='ltr'>dictis</span> <span class='ocrx_word' id='word_1_356' title='bbox 267 2851 347 2881; x_wconf 88' lang='lat' dir='ltr'>varii</span> <span class='ocrx_word' id='word_1_357' title='bbox 376 2854 445 2880; x_wconf 88' lang='lat' dir='ltr'>tum</span> <span class='ocrx_word' id='word_1_358' title='bbox 474 2854 605 2890; x_wconf 81' lang='lat' dir='ltr'>propter</span> <span class='ocrx_word' id='word_1_359' title='bbox 632 2851 710 2880; x_wconf 84' lang='lat' dir='ltr'>alias</span> <span class='ocrx_word' id='word_1_360' title='bbox 738 2859 860 2885; x_wconf 83' lang='lat' dir='ltr'>causaS‚</span> <span class='ocrx_word' id='word_1_361' title='bbox 886 2851 1034 2889; x_wconf 78' lang='lat' dir='ltr'>probatio</span> <span class='ocrx_word' id='word_1_362' title='bbox 1058 2861 1120 2881; x_wconf 88' lang='lat' dir='ltr'>non</span> 
     </span>
     <span class='ocr_line' id='line_1_50' title="bbox 115 2904 1121 2943; baseline 0.001 -11"><span class='ocrx_word' id='word_1_363' title='bbox 115 2915 126 2930; x_wconf 70' lang='grc' dir='ltr'>ι(</span> <span class='ocrx_word' id='word_1_364' title='bbox 149 2904 260 2938; x_wconf 82' lang='lat' dir='ltr'>fiebat,</span> <span class='ocrx_word' id='word_1_365' title='bbox 295 2913 334 2933; x_wconf 91' lang='lat' dir='ltr'>ex</span> <span class='ocrx_word' id='word_1_366' title='bbox 369 2904 485 2943; x_wconf 88' lang='lat' dir='ltr'>quibus</span> <span class='ocrx_word' id='word_1_367' title='bbox 520 2904 686 2933; x_wconf 70' lang='lat' dir='ltr'>ostendere</span> <span class='ocrx_word' id='word_1_368' title='bbox 721 2904 891 2942; x_wconf 85' lang='lat' dir='ltr'>satagebat</span> <span class='ocrx_word' id='word_1_369' title='bbox 926 2904 1023 2942; x_wconf 87' lang='lat' dir='ltr'>quod,</span> <span class='ocrx_word' id='word_1_370' title='bbox 1058 2913 1121 2933; x_wconf 91' lang='lat' dir='ltr'>non</span> 
     </span>
    </p>
   </div>
   <div class='ocr_carea' id='block_1_4' title="bbox 113 2956 1122 2995">
    <p class='ocr_par' dir='ltr' id='par_1_10' title="bbox 113 2956 1122 2995">
     <span class='ocr_line' id='line_1_51' title="bbox 113 2956 1122 2995; baseline 0 -9"><span class='ocrx_word' id='word_1_371' title='bbox 113 2968 125 2982; x_wconf 72' lang='grc' dir='ltr'><strong>α</strong></span> <span class='ocrx_word' id='word_1_372' title='bbox 147 2957 352 2986; x_wconf 86' lang='lat' dir='ltr'>obstantibus</span> <span class='ocrx_word' id='word_1_373' title='bbox 371 2957 544 2995; x_wconf 82' lang='lat' dir='ltr'>propositis</span> <span class='ocrx_word' id='word_1_374' title='bbox 563 2959 595 2985; x_wconf 84' lang='lat' dir='ltr'>et</span> <span class='ocrx_word' id='word_1_375' title='bbox 613 2956 758 2995; x_wconf 76' lang='lat' dir='ltr'>allegatis</span> <span class='ocrx_word' id='word_1_376' title='bbox 777 2965 795 2986; x_wconf 87' lang='lat' dir='ltr'>a</span> <span class='ocrx_word' id='word_1_377' title='bbox 814 2958 908 2995; x_wconf 87' lang='lat' dir='ltr'>parte</span> <span class='ocrx_word' id='word_1_378' title='bbox 926 2957 1122 2991; x_wconf 85' lang='lat' dir='ltr'>monasterii,</span> 
     </span>
    </p>
   </div>
   <div class='ocr_carea' id='block_1_5' title="bbox 153 3030 715 3061">
    <p class='ocr_par' dir='ltr' id='par_1_11' title="bbox 153 3030 715 3061">
     <span class='ocr_line' id='line_1_52' title="bbox 153 3030 715 3061; baseline 0.002 -7"><span class='ocrx_word' id='word_1_379' title='bbox 153 3032 175 3055; x_wconf 86' lang='lat'>1.</span> <span class='ocrx_word' id='word_1_380' title='bbox 195 3030 243 3056; x_wconf 80' lang='lat' dir='ltr'>Ces</span> <span class='ocrx_word' id='word_1_381' title='bbox 264 3032 337 3057; x_wconf 83' lang='lat' dir='ltr'>deux</span> <span class='ocrx_word' id='word_1_382' title='bbox 359 3033 431 3056; x_wconf 81' lang='lat' dir='ltr'>mots</span> <span class='ocrx_word' id='word_1_383' title='bbox 452 3033 520 3057; x_wconf 79' lang='lat' dir='ltr'>dans</span> <span class='ocrx_word' id='word_1_384' title='bbox 541 3032 715 3061; x_wconf 80' lang='lat' dir='ltr'>l’intcrligne.</span> 
     </span>
    </p>
   </div>
   <div class='ocr_carea' id='block_1_6' title="bbox 1204 434 2243 3047">
    <p class='ocr_par' dir='ltr' id='par_1_12' title="bbox 1204 434 2210 526">
     <span class='ocr_line' id='line_1_53' title="bbox 1206 434 2210 475; baseline 0.004 -13"><span class='ocrx_word' id='word_1_385' title='bbox 1206 444 1218 461; x_wconf 76' lang='grc' dir='ltr'><strong>α</strong></span> <span class='ocrx_word' id='word_1_386' title='bbox 1240 436 1309 463; x_wconf 89' lang='lat' dir='ltr'>erat</span> <span class='ocrx_word' id='word_1_387' title='bbox 1339 443 1396 472; x_wconf 92' lang='lat' dir='ltr'>pro</span> <span class='ocrx_word' id='word_1_388' title='bbox 1427 434 1575 473; x_wconf 88' lang='lat' dir='ltr'>episcopo</span> <span class='ocrx_word' id='word_1_389' title='bbox 1606 434 1737 465; x_wconf 87' lang='lat' dir='ltr'>ferenda</span> <span class='ocrx_word' id='word_1_390' title='bbox 1767 435 1938 470; x_wconf 87' lang='lat' dir='ltr'>sententia,</span> <span class='ocrx_word' id='word_1_391' title='bbox 1970 444 2043 465; x_wconf 92' lang='lat' dir='ltr'>cum</span> <span class='ocrx_word' id='word_1_392' title='bbox 2074 445 2130 474; x_wconf 89' lang='lat' dir='ltr'>per</span> <span class='ocrx_word' id='word_1_393' title='bbox 2159 437 2210 475; x_wconf 77' lang='lat' dir='ltr'>Jus</span> 
     </span>
     <span class='ocr_line' id='line_1_54' title="bbox 1204 487 2060 526; baseline 0.004 -12"><span class='ocrx_word' id='word_1_394' title='bbox 1204 497 1216 513; x_wconf 84' lang='lat'>«</span> <span class='ocrx_word' id='word_1_395' title='bbox 1238 495 1407 516; x_wconf 90' lang='lat' dir='ltr'>commune</span> <span class='ocrx_word' id='word_1_396' title='bbox 1434 487 1570 526; x_wconf 88' lang='lat' dir='ltr'>liqueret</span> <span class='ocrx_word' id='word_1_397' title='bbox 1597 488 1635 517; x_wconf 90' lang='lat' dir='ltr'>de</span> <span class='ocrx_word' id='word_1_398' title='bbox 1662 488 1732 525; x_wconf 91' lang='lat' dir='ltr'>jure</span> <span class='ocrx_word' id='word_1_399' title='bbox 1758 488 1858 526; x_wconf 92' lang='lat' dir='ltr'>ipsius</span> <span class='ocrx_word' id='word_1_400' title='bbox 1885 488 2060 518; x_wconf 88' lang='lat' dir='ltr'>evidenter.</span> 
     </span>
    </p>

    <p class='ocr_par' dir='ltr' id='par_1_13' title="bbox 1204 539 2228 2199">
     <span class='ocr_line' id='line_1_55' title="bbox 1244 539 2210 580; baseline 0.004 -13"><span class='ocrx_word' id='word_1_401' title='bbox 1244 550 1257 566; x_wconf 71' lang='grc' dir='ltr'>(ι</span> <span class='ocrx_word' id='word_1_402' title='bbox 1278 539 1376 569; x_wconf 91' lang='lat' dir='ltr'>Porro</span> <span class='ocrx_word' id='word_1_403' title='bbox 1410 540 1451 569; x_wconf 91' lang='lat' dir='ltr'>ad</span> <span class='ocrx_word' id='word_1_404' title='bbox 1484 540 1628 578; x_wconf 89' lang='lat' dir='ltr'>predicta</span> <span class='ocrx_word' id='word_1_405' title='bbox 1662 540 1724 570; x_wconf 85' lang='lat' dir='ltr'>fuit</span> <span class='ocrx_word' id='word_1_406' title='bbox 1756 541 1841 570; x_wconf 91' lang='lat' dir='ltr'>inter</span> <span class='ocrx_word' id='word_1_407' title='bbox 1873 543 1978 571; x_wconf 91' lang='lat' dir='ltr'>cetera</span> <span class='ocrx_word' id='word_1_408' title='bbox 2020 542 2210 580; x_wconf 88' lang='lat' dir='ltr'>replicatum</span> 
     </span>
     <span class='ocr_line' id='line_1_56' title="bbox 1204 592 2210 633; baseline 0.005 -14"><span class='ocrx_word' id='word_1_409' title='bbox 1204 602 1216 618; x_wconf 86' lang='lat'>«</span> <span class='ocrx_word' id='word_1_410' title='bbox 1238 592 1324 630; x_wconf 89' lang='lat' dir='ltr'>quod</span> <span class='ocrx_word' id='word_1_411' title='bbox 1352 601 1415 621; x_wconf 89' lang='lat' dir='ltr'>non</span> <span class='ocrx_word' id='word_1_412' title='bbox 1443 592 1552 622; x_wconf 87' lang='lat' dir='ltr'>illicita</span> <span class='ocrx_word' id='word_1_413' title='bbox 1580 602 1637 622; x_wconf 87' lang='lat' dir='ltr'>nec</span> <span class='ocrx_word' id='word_1_414' title='bbox 1664 593 1899 628; x_wconf 86' lang='lat' dir='ltr'>conditionalis,</span> <span class='ocrx_word' id='word_1_415' title='bbox 1926 595 1981 623; x_wconf 92' lang='lat' dir='ltr'>sed</span> <span class='ocrx_word' id='word_1_416' title='bbox 2008 603 2088 633; x_wconf 88' lang='lat' dir='ltr'>pura</span> <span class='ocrx_word' id='word_1_417' title='bbox 2116 597 2148 624; x_wconf 87' lang='lat' dir='ltr'>et</span> <span class='ocrx_word' id='word_1_418' title='bbox 2175 595 2210 624; x_wconf 91' lang='lat' dir='ltr'>li-</span> 
     </span>
     <span class='ocr_line' id='line_1_57' title="bbox 1204 645 2208 686; baseline 0.005 -14"><span class='ocrx_word' id='word_1_419' title='bbox 1204 655 1216 670; x_wconf 83' lang='lat'>«</span> <span class='ocrx_word' id='word_1_420' title='bbox 1238 645 1313 673; x_wconf 87' lang='lat' dir='ltr'>bera</span> <span class='ocrx_word' id='word_1_421' title='bbox 1335 645 1446 673; x_wconf 82' lang='lat' dir='ltr'>extitit</span> <span class='ocrx_word' id='word_1_422' title='bbox 1466 645 1602 683; x_wconf 88' lang='lat' dir='ltr'>predicti</span> <span class='ocrx_word' id='word_1_423' title='bbox 1624 646 1783 675; x_wconf 88' lang='lat' dir='ltr'>Guillelmi</span> <span class='ocrx_word' id='word_1_424' title='bbox 1804 647 1975 681; x_wconf 89' lang='lat' dir='ltr'>concessio,</span> <span class='ocrx_word' id='word_1_425' title='bbox 1997 650 2029 676; x_wconf 83' lang='lat' dir='ltr'>et</span> <span class='ocrx_word' id='word_1_426' title='bbox 2050 650 2118 676; x_wconf 89' lang='lat' dir='ltr'>tam</span> <span class='ocrx_word' id='word_1_427' title='bbox 2140 648 2208 686; x_wconf 93' lang='lat' dir='ltr'>ipsa</span> 
     </span>
     <span class='ocr_line' id='line_1_58' title="bbox 1204 697 2208 736; baseline 0.004 -11"><span class='ocrx_word' id='word_1_428' title='bbox 1204 708 1216 723; x_wconf 88' lang='lat'>«</span> <span class='ocrx_word' id='word_1_429' title='bbox 1238 697 1398 726; x_wconf 83' lang='lat' dir='ltr'>concessio</span> <span class='ocrx_word' id='word_1_430' title='bbox 1422 707 1521 736; x_wconf 91' lang='lat' dir='ltr'>quam</span> <span class='ocrx_word' id='word_1_431' title='bbox 1544 697 1718 728; x_wconf 87' lang='lat' dir='ltr'>ratificatio</span> <span class='ocrx_word' id='word_1_432' title='bbox 1742 708 1797 727; x_wconf 88' lang='lat' dir='ltr'>seu</span> <span class='ocrx_word' id='word_1_433' title='bbox 1821 699 2025 729; x_wconf 86' lang='lat' dir='ltr'>confirmatio</span> <span class='ocrx_word' id='word_1_434' title='bbox 2049 700 2208 735; x_wconf 84' lang='lat' dir='ltr'>Riccardi,</span> 
     </span>
     <span class='ocr_line' id='line_1_59' title="bbox 1204 750 2208 788; baseline 0.005 -10"><span class='ocrx_word' id='word_1_435' title='bbox 1204 760 1216 777; x_wconf 94' lang='lat'>«</span> <span class='ocrx_word' id='word_1_436' title='bbox 1238 750 1426 780; x_wconf 88' lang='lat' dir='ltr'>successoris</span> <span class='ocrx_word' id='word_1_437' title='bbox 1452 750 1596 788; x_wconf 88' lang='lat' dir='ltr'>ejusdem</span> <span class='ocrx_word' id='word_1_438' title='bbox 1623 750 1792 785; x_wconf 89' lang='lat' dir='ltr'>Guillelmi‚</span> <span class='ocrx_word' id='word_1_439' title='bbox 1818 751 1912 781; x_wconf 84' lang='lat' dir='ltr'>firma</span> <span class='ocrx_word' id='word_1_440' title='bbox 1938 755 2007 782; x_wconf 89' lang='lat' dir='ltr'>erat</span> <span class='ocrx_word' id='word_1_441' title='bbox 2032 755 2065 782; x_wconf 89' lang='lat' dir='ltr'>et</span> <span class='ocrx_word' id='word_1_442' title='bbox 2090 753 2208 788; x_wconf 86' lang='lat' dir='ltr'>valida,</span> 
     </span>
     <span class='ocr_line' id='line_1_60' title="bbox 1205 803 2211 841; baseline 0.005 -11"><span class='ocrx_word' id='word_1_443' title='bbox 1205 805 1271 832; x_wconf 83' lang='lat' dir='ltr'>«et</span> <span class='ocrx_word' id='word_1_444' title='bbox 1299 803 1386 841; x_wconf 89' lang='lat' dir='ltr'>quod</span> <span class='ocrx_word' id='word_1_445' title='bbox 1415 803 1616 841; x_wconf 88' lang='lat' dir='ltr'>privilegium</span> <span class='ocrx_word' id='word_1_446' title='bbox 1648 803 1826 833; x_wconf 88' lang='lat' dir='ltr'>Innocentii</span> <span class='ocrx_word' id='word_1_447' title='bbox 1854 805 1984 834; x_wconf 87' lang='lat' dir='ltr'>secundi</span> <span class='ocrx_word' id='word_1_448' title='bbox 2012 805 2211 835; x_wconf 78' lang='lat' dir='ltr'>sufficienter</span> 
     </span>
     <span class='ocr_line' id='line_1_61' title="bbox 1205 855 2211 894; baseline 0.005 -11"><span class='ocrx_word' id='word_1_449' title='bbox 1205 867 1216 882; x_wconf 75' lang='grc' dir='ltr'>ι(</span> <span class='ocrx_word' id='word_1_450' title='bbox 1238 855 1396 894; x_wconf 83' lang='lat' dir='ltr'>probatur</span> <span class='ocrx_word' id='word_1_451' title='bbox 1412 865 1469 894; x_wconf 85' lang='lat' dir='ltr'>per</span> <span class='ocrx_word' id='word_1_452' title='bbox 1485 856 1717 894; x_wconf 88' lang='lat' dir='ltr'>transcriptum</span> <span class='ocrx_word' id='word_1_453' title='bbox 1736 857 1774 885; x_wconf 90' lang='lat' dir='ltr'>de</span> <span class='ocrx_word' id='word_1_454' title='bbox 1792 857 1947 886; x_wconf 86' lang='lat' dir='ltr'>mandato</span> <span class='ocrx_word' id='word_1_455' title='bbox 1965 860 1997 886; x_wconf 89' lang='lat' dir='ltr'>et</span> <span class='ocrx_word' id='word_1_456' title='bbox 2015 859 2211 888; x_wconf 86' lang='lat' dir='ltr'>auctoritate</span> 
     </span>
     <span class='ocr_line' id='line_1_62' title="bbox 1206 908 2212 948; baseline 0.003 -11"><span class='ocrx_word' id='word_1_457' title='bbox 1206 920 1217 935; x_wconf 85' lang='lat'>«</span> <span class='ocrx_word' id='word_1_458' title='bbox 1241 908 1318 937; x_wconf 87' lang='lat' dir='ltr'>dicti</span> <span class='ocrx_word' id='word_1_459' title='bbox 1335 908 1455 947; x_wconf 83' lang='lat' dir='ltr'>Pelagii</span> <span class='ocrx_word' id='word_1_460' title='bbox 1472 908 1652 943; x_wconf 85' lang='lat' dir='ltr'>cardinalis,</span> <span class='ocrx_word' id='word_1_461' title='bbox 1670 918 1727 946; x_wconf 90' lang='lat' dir='ltr'>per</span> <span class='ocrx_word' id='word_1_462' title='bbox 1743 909 1904 938; x_wconf 90' lang='lat' dir='ltr'>notarium</span> <span class='ocrx_word' id='word_1_463' title='bbox 1922 910 2086 948; x_wconf 89' lang='lat' dir='ltr'>publicum</span> <span class='ocrx_word' id='word_1_464' title='bbox 2103 912 2212 940; x_wconf 88' lang='lat' dir='ltr'>redac-</span> 
     </span>
     <span class='ocr_line' id='line_1_63' title="bbox 1206 961 2212 1002; baseline 0.004 -13"><span class='ocrx_word' id='word_1_465' title='bbox 1206 972 1218 988; x_wconf 86' lang='lat'>«</span> <span class='ocrx_word' id='word_1_466' title='bbox 1240 963 1311 990; x_wconf 89' lang='lat' dir='ltr'>tum</span> <span class='ocrx_word' id='word_1_467' title='bbox 1336 961 1368 990; x_wconf 90' lang='lat' dir='ltr'>in</span> <span class='ocrx_word' id='word_1_468' title='bbox 1393 961 1531 990; x_wconf 87' lang='lat' dir='ltr'>formam</span> <span class='ocrx_word' id='word_1_469' title='bbox 1556 961 1719 1000; x_wconf 90' lang='lat' dir='ltr'>publicam</span> <span class='ocrx_word' id='word_1_470' title='bbox 1745 964 1777 991; x_wconf 87' lang='lat' dir='ltr'>et</span> <span class='ocrx_word' id='word_1_471' title='bbox 1802 962 1900 1000; x_wconf 89' lang='lat' dir='ltr'>ipsius</span> <span class='ocrx_word' id='word_1_472' title='bbox 1926 963 2095 992; x_wconf 90' lang='lat' dir='ltr'>cardinalis</span> <span class='ocrx_word' id='word_1_473' title='bbox 2120 963 2212 1002; x_wconf 83' lang='lat' dir='ltr'>sigilli</span> 
     </span>
     <span class='ocr_line' id='line_1_64' title="bbox 1206 1009 2213 1050; baseline 0.003 -13"><span class='ocrx_word' id='word_1_474' title='bbox 1206 1021 1218 1036; x_wconf 84' lang='lat'>«</span> <span class='ocrx_word' id='word_1_475' title='bbox 1240 1009 1417 1038; x_wconf 90' lang='lat' dir='ltr'>munimine</span> <span class='ocrx_word' id='word_1_476' title='bbox 1436 1010 1635 1043; x_wconf 91' lang='lat' dir='ltr'>roboratum,</span> <span class='ocrx_word' id='word_1_477' title='bbox 1655 1012 1688 1039; x_wconf 88' lang='lat' dir='ltr'>et</span> <span class='ocrx_word' id='word_1_478' title='bbox 1707 1010 1812 1048; x_wconf 88' lang='lat' dir='ltr'>posito</span> <span class='ocrx_word' id='word_1_479' title='bbox 1833 1011 1919 1048; x_wconf 90' lang='lat' dir='ltr'>quod</span> <span class='ocrx_word' id='word_1_480' title='bbox 1939 1010 2038 1049; x_wconf 87' lang='lat' dir='ltr'>ipsius</span> <span class='ocrx_word' id='word_1_481' title='bbox 2057 1011 2213 1050; x_wconf 85' lang='lat' dir='ltr'>privilegii</span> 
     </span>
     <span class='ocr_line' id='line_1_65' title="bbox 1206 1062 2213 1101; baseline 0.003 -11"><span class='ocrx_word' id='word_1_482' title='bbox 1206 1074 1218 1089; x_wconf 88' lang='lat'>«</span> <span class='ocrx_word' id='word_1_483' title='bbox 1240 1071 1296 1101; x_wconf 92' lang='lat' dir='ltr'>per</span> <span class='ocrx_word' id='word_1_484' title='bbox 1317 1062 1547 1101; x_wconf 88' lang='lat' dir='ltr'>transcriptum</span> <span class='ocrx_word' id='word_1_485' title='bbox 1569 1062 1647 1092; x_wconf 91' lang='lat' dir='ltr'>illud</span> <span class='ocrx_word' id='word_1_486' title='bbox 1669 1071 1733 1092; x_wconf 90' lang='lat' dir='ltr'>non</span> <span class='ocrx_word' id='word_1_487' title='bbox 1754 1062 1847 1092; x_wconf 83' lang='lat' dir='ltr'>fieret</span> <span class='ocrx_word' id='word_1_488' title='bbox 1867 1063 1961 1101; x_wconf 89' lang='lat' dir='ltr'>plena</span> <span class='ocrx_word' id='word_1_489' title='bbox 1982 1063 2073 1097; x_wconf 84' lang='lat' dir='ltr'>fides,</span> <span class='ocrx_word' id='word_1_490' title='bbox 2104 1066 2213 1094; x_wconf 88' lang='lat' dir='ltr'>tamen</span> 
     </span>
     <span class='ocr_line' id='line_1_66' title="bbox 1207 1115 2216 1155; baseline 0.002 -12"><span class='ocrx_word' id='word_1_491' title='bbox 1207 1126 1219 1142; x_wconf 88' lang='lat'>«</span> <span class='ocrx_word' id='word_1_492' title='bbox 1240 1115 1473 1153; x_wconf 87' lang='lat' dir='ltr'>transcriptum</span> <span class='ocrx_word' id='word_1_493' title='bbox 1496 1115 1602 1153; x_wconf 89' lang='lat' dir='ltr'>ipsum</span> <span class='ocrx_word' id='word_1_494' title='bbox 1624 1117 1719 1145; x_wconf 90' lang='lat' dir='ltr'>tanta</span> <span class='ocrx_word' id='word_1_495' title='bbox 1742 1115 1938 1145; x_wconf 85' lang='lat' dir='ltr'>auctoritate</span> <span class='ocrx_word' id='word_1_496' title='bbox 1960 1116 2123 1145; x_wconf 92' lang='lat' dir='ltr'>munitum</span> <span class='ocrx_word' id='word_1_497' title='bbox 2146 1126 2216 1155; x_wconf 90' lang='lat' dir='ltr'>pre-</span> 
     </span>
     <span class='ocr_line' id='line_1_67' title="bbox 1207 1167 2214 1207; baseline 0.002 -11"><span class='ocrx_word' id='word_1_498' title='bbox 1207 1178 1219 1194; x_wconf 85' lang='lat'>«</span> <span class='ocrx_word' id='word_1_499' title='bbox 1241 1168 1459 1206; x_wconf 88' lang='lat' dir='ltr'>sumptionem</span> <span class='ocrx_word' id='word_1_500' title='bbox 1488 1167 1631 1197; x_wconf 87' lang='lat' dir='ltr'>validam</span> <span class='ocrx_word' id='word_1_501' title='bbox 1652 1168 1837 1202; x_wconf 88' lang='lat' dir='ltr'>inducebat,</span> <span class='ocrx_word' id='word_1_502' title='bbox 1860 1169 1987 1207; x_wconf 87' lang='lat' dir='ltr'>quodve</span> <span class='ocrx_word' id='word_1_503' title='bbox 2013 1169 2214 1207; x_wconf 84' lang='lat' dir='ltr'>privilegium</span> 
     </span>
     <span class='ocr_line' id='line_1_68' title="bbox 1208 1220 2215 1258; baseline 0.003 -10"><span class='ocrx_word' id='word_1_504' title='bbox 1208 1232 1220 1247; x_wconf 89' lang='lat'>«</span> <span class='ocrx_word' id='word_1_505' title='bbox 1243 1221 1364 1249; x_wconf 90' lang='lat' dir='ltr'>domini</span> <span class='ocrx_word' id='word_1_506' title='bbox 1377 1220 1562 1254; x_wconf 80' lang='lat' dir='ltr'>Alexandri,</span> <span class='ocrx_word' id='word_1_507' title='bbox 1579 1220 1653 1249; x_wconf 91' lang='lat' dir='ltr'>licet</span> <span class='ocrx_word' id='word_1_508' title='bbox 1672 1221 1832 1258; x_wconf 88' lang='lat' dir='ltr'>pendente</span> <span class='ocrx_word' id='word_1_509' title='bbox 1853 1221 1908 1250; x_wconf 86' lang='lat' dir='ltr'>lite</span> <span class='ocrx_word' id='word_1_510' title='bbox 1928 1230 2114 1251; x_wconf 86' lang='lat' dir='ltr'>concessum</span> <span class='ocrx_word' id='word_1_511' title='bbox 2134 1222 2215 1251; x_wconf 85' lang='lat' dir='ltr'>exti-</span> 
     </span>
     <span class='ocr_line' id='line_1_69' title="bbox 1209 1273 2217 1313; baseline 0.003 -12"><span class='ocrx_word' id='word_1_512' title='bbox 1209 1285 1221 1299; x_wconf 87' lang='lat'>&lt;‹</span> <span class='ocrx_word' id='word_1_513' title='bbox 1242 1273 1329 1307; x_wconf 75' lang='lat' dir='ltr'>terit,</span> <span class='ocrx_word' id='word_1_514' title='bbox 1357 1273 1489 1302; x_wconf 86' lang='lat' dir='ltr'>firmum</span> <span class='ocrx_word' id='word_1_515' title='bbox 1516 1275 1586 1302; x_wconf 80' lang='lat' dir='ltr'>erat</span> <span class='ocrx_word' id='word_1_516' title='bbox 1613 1276 1645 1302; x_wconf 87' lang='lat' dir='ltr'>et</span> <span class='ocrx_word' id='word_1_517' title='bbox 1672 1273 1827 1307; x_wconf 91' lang='lat' dir='ltr'>validum,</span> <span class='ocrx_word' id='word_1_518' title='bbox 1868 1282 1941 1302; x_wconf 91' lang='lat' dir='ltr'>cum</span> <span class='ocrx_word' id='word_1_519' title='bbox 1977 1283 2017 1303; x_wconf 88' lang='lat' dir='ltr'>ex</span> <span class='ocrx_word' id='word_1_520' title='bbox 2057 1284 2093 1303; x_wconf 90' lang='lat' dir='ltr'>eo</span> <span class='ocrx_word' id='word_1_521' title='bbox 2131 1275 2217 1313; x_wconf 88' lang='lat' dir='ltr'>quod</span> 
     </span>
     <span class='ocr_line' id='line_1_70' title="bbox 1210 1326 2218 1364; baseline 0.003 -10"><span class='ocrx_word' id='word_1_522' title='bbox 1210 1337 1221 1352; x_wconf 85' lang='lat'>‹&lt;</span> <span class='ocrx_word' id='word_1_523' title='bbox 1244 1328 1439 1364; x_wconf 88' lang='lat' dir='ltr'>cognoverat</span> <span class='ocrx_word' id='word_1_524' title='bbox 1470 1326 1593 1355; x_wconf 89' lang='lat' dir='ltr'>dictum</span> <span class='ocrx_word' id='word_1_525' title='bbox 1629 1326 1853 1355; x_wconf 88' lang='lat' dir='ltr'>Innocentium</span> <span class='ocrx_word' id='word_1_526' title='bbox 1876 1327 2064 1361; x_wconf 87' lang='lat' dir='ltr'>secundum,</span> <span class='ocrx_word' id='word_1_527' title='bbox 2090 1336 2218 1357; x_wconf 89' lang='lat' dir='ltr'>monas-</span> 
     </span>
     <span class='ocr_line' id='line_1_71' title="bbox 1211 1379 2220 1417; baseline 0.003 -11"><span class='ocrx_word' id='word_1_528' title='bbox 1211 1390 1222 1405; x_wconf 86' lang='lat'>«</span> <span class='ocrx_word' id='word_1_529' title='bbox 1244 1379 1361 1407; x_wconf 85' lang='lat' dir='ltr'>terium</span> <span class='ocrx_word' id='word_1_530' title='bbox 1388 1379 1504 1416; x_wconf 87' lang='lat' dir='ltr'>ipsum,</span> <span class='ocrx_word' id='word_1_531' title='bbox 1533 1388 1606 1407; x_wconf 89' lang='lat' dir='ltr'>cum</span> <span class='ocrx_word' id='word_1_532' title='bbox 1633 1379 1781 1413; x_wconf 87' lang='lat' dir='ltr'>ecclesiis,</span> <span class='ocrx_word' id='word_1_533' title='bbox 1803 1379 1945 1417; x_wconf 81' lang='lat' dir='ltr'>personis</span> <span class='ocrx_word' id='word_1_534' title='bbox 1965 1382 1997 1408; x_wconf 90' lang='lat' dir='ltr'>et</span> <span class='ocrx_word' id='word_1_535' title='bbox 2018 1380 2220 1417; x_wconf 84' lang='lat' dir='ltr'>pertinentiis</span> 
     </span>
     <span class='ocr_line' id='line_1_72' title="bbox 1211 1431 2222 1471; baseline 0.003 -12"><span class='ocrx_word' id='word_1_536' title='bbox 1211 1442 1223 1457; x_wconf 89' lang='lat'>«</span> <span class='ocrx_word' id='word_1_537' title='bbox 1245 1431 1319 1465; x_wconf 85' lang='lat' dir='ltr'>suis,</span> <span class='ocrx_word' id='word_1_538' title='bbox 1348 1432 1491 1460; x_wconf 84' lang='lat' dir='ltr'>libertati</span> <span class='ocrx_word' id='word_1_539' title='bbox 1518 1431 1662 1464; x_wconf 87' lang='lat' dir='ltr'>donasse,</span> <span class='ocrx_word' id='word_1_540' title='bbox 1692 1431 1815 1460; x_wconf 89' lang='lat' dir='ltr'>dictum</span> <span class='ocrx_word' id='word_1_541' title='bbox 1842 1431 2043 1469; x_wconf 89' lang='lat' dir='ltr'>privilegium</span> <span class='ocrx_word' id='word_1_542' title='bbox 2070 1432 2131 1471; x_wconf 87' lang='lat' dir='ltr'>ipsi</span> <span class='ocrx_word' id='word_1_543' title='bbox 2154 1442 2222 1462; x_wconf 92' lang='lat' dir='ltr'>mo-</span> 
     </span>
     <span class='ocr_line' id='line_1_73' title="bbox 1212 1484 2222 1517; baseline 0.003 -5"><span class='ocrx_word' id='word_1_544' title='bbox 1212 1496 1224 1510; x_wconf 86' lang='lat'>«</span> <span class='ocrx_word' id='word_1_545' title='bbox 1246 1484 1386 1513; x_wconf 86' lang='lat' dir='ltr'>nasterio</span> <span class='ocrx_word' id='word_1_546' title='bbox 1408 1493 1448 1513; x_wconf 80' lang='lat' dir='ltr'>ex</span> <span class='ocrx_word' id='word_1_547' title='bbox 1469 1486 1555 1513; x_wconf 87' lang='lat' dir='ltr'>certa</span> <span class='ocrx_word' id='word_1_548' title='bbox 1577 1484 1710 1513; x_wconf 87' lang='lat' dir='ltr'>scientia</span> <span class='ocrx_word' id='word_1_549' title='bbox 1733 1484 1950 1517; x_wconf 88' lang='lat' dir='ltr'>concessisset,</span> <span class='ocrx_word' id='word_1_550' title='bbox 1972 1484 2025 1513; x_wconf 92' lang='lat' dir='ltr'>illo</span> <span class='ocrx_word' id='word_1_551' title='bbox 2048 1485 2222 1515; x_wconf 86' lang='lat' dir='ltr'>dumtaxat</span> 
     </span>
     <span class='ocr_line' id='line_1_74' title="bbox 1214 1536 2223 1576; baseline 0.002 -11"><span class='ocrx_word' id='word_1_552' title='bbox 1214 1537 1279 1565; x_wconf 91' lang='lat' dir='ltr'>«in</span> <span class='ocrx_word' id='word_1_553' title='bbox 1310 1537 1438 1575; x_wconf 85' lang='lat' dir='ltr'>capellis</span> <span class='ocrx_word' id='word_1_554' title='bbox 1468 1537 1613 1574; x_wconf 87' lang='lat' dir='ltr'>ejusdem</span> <span class='ocrx_word' id='word_1_555' title='bbox 1643 1536 1830 1565; x_wconf 85' lang='lat' dir='ltr'>monasterii</span> <span class='ocrx_word' id='word_1_556' title='bbox 1860 1537 2036 1566; x_wconf 87' lang='lat' dir='ltr'>diocesanis</span> <span class='ocrx_word' id='word_1_557' title='bbox 2066 1537 2223 1576; x_wconf 89' lang='lat' dir='ltr'>episcopis</span> 
     </span>
     <span class='ocr_line' id='line_1_75' title="bbox 1215 1589 2225 1627; baseline 0.003 -10"><span class='ocrx_word' id='word_1_558' title='bbox 1215 1601 1226 1616; x_wconf 79' lang='grc' dir='ltr'>κ</span> <span class='ocrx_word' id='word_1_559' title='bbox 1247 1589 1317 1627; x_wconf 78' lang='lat' dir='ltr'>jure</span> <span class='ocrx_word' id='word_1_560' title='bbox 1345 1589 1434 1618; x_wconf 89' lang='lat' dir='ltr'>salvo</span> <span class='ocrx_word' id='word_1_561' title='bbox 1463 1589 1560 1627; x_wconf 90' lang='lat' dir='ltr'>quod,</span> <span class='ocrx_word' id='word_1_562' title='bbox 1588 1598 1606 1618; x_wconf 88' lang='lat' dir='ltr'>a</span> <span class='ocrx_word' id='word_1_563' title='bbox 1634 1591 1779 1627; x_wconf 89' lang='lat' dir='ltr'>tempore</span> <span class='ocrx_word' id='word_1_564' title='bbox 1806 1589 1942 1627; x_wconf 83' lang='lat' dir='ltr'>predicti</span> <span class='ocrx_word' id='word_1_565' title='bbox 1973 1589 2151 1619; x_wconf 81' lang='lat' dir='ltr'>Innocentii</span> <span class='ocrx_word' id='word_1_566' title='bbox 2178 1600 2225 1620; x_wconf 90' lang='lat' dir='ltr'>se-</span> 
     </span>
     <span class='ocr_line' id='line_1_76' title="bbox 1215 1642 2227 1680; baseline 0.002 -10"><span class='ocrx_word' id='word_1_567' title='bbox 1215 1653 1226 1668; x_wconf 88' lang='lat'>«</span> <span class='ocrx_word' id='word_1_568' title='bbox 1249 1642 1346 1671; x_wconf 89' lang='lat' dir='ltr'>cundi</span> <span class='ocrx_word' id='word_1_569' title='bbox 1384 1642 1579 1680; x_wconf 86' lang='lat' dir='ltr'>acquisitum</span> <span class='ocrx_word' id='word_1_570' title='bbox 1627 1642 1845 1671; x_wconf 85' lang='lat' dir='ltr'>dinosceretur</span> <span class='ocrx_word' id='word_1_571' title='bbox 1882 1642 2012 1676; x_wconf 88' lang='lat' dir='ltr'>eisdem,</span> <span class='ocrx_word' id='word_1_572' title='bbox 2052 1646 2148 1680; x_wconf 80' lang='lat' dir='ltr'>prout</span> <span class='ocrx_word' id='word_1_573' title='bbox 2186 1652 2227 1672; x_wconf 85' lang='lat' dir='ltr'>ex</span> 
     </span>
     <span class='ocr_line' id='line_1_77' title="bbox 1216 1694 2226 1733; baseline 0.002 -11"><span class='ocrx_word' id='word_1_574' title='bbox 1216 1706 1227 1721; x_wconf 86' lang='lat'>«</span> <span class='ocrx_word' id='word_1_575' title='bbox 1249 1694 1348 1733; x_wconf 84' lang='lat' dir='ltr'>ipsius</span> <span class='ocrx_word' id='word_1_576' title='bbox 1362 1694 1517 1733; x_wconf 88' lang='lat' dir='ltr'>privilegii</span> <span class='ocrx_word' id='word_1_577' title='bbox 1530 1697 1640 1724; x_wconf 88' lang='lat' dir='ltr'>tenore</span> <span class='ocrx_word' id='word_1_578' title='bbox 1655 1695 1826 1723; x_wconf 84' lang='lat' dir='ltr'>constabat</span> <span class='ocrx_word' id='word_1_579' title='bbox 1839 1705 1845 1728; x_wconf 89' lang='lat'>;</span> <span class='ocrx_word' id='word_1_580' title='bbox 1860 1695 2011 1733; x_wconf 83' lang='lat' dir='ltr'>quodque</span> <span class='ocrx_word' id='word_1_581' title='bbox 2035 1704 2090 1733; x_wconf 92' lang='lat' dir='ltr'>per</span> <span class='ocrx_word' id='word_1_582' title='bbox 2115 1698 2226 1730; x_wconf 89' lang='lat' dir='ltr'>testes,</span> 
     </span>
     <span class='ocr_line' id='line_1_78' title="bbox 1216 1747 2225 1787; baseline 0.005 -14"><span class='ocrx_word' id='word_1_583' title='bbox 1216 1759 1228 1774; x_wconf 91' lang='lat'>«</span> <span class='ocrx_word' id='word_1_584' title='bbox 1251 1756 1388 1786; x_wconf 91' lang='lat' dir='ltr'>quorum</span> <span class='ocrx_word' id='word_1_585' title='bbox 1407 1756 1540 1785; x_wconf 84' lang='lat' dir='ltr'>persone</span> <span class='ocrx_word' id='word_1_586' title='bbox 1558 1747 1609 1776; x_wconf 84' lang='lat' dir='ltr'>vel</span> <span class='ocrx_word' id='word_1_587' title='bbox 1629 1747 1715 1776; x_wconf 88' lang='lat' dir='ltr'>dicta</span> <span class='ocrx_word' id='word_1_588' title='bbox 1734 1756 1797 1776; x_wconf 91' lang='lat' dir='ltr'>non</span> <span class='ocrx_word' id='word_1_589' title='bbox 1817 1750 1909 1776; x_wconf 85' lang='lat' dir='ltr'>erant</span> <span class='ocrx_word' id='word_1_590' title='bbox 1927 1747 2034 1786; x_wconf 85' lang='lat' dir='ltr'>aliquo</span> <span class='ocrx_word' id='word_1_591' title='bbox 2053 1748 2225 1787; x_wconf 83' lang='lat' dir='ltr'>reprobata</span> 
     </span>
     <span class='ocr_line' id='line_1_79' title="bbox 1216 1799 2227 1838; baseline 0.002 -11"><span class='ocrx_word' id='word_1_592' title='bbox 1216 1811 1228 1826; x_wconf 89' lang='lat'>«</span> <span class='ocrx_word' id='word_1_593' title='bbox 1250 1809 1307 1829; x_wconf 88' lang='lat' dir='ltr'>nec</span> <span class='ocrx_word' id='word_1_594' title='bbox 1334 1799 1498 1838; x_wconf 89' lang='lat' dir='ltr'>reprobari</span> <span class='ocrx_word' id='word_1_595' title='bbox 1524 1802 1687 1838; x_wconf 84' lang='lat' dir='ltr'>poterant,</span> <span class='ocrx_word' id='word_1_596' title='bbox 1715 1799 1817 1829; x_wconf 75' lang='lat' dir='ltr'>forma</span> <span class='ocrx_word' id='word_1_597' title='bbox 1845 1800 2000 1838; x_wconf 89' lang='lat' dir='ltr'>privilegii</span> <span class='ocrx_word' id='word_1_598' title='bbox 2029 1801 2146 1838; x_wconf 80' lang='lat' dir='ltr'>prefati</span> <span class='ocrx_word' id='word_1_599' title='bbox 2176 1802 2227 1830; x_wconf 91' lang='lat' dir='ltr'>In-</span> 
     </span>
     <span class='ocr_line' id='line_1_80' title="bbox 1216 1852 2226 1891; baseline 0.002 -10"><span class='ocrx_word' id='word_1_600' title='bbox 1216 1864 1228 1880; x_wconf 83' lang='lat'>«</span> <span class='ocrx_word' id='word_1_601' title='bbox 1250 1852 1390 1882; x_wconf 91' lang='lat' dir='ltr'>nocentii</span> <span class='ocrx_word' id='word_1_602' title='bbox 1428 1853 1570 1886; x_wconf 87' lang='lat' dir='ltr'>secundi,</span> <span class='ocrx_word' id='word_1_603' title='bbox 1605 1855 1637 1881; x_wconf 90' lang='lat' dir='ltr'>et</span> <span class='ocrx_word' id='word_1_604' title='bbox 1666 1852 1829 1882; x_wconf 90' lang='lat' dir='ltr'>ammissio</span> <span class='ocrx_word' id='word_1_605' title='bbox 1861 1852 1960 1890; x_wconf 91' lang='lat' dir='ltr'>ipsius</span> <span class='ocrx_word' id='word_1_606' title='bbox 1993 1853 2160 1891; x_wconf 82' lang='lat' dir='ltr'>privilegii,</span> <span class='ocrx_word' id='word_1_607' title='bbox 2193 1856 2226 1883; x_wconf 88' lang='lat' dir='ltr'>et</span> 
     </span>
     <span class='ocr_line' id='line_1_81' title="bbox 1217 1905 2226 1944; baseline 0.004 -12"><span class='ocrx_word' id='word_1_608' title='bbox 1217 1917 1228 1932; x_wconf 87' lang='lat'>«</span> <span class='ocrx_word' id='word_1_609' title='bbox 1251 1906 1337 1944; x_wconf 85' lang='lat' dir='ltr'>quod</span> <span class='ocrx_word' id='word_1_610' title='bbox 1366 1905 1490 1935; x_wconf 86' lang='lat' dir='ltr'>dictum</span> <span class='ocrx_word' id='word_1_611' title='bbox 1514 1905 1745 1934; x_wconf 89' lang='lat' dir='ltr'>monasterium</span> <span class='ocrx_word' id='word_1_612' title='bbox 1766 1905 1992 1943; x_wconf 88' lang='lat' dir='ltr'>prescripserat</span> <span class='ocrx_word' id='word_1_613' title='bbox 2024 1906 2226 1944; x_wconf 88' lang='lat' dir='ltr'>supradictas</span> 
     </span>
     <span class='ocr_line' id='line_1_82' title="bbox 1217 1957 2225 1997; baseline 0.001 -10"><span class='ocrx_word' id='word_1_614' title='bbox 1217 1970 1229 1985; x_wconf 93' lang='lat'>«</span> <span class='ocrx_word' id='word_1_615' title='bbox 1251 1958 1399 1987; x_wconf 90' lang='lat' dir='ltr'>ecclesias</span> <span class='ocrx_word' id='word_1_616' title='bbox 1415 1967 1487 1987; x_wconf 89' lang='lat' dir='ltr'>cum</span> <span class='ocrx_word' id='word_1_617' title='bbox 1503 1957 1646 1996; x_wconf 88' lang='lat' dir='ltr'>personis</span> <span class='ocrx_word' id='word_1_618' title='bbox 1665 1960 1698 1986; x_wconf 91' lang='lat' dir='ltr'>et</span> <span class='ocrx_word' id='word_1_619' title='bbox 1711 1957 1837 1995; x_wconf 87' lang='lat' dir='ltr'>juribus</span> <span class='ocrx_word' id='word_1_620' title='bbox 1853 1958 2038 1992; x_wconf 89' lang='lat' dir='ltr'>earundem,</span> <span class='ocrx_word' id='word_1_621' title='bbox 2050 1968 2068 1988; x_wconf 89' lang='lat' dir='ltr'>a</span> <span class='ocrx_word' id='word_1_622' title='bbox 2079 1961 2225 1997; x_wconf 85' lang='lat' dir='ltr'>tempore</span> 
     </span>
     <span class='ocr_line' id='line_1_83' title="bbox 1217 2010 2226 2050; baseline 0.001 -10"><span class='ocrx_word' id='word_1_623' title='bbox 1217 2023 1229 2037; x_wconf 83' lang='lat'>«</span> <span class='ocrx_word' id='word_1_624' title='bbox 1251 2011 1343 2049; x_wconf 86' lang='lat' dir='ltr'>cujus</span> <span class='ocrx_word' id='word_1_625' title='bbox 1371 2020 1434 2040; x_wconf 91' lang='lat' dir='ltr'>non</span> <span class='ocrx_word' id='word_1_626' title='bbox 1462 2013 1532 2040; x_wconf 87' lang='lat' dir='ltr'>erat</span> <span class='ocrx_word' id='word_1_627' title='bbox 1559 2010 1723 2044; x_wconf 83' lang='lat' dir='ltr'>memoria,</span> <span class='ocrx_word' id='word_1_628' title='bbox 1751 2011 1993 2048; x_wconf 87' lang='lat' dir='ltr'>probabantur;</span> <span class='ocrx_word' id='word_1_629' title='bbox 2022 2014 2055 2040; x_wconf 89' lang='lat' dir='ltr'>et</span> <span class='ocrx_word' id='word_1_630' title='bbox 2094 2014 2226 2050; x_wconf 89' lang='lat' dir='ltr'>propter</span> 
     </span>
     <span class='ocr_line' id='line_1_84' title="bbox 1217 2063 2228 2102; baseline 0.003 -12"><span class='ocrx_word' id='word_1_631' title='bbox 1217 2075 1229 2091; x_wconf 94' lang='lat'>«</span> <span class='ocrx_word' id='word_1_632' title='bbox 1251 2064 1321 2098; x_wconf 90' lang='lat' dir='ltr'>hoc,</span> <span class='ocrx_word' id='word_1_633' title='bbox 1346 2073 1409 2093; x_wconf 93' lang='lat' dir='ltr'>non</span> <span class='ocrx_word' id='word_1_634' title='bbox 1433 2063 1638 2092; x_wconf 87' lang='lat' dir='ltr'>obstantibus</span> <span class='ocrx_word' id='word_1_635' title='bbox 1660 2063 1844 2101; x_wconf 91' lang='lat' dir='ltr'>propositis,</span> <span class='ocrx_word' id='word_1_636' title='bbox 1867 2073 1907 2092; x_wconf 91' lang='lat' dir='ltr'>ex</span> <span class='ocrx_word' id='word_1_637' title='bbox 1930 2066 2021 2101; x_wconf 91' lang='lat' dir='ltr'>parte</span> <span class='ocrx_word' id='word_1_638' title='bbox 2044 2064 2121 2093; x_wconf 89' lang='lat' dir='ltr'>dicti</span> <span class='ocrx_word' id='word_1_639' title='bbox 2144 2064 2228 2102; x_wconf 89' lang='lat' dir='ltr'>epis—</span> 
     </span>
     <span class='ocr_line' id='line_1_85' title="bbox 1218 2116 2227 2155; baseline 0.004 -12"><span class='ocrx_word' id='word_1_640' title='bbox 1218 2128 1229 2143; x_wconf 90' lang='lat'>«</span> <span class='ocrx_word' id='word_1_641' title='bbox 1248 2117 1318 2155; x_wconf 90' lang='lat' dir='ltr'>copi</span> <span class='ocrx_word' id='word_1_642' title='bbox 1338 2117 1505 2146; x_wconf 82' lang='lat' dir='ltr'>dicebatur</span> <span class='ocrx_word' id='word_1_643' title='bbox 1515 2116 1601 2155; x_wconf 92' lang='lat' dir='ltr'>quod</span> <span class='ocrx_word' id='word_1_644' title='bbox 1613 2125 1670 2154; x_wconf 90' lang='lat' dir='ltr'>pro</span> <span class='ocrx_word' id='word_1_645' title='bbox 1686 2116 1881 2145; x_wconf 89' lang='lat' dir='ltr'>monasterio</span> <span class='ocrx_word' id='word_1_646' title='bbox 1895 2118 1964 2145; x_wconf 88' lang='lat' dir='ltr'>erat</span> <span class='ocrx_word' id='word_1_647' title='bbox 1979 2117 2139 2146; x_wconf 85' lang='lat' dir='ltr'>sententia</span> <span class='ocrx_word' id='word_1_648' title='bbox 2154 2126 2227 2155; x_wconf 90' lang='lat' dir='ltr'>pro-</span> 
     </span>
     <span class='ocr_line' id='line_1_86' title="bbox 1218 2169 1390 2199; baseline 0.006 -3"><span class='ocrx_word' id='word_1_649' title='bbox 1218 2180 1229 2196; x_wconf 83' lang='lat'>«</span> <span class='ocrx_word' id='word_1_650' title='bbox 1249 2169 1390 2199; x_wconf 84' lang='lat' dir='ltr'>ferenda.</span> 
     </span>
    </p>

    <p class='ocr_par' dir='ltr' id='par_1_14' title="bbox 1218 2217 2243 3047">
     <span class='ocr_line' id='line_1_87' title="bbox 1257 2217 2226 2256; baseline 0.002 -11"><span class='ocrx_word' id='word_1_651' title='bbox 1257 2218 1358 2247; x_wconf 91' lang='lat' dir='ltr'>«Nos</span> <span class='ocrx_word' id='word_1_652' title='bbox 1388 2217 1496 2255; x_wconf 87' lang='lat' dir='ltr'>igitur,</span> <span class='ocrx_word' id='word_1_653' title='bbox 1527 2217 1648 2246; x_wconf 88' lang='lat' dir='ltr'>auditis</span> <span class='ocrx_word' id='word_1_654' title='bbox 1679 2217 1831 2255; x_wconf 86' lang='lat' dir='ltr'>predictis</span> <span class='ocrx_word' id='word_1_655' title='bbox 1862 2219 1894 2246; x_wconf 90' lang='lat' dir='ltr'>et</span> <span class='ocrx_word' id='word_1_656' title='bbox 1924 2217 1994 2246; x_wconf 84' lang='lat' dir='ltr'>aliis</span> <span class='ocrx_word' id='word_1_657' title='bbox 2025 2227 2086 2256; x_wconf 89' lang='lat' dir='ltr'>que</span> <span class='ocrx_word' id='word_1_658' title='bbox 2118 2220 2226 2255; x_wconf 82' lang='lat' dir='ltr'>partes</span> 
     </span>
     <span class='ocr_line' id='line_1_88' title="bbox 1218 2270 2226 2308; baseline 0.003 -11"><span class='ocrx_word' id='word_1_659' title='bbox 1218 2282 1230 2298; x_wconf 86' lang='lat'>«</span> <span class='ocrx_word' id='word_1_660' title='bbox 1253 2280 1360 2300; x_wconf 89' lang='lat' dir='ltr'>coram</span> <span class='ocrx_word' id='word_1_661' title='bbox 1377 2270 1468 2299; x_wconf 86' lang='lat' dir='ltr'>nobis</span> <span class='ocrx_word' id='word_1_662' title='bbox 1484 2279 1660 2308; x_wconf 88' lang='lat' dir='ltr'>proponere</span> <span class='ocrx_word' id='word_1_663' title='bbox 1676 2270 1849 2298; x_wconf 90' lang='lat' dir='ltr'>voluerunt</span> <span class='ocrx_word' id='word_1_664' title='bbox 1864 2279 1901 2299; x_wconf 89' lang='lat' dir='ltr'>ac</span> <span class='ocrx_word' id='word_1_665' title='bbox 1917 2270 2040 2308; x_wconf 90' lang='lat' dir='ltr'>plenius</span> <span class='ocrx_word' id='word_1_666' title='bbox 2056 2270 2226 2300; x_wconf 86' lang='lat' dir='ltr'>intellectis</span> 
     </span>
     <span class='ocr_line' id='line_1_89' title="bbox 1219 2322 2227 2362; baseline 0 -10"><span class='ocrx_word' id='word_1_667' title='bbox 1219 2337 1230 2352; x_wconf 84' lang='lat'>«</span> <span class='ocrx_word' id='word_1_668' title='bbox 1252 2325 1404 2362; x_wconf 82' lang='lat' dir='ltr'>factaque</span> <span class='ocrx_word' id='word_1_669' title='bbox 1428 2332 1524 2361; x_wconf 88' lang='lat' dir='ltr'>super</span> <span class='ocrx_word' id='word_1_670' title='bbox 1547 2322 1622 2361; x_wconf 87' lang='lat' dir='ltr'>ipsis</span> <span class='ocrx_word' id='word_1_671' title='bbox 1648 2322 1777 2352; x_wconf 92' lang='lat' dir='ltr'>domino</span> <span class='ocrx_word' id='word_1_672' title='bbox 1802 2325 1911 2352; x_wconf 89' lang='lat' dir='ltr'>nostro</span> <span class='ocrx_word' id='word_1_673' title='bbox 1936 2323 2119 2352; x_wconf 85' lang='lat' dir='ltr'>Alexandro</span> <span class='ocrx_word' id='word_1_674' title='bbox 2143 2332 2227 2361; x_wconf 91' lang='lat' dir='ltr'>pape</span> 
     </span>
     <span class='ocr_line' id='line_1_90' title="bbox 1219 2375 2225 2414; baseline -0.001 -9"><span class='ocrx_word' id='word_1_675' title='bbox 1219 2390 1231 2405; x_wconf 85' lang='lat'>‹&lt;</span> <span class='ocrx_word' id='word_1_676' title='bbox 1253 2377 1407 2407; x_wconf 85' lang='lat' dir='ltr'>relatione</span> <span class='ocrx_word' id='word_1_677' title='bbox 1418 2375 1516 2409; x_wconf 87' lang='lat' dir='ltr'>fideli,</span> <span class='ocrx_word' id='word_1_678' title='bbox 1530 2376 1567 2404; x_wconf 89' lang='lat' dir='ltr'>de</span> <span class='ocrx_word' id='word_1_679' title='bbox 1580 2375 1678 2414; x_wconf 91' lang='lat' dir='ltr'>ipsius</span> <span class='ocrx_word' id='word_1_680' title='bbox 1691 2375 1812 2404; x_wconf 92' lang='lat' dir='ltr'>domini</span> <span class='ocrx_word' id='word_1_681' title='bbox 1824 2385 1905 2414; x_wconf 85' lang='lat' dir='ltr'>pape</span> <span class='ocrx_word' id='word_1_682' title='bbox 1918 2375 2045 2414; x_wconf 82' lang='lat' dir='ltr'>speciali</span> <span class='ocrx_word' id='word_1_683' title='bbox 2058 2376 2225 2412; x_wconf 85' lang='lat' dir='ltr'>mandato,</span> 
     </span>
     <span class='ocr_line' id='line_1_91' title="bbox 1220 2428 2230 2469; baseline 0.001 -12"><span class='ocrx_word' id='word_1_684' title='bbox 1220 2442 1231 2457; x_wconf 88' lang='lat'>«</span> <span class='ocrx_word' id='word_1_685' title='bbox 1254 2430 1329 2469; x_wconf 86' lang='lat' dir='ltr'>quia</span> <span class='ocrx_word' id='word_1_686' title='bbox 1354 2429 1445 2458; x_wconf 89' lang='lat' dir='ltr'>nobis</span> <span class='ocrx_word' id='word_1_687' title='bbox 1468 2428 1615 2458; x_wconf 86' lang='lat' dir='ltr'>constitit</span> <span class='ocrx_word' id='word_1_688' title='bbox 1638 2429 1741 2458; x_wconf 86' lang='lat' dir='ltr'>dictas</span> <span class='ocrx_word' id='word_1_689' title='bbox 1764 2429 1910 2457; x_wconf 82' lang='lat' dir='ltr'>ecclesias</span> <span class='ocrx_word' id='word_1_690' title='bbox 1934 2429 2078 2466; x_wconf 86' lang='lat' dir='ltr'>predicto</span> <span class='ocrx_word' id='word_1_691' title='bbox 2101 2437 2230 2458; x_wconf 82' lang='lat' dir='ltr'>monas-</span> 
     </span>
     <span class='ocr_line' id='line_1_92' title="bbox 1220 2481 2229 2519; baseline -0.001 -9"><span class='ocrx_word' id='word_1_692' title='bbox 1220 2496 1231 2510; x_wconf 89' lang='lat'>«</span> <span class='ocrx_word' id='word_1_693' title='bbox 1254 2483 1334 2512; x_wconf 88' lang='lat' dir='ltr'>terio</span> <span class='ocrx_word' id='word_1_694' title='bbox 1365 2481 1509 2511; x_wconf 84' lang='lat' dir='ltr'>Saxivivi</span> <span class='ocrx_word' id='word_1_695' title='bbox 1538 2490 1604 2510; x_wconf 86' lang='lat' dir='ltr'>esse</span> <span class='ocrx_word' id='word_1_696' title='bbox 1635 2481 1728 2519; x_wconf 92' lang='lat' dir='ltr'>pleno</span> <span class='ocrx_word' id='word_1_697' title='bbox 1757 2481 1827 2519; x_wconf 86' lang='lat' dir='ltr'>jure</span> <span class='ocrx_word' id='word_1_698' title='bbox 1856 2481 2030 2519; x_wconf 87' lang='lat' dir='ltr'>subjectas,</span> <span class='ocrx_word' id='word_1_699' title='bbox 2061 2484 2093 2510; x_wconf 87' lang='lat' dir='ltr'>et</span> <span class='ocrx_word' id='word_1_700' title='bbox 2123 2481 2229 2519; x_wconf 84' lang='lat' dir='ltr'>ipsum</span> 
     </span>
     <span class='ocr_line' id='line_1_93' title="bbox 1220 2534 2229 2572; baseline 0 -9"><span class='ocrx_word' id='word_1_701' title='bbox 1220 2548 1231 2563; x_wconf 91' lang='lat'>«</span> <span class='ocrx_word' id='word_1_702' title='bbox 1255 2534 1498 2568; x_wconf 84' lang='lat' dir='ltr'>monasterium,</span> <span class='ocrx_word' id='word_1_703' title='bbox 1534 2543 1606 2563; x_wconf 90' lang='lat' dir='ltr'>cum</span> <span class='ocrx_word' id='word_1_704' title='bbox 1641 2534 1793 2563; x_wconf 84' lang='lat' dir='ltr'>membris</span> <span class='ocrx_word' id='word_1_705' title='bbox 1828 2535 1892 2563; x_wconf 91' lang='lat' dir='ltr'>suis</span> <span class='ocrx_word' id='word_1_706' title='bbox 1913 2537 1946 2563; x_wconf 91' lang='lat' dir='ltr'>et</span> <span class='ocrx_word' id='word_1_707' title='bbox 1967 2534 2133 2572; x_wconf 87' lang='lat' dir='ltr'>presertim</span> <span class='ocrx_word' id='word_1_708' title='bbox 2155 2543 2229 2563; x_wconf 88' lang='lat' dir='ltr'>cum</span> 
     </span>
     <span class='ocr_line' id='line_1_94' title="bbox 1220 2585 2230 2625; baseline 0.002 -10"><span class='ocrx_word' id='word_1_709' title='bbox 1220 2601 1231 2616; x_wconf 83' lang='lat'>«</span> <span class='ocrx_word' id='word_1_710' title='bbox 1255 2587 1428 2618; x_wconf 88' lang='lat' dir='ltr'>nominatis</span> <span class='ocrx_word' id='word_1_711' title='bbox 1478 2587 1626 2621; x_wconf 77' lang='lat' dir='ltr'>ecclesiis,</span> <span class='ocrx_word' id='word_1_712' title='bbox 1663 2587 1704 2616; x_wconf 87' lang='lat' dir='ltr'>ab</span> <span class='ocrx_word' id='word_1_713' title='bbox 1753 2587 1839 2616; x_wconf 90' lang='lat' dir='ltr'>omni</span> <span class='ocrx_word' id='word_1_714' title='bbox 1894 2596 2022 2625; x_wconf 86' lang='lat' dir='ltr'>prorsus</span> <span class='ocrx_word' id='word_1_715' title='bbox 2058 2585 2230 2624; x_wconf 86' lang='lat' dir='ltr'>episcopali</span> 
     </span>
     <span class='ocr_line' id='line_1_95' title="bbox 1219 2638 2232 2680; baseline -0.001 -11"><span class='ocrx_word' id='word_1_716' title='bbox 1219 2654 1230 2669; x_wconf 83' lang='lat'>«</span> <span class='ocrx_word' id='word_1_717' title='bbox 1252 2640 1457 2680; x_wconf 88' lang='lat' dir='ltr'>juridictione</span> <span class='ocrx_word' id='word_1_718' title='bbox 1482 2639 1549 2669; x_wconf 83' lang='lat' dir='ltr'>fore</span> <span class='ocrx_word' id='word_1_719' title='bbox 1574 2640 1709 2669; x_wconf 89' lang='lat' dir='ltr'>liberum</span> <span class='ocrx_word' id='word_1_720' title='bbox 1742 2642 1774 2668; x_wconf 88' lang='lat' dir='ltr'>et</span> <span class='ocrx_word' id='word_1_721' title='bbox 1802 2642 2000 2677; x_wconf 82' lang='lat' dir='ltr'>exemptum,</span> <span class='ocrx_word' id='word_1_722' title='bbox 2030 2638 2232 2677; x_wconf 84' lang='lat' dir='ltr'>presentibus</span> 
     </span>
     <span class='ocr_line' id='line_1_96' title="bbox 1222 2692 2233 2731; baseline -0.001 -10"><span class='ocrx_word' id='word_1_723' title='bbox 1222 2706 1234 2721; x_wconf 86' lang='lat'>«</span> <span class='ocrx_word' id='word_1_724' title='bbox 1257 2694 1373 2723; x_wconf 88' lang='lat' dir='ltr'>Finato</span> <span class='ocrx_word' id='word_1_725' title='bbox 1397 2694 1435 2722; x_wconf 87' lang='lat' dir='ltr'>de</span> <span class='ocrx_word' id='word_1_726' title='bbox 1458 2692 1614 2731; x_wconf 89' lang='lat' dir='ltr'>Fuligino,</span> <span class='ocrx_word' id='word_1_727' title='bbox 1640 2692 1760 2721; x_wconf 89' lang='lat' dir='ltr'>domini</span> <span class='ocrx_word' id='word_1_728' title='bbox 1784 2702 1865 2730; x_wconf 89' lang='lat' dir='ltr'>pape</span> <span class='ocrx_word' id='word_1_729' title='bbox 1888 2692 2095 2725; x_wconf 82' lang='lat' dir='ltr'>subdiacono,</span> <span class='ocrx_word' id='word_1_730' title='bbox 2120 2699 2233 2729; x_wconf 91' lang='lat' dir='ltr'>procu-</span> 
     </span>
     <span class='ocr_line' id='line_1_97' title="bbox 1224 2744 2232 2783; baseline -0.002 -9"><span class='ocrx_word' id='word_1_731' title='bbox 1224 2759 1236 2774; x_wconf 77' lang='lat'>«</span> <span class='ocrx_word' id='word_1_732' title='bbox 1258 2749 1364 2776; x_wconf 87' lang='lat' dir='ltr'>ratore</span> <span class='ocrx_word' id='word_1_733' title='bbox 1405 2745 1534 2775; x_wconf 81' lang='lat' dir='ltr'>abbatis</span> <span class='ocrx_word' id='word_1_734' title='bbox 1576 2747 1608 2774; x_wconf 86' lang='lat' dir='ltr'>ct</span> <span class='ocrx_word' id='word_1_735' title='bbox 1650 2748 1828 2774; x_wconf 78' lang='lat' dir='ltr'>conventus</span> <span class='ocrx_word' id='word_1_736' title='bbox 1870 2745 2005 2783; x_wconf 81' lang='lat' dir='ltr'>predicti</span> <span class='ocrx_word' id='word_1_737' title='bbox 2046 2744 2232 2773; x_wconf 83' lang='lat' dir='ltr'>monasterii</span> 
     </span>
     <span class='ocr_line' id='line_1_98' title="bbox 1226 2797 2236 2834; baseline -0.002 -7"><span class='ocrx_word' id='word_1_738' title='bbox 1226 2812 1237 2827; x_wconf 88' lang='lat'>«</span> <span class='ocrx_word' id='word_1_739' title='bbox 1261 2799 1416 2832; x_wconf 75' lang='lat' dir='ltr'>Saxivivi‚</span> <span class='ocrx_word' id='word_1_740' title='bbox 1442 2801 1474 2827; x_wconf 88' lang='lat' dir='ltr'>et</span> <span class='ocrx_word' id='word_1_741' title='bbox 1498 2798 1658 2831; x_wconf 84' lang='lat' dir='ltr'>Johanne,</span> <span class='ocrx_word' id='word_1_742' title='bbox 1684 2798 1796 2827; x_wconf 79' lang='lat' dir='ltr'>clerico</span> <span class='ocrx_word' id='word_1_743' title='bbox 1822 2798 1860 2826; x_wconf 89' lang='lat' dir='ltr'>de</span> <span class='ocrx_word' id='word_1_744' title='bbox 1885 2798 1996 2827; x_wconf 82' lang='lat' dir='ltr'>Castro</span> <span class='ocrx_word' id='word_1_745' title='bbox 2022 2797 2137 2830; x_wconf 81' lang='lat' dir='ltr'>Plebis,</span> <span class='ocrx_word' id='word_1_746' title='bbox 2164 2805 2236 2834; x_wconf 89' lang='lat' dir='ltr'>pro-</span> 
     </span>
     <span class='ocr_line' id='line_1_99' title="bbox 1228 2849 2239 2888; baseline -0.002 -9"><span class='ocrx_word' id='word_1_747' title='bbox 1228 2865 1239 2879; x_wconf 79' lang='lat'>«</span> <span class='ocrx_word' id='word_1_748' title='bbox 1262 2854 1408 2881; x_wconf 79' lang='lat' dir='ltr'>curatore</span> <span class='ocrx_word' id='word_1_749' title='bbox 1435 2851 1633 2880; x_wconf 79' lang='lat' dir='ltr'>Urbcvetani</span> <span class='ocrx_word' id='word_1_750' title='bbox 1660 2851 1810 2888; x_wconf 82' lang='lat' dir='ltr'>episcopi,</span> <span class='ocrx_word' id='word_1_751' title='bbox 1837 2849 2072 2879; x_wconf 83' lang='lat' dir='ltr'>sententialiter</span> <span class='ocrx_word' id='word_1_752' title='bbox 2096 2858 2239 2887; x_wconf 87' lang='lat' dir='ltr'>pronun-</span> 
     </span>
     <span class='ocr_line' id='line_1_100' title="bbox 1229 2902 2238 2941; baseline 0 -10"><span class='ocrx_word' id='word_1_753' title='bbox 1229 2917 1240 2931; x_wconf 85' lang='lat'>«</span> <span class='ocrx_word' id='word_1_754' title='bbox 1263 2905 1383 2934; x_wconf 77' lang='lat' dir='ltr'>tiamus</span> <span class='ocrx_word' id='word_1_755' title='bbox 1401 2904 1430 2933; x_wconf 88' lang='lat' dir='ltr'>in</span> <span class='ocrx_word' id='word_1_756' title='bbox 1449 2903 1576 2941; x_wconf 79' lang='lat' dir='ltr'>scriptis</span> <span class='ocrx_word' id='word_1_757' title='bbox 1594 2912 1757 2941; x_wconf 69' lang='lat' dir='ltr'>processus</span> <span class='ocrx_word' id='word_1_758' title='bbox 1776 2903 1902 2932; x_wconf 74' lang='lat' dir='ltr'>habitos</span> <span class='ocrx_word' id='word_1_759' title='bbox 1920 2912 1975 2940; x_wconf 88' lang='lat' dir='ltr'>pcr</span> <span class='ocrx_word' id='word_1_760' title='bbox 1992 2902 2238 2931; x_wconf 86' lang='lat' dir='ltr'>Urbevetanum</span> 
     </span>
     <span class='ocr_line' id='line_1_101' title="bbox 1232 2955 2239 2996; baseline -0.002 -11"><span class='ocrx_word' id='word_1_761' title='bbox 1232 2970 1243 2985; x_wconf 93' lang='lat'>«</span> <span class='ocrx_word' id='word_1_762' title='bbox 1266 2958 1451 2996; x_wconf 86' lang='lat' dir='ltr'>episcopum</span> <span class='ocrx_word' id='word_1_763' title='bbox 1478 2956 1507 2985; x_wconf 89' lang='lat' dir='ltr'>in</span> <span class='ocrx_word' id='word_1_764' title='bbox 1534 2956 1693 2993; x_wconf 72' lang='lat' dir='ltr'>predictas</span> <span class='ocrx_word' id='word_1_765' title='bbox 1719 2956 1834 2985; x_wconf 77' lang='lat' dir='ltr'>Sancte</span> <span class='ocrx_word' id='word_1_766' title='bbox 1860 2955 1966 2984; x_wconf 77' lang='lat' dir='ltr'>Crucis</span> <span class='ocrx_word' id='word_1_767' title='bbox 1991 2957 2023 2983; x_wconf 84' lang='lat' dir='ltr'>ct</span> <span class='ocrx_word' id='word_1_768' title='bbox 2048 2956 2239 2984; x_wconf 87' lang='lat' dir='ltr'>Sanctorum</span> 
     </span>
     <span class='ocr_line' id='line_1_102' title="bbox 1233 3008 2243 3047; baseline -0.001 -10"><span class='ocrx_word' id='word_1_769' title='bbox 1233 3022 1244 3038; x_wconf 83' lang='lat'>«</span> <span class='ocrx_word' id='word_1_770' title='bbox 1269 3010 1374 3047; x_wconf 74' lang='lat' dir='ltr'>Egidii</span> <span class='ocrx_word' id='word_1_771' title='bbox 1393 3012 1425 3038; x_wconf 81' lang='lat' dir='ltr'>ct</span> <span class='ocrx_word' id='word_1_772' title='bbox 1444 3008 1566 3038; x_wconf 75' lang='lat' dir='ltr'>Nicolai</span> <span class='ocrx_word' id='word_1_773' title='bbox 1585 3008 1730 3037; x_wconf 79' lang='lat' dir='ltr'>ccclesias</span> <span class='ocrx_word' id='word_1_774' title='bbox 1749 3011 1779 3037; x_wconf 76' lang='lat' dir='ltr'>et</span> <span class='ocrx_word' id='word_1_775' title='bbox 1800 3017 1950 3046; x_wconf 80' lang='lat' dir='ltr'>personas</span> <span class='ocrx_word' id='word_1_776' title='bbox 1968 3017 2078 3037; x_wconf 88' lang='lat' dir='ltr'>earum</span> <span class='ocrx_word' id='word_1_777' title='bbox 2097 3011 2127 3037; x_wconf 88' lang='lat' dir='ltr'>et</span> <span class='ocrx_word' id='word_1_778' title='bbox 2148 3016 2243 3046; x_wconf 89' lang='lat' dir='ltr'>quas-</span> 
     </span>
    </p>
   </div>
  </div>
 </body>
</html>
