2477 3512
193 278 236 309 2ss
878 275 1148 308 REGISTRES
1174 275 1528 308 D’ALEXANDRE
1557 276 1606 308 IV

194 383 288 415 tione
307 383 486 425 premissa,
506 393 568 425 per
584 382 960 415 excommunicationis
978 382 1012 414 in
1032 392 1197 424 personas

194 439 229 468 et
254 440 383 468 terram
408 436 516 477 ipsius
541 436 680 467 comitis
704 436 883 467 interdicti
907 435 1112 472 sententias,
1138 445 1199 477 ap-

194 489 382 532 pellatione
424 491 571 525 remota,
617 488 818 530 compellas,
863 498 931 519 non
975 488 1141 520 obstante
1171 487 1198 519 si

193 543 305 574 eidem
327 542 446 573 comiti
469 543 531 573 aut
552 542 728 582 aliquibus
749 541 824 572 aliis
845 551 863 572 a
886 541 973 572 Sede
994 540 1196 582 Apostolica

193 596 238 628 sit
258 596 436 626 indultum
459 595 552 635 quod
574 594 882 630 excommunicari,
905 596 939 625 et
961 596 1053 625 terra
1075 603 1196 625 corum

192 648 354 680 interdici
401 658 468 678 non
516 647 651 688 possint
696 647 768 678 sive
815 647 932 688 aliqua
978 647 1197 686 indulgentia

192 701 301 742 ipsius
335 700 432 732 Sedis
465 710 525 741 per
558 709 664 741 (piam
698 700 859 731 executio
893 700 1053 731 mandati
1088 699 1198 731 nostri

193 763 297 795 super
315 753 378 784 hoc
399 753 517 785 valeat
535 753 697 794 impediri
716 756 751 784 et
771 754 812 784 de
833 762 901 794 qua
921 763 979 784 seu
1000 752 1100 793 cujus
1119 754 1197 783 toto

193 810 312 839 tenore
349 807 382 837 in
418 806 546 837 litteris
584 806 711 838 nostris
748 806 887 847 plenam
925 808 957 837 et
996 814 1197 847 expressam

192 862 356 902 oporteat
395 859 470 891 fieri
511 859 738 896 mentionem,
782 859 913 890 auxilio
953 858 1123 890 carissimi
1163 858 1197 889 in

190 913 328 945 Christo
350 912 413 943 filii
435 912 570 943 nostri..
594 912 683 954 regis
705 912 851 943 Franeie
873 911 1028 948 illustris,
1052 911 1096 943 ad
1120 911 1195 948 boc,

189 966 216 998 si
240 975 377 997 necesse
398 965 515 1001 fuerit,
538 965 716 997 invocato.
741 965 813 996 Nos
834 965 928 996 enim
951 964 1197 996 nichilominus

190 1019 406 1061 presentium
451 1018 666 1050 auctoritate
711 1018 930 1049 decernimus
975 1020 1015 1049 ut
1059 1017 1196 1059 prefato

190 1072 416 1108 monasterio,
443 1081 485 1102 ex
509 1082 549 1103 eo
574 1072 666 1112 quod
692 1071 807 1103 dictus
831 1080 947 1103 comes
970 1070 1054 1102 illud
1081 1071 1198 1102 taliter

190 1125 390 1166 occupavit,
432 1125 566 1155 nullum
604 1124 638 1155 in
678 1127 860 1165 posterum
898 1127 1084 1165 generetur
1122 1134 1197 1165 pre-

189 1177 361 1219 judicium
386 1187 447 1208 neo
470 1177 582 1208 eidem
607 1177 727 1208 comiti
751 1177 806 1208 vel
837 1177 913 1218 ejus
936 1177 1194 1208 successoribus

190 1231 316 1262 exinde
356 1231 413 1272 jus
453 1230 596 1271 aliquod
638 1230 855 1271 acquiratur.
899 1230 982 1261 Dat.
1026 1230 1195 1270 Anagnie,

196 1283 249 1315 111
275 1284 353 1316 idus
379 1283 507 1320 martii,
535 1292 627 1314 anno
653 1283 789 1324 quinto.
817 1295 829 1311 υ

271 1486 360 1513 2846
725 1486 860 1520 Anagni,
883 1486 900 1512 5
923 1493 1006 1512 mars
1030 1485 1116 1512 1259.

232 1541 397 1572 Riccardo,
425 1540 535 1567 abbati
562 1539 833 1566 Wcstmonasterii
861 1539 1099 1571 Londoniensis,
1127 1545 1199 1565 con—

191 1585 338 1612 trahendi
363 1587 511 1611 mutuum
538 1591 635 1618 usque
661 1584 702 1611 ad
727 1592 885 1611 summam
910 1584 994 1610 mille
1020 1590 1198 1610 marcarum

193 1630 418 1663 Stertingorum
444 1636 500 1663 pro
527 1629 603 1655 dicti
629 1628 811 1655 monasterii
837 1629 970 1661 negotiis
997 1627 1198 1662 expediendis

192 1674 378 1701 facultatem
399 1673 552 1700 concedit.
574 1673 671 1707 (Bm.
693 1673 742 1705 25,
764 1673 784 1699 f.
809 1673 866 1700 199
887 1676 933 1705 v⁰‚
956 1680 1006 1699 an.
1029 1672 1066 1704 V,
1088 1680 1112 1699 c.
1136 1672 1198 1706 80.)

259 1784 271 1800 «
290 1772 466 1809 Riccardo,
489 1772 604 1803 abbati
627 1772 915 1804 ll'cstmonasterii
935 1771 1196 1805 madeniensis,

196 1825 327 1856 ordinis
358 1825 473 1856 Sancti
503 1825 687 1861 Benedicti,
719 1826 762 1856 ad
791 1826 981 1857 Romanam
1012 1825 1196 1856 Ecclesiam

194 1877 287 1908 nullo
305 1878 412 1909 medio
430 1878 642 1919 pertinentis.
663 1879 749 1909 (Iuni
769 1879 859 1909 sicut
878 1879 912 1909 in
933 1881 1051 1909 nostra
1073 1888 1198 1919 propo-

193 1930 293 1962 suisti
324 1931 499 1972 presentia
530 1931 747 1962 constitutus
778 1942 839 1972 pro
870 1931 1098 1972 expediendis
1130 1931 1198 1962 tuis

194 1986 227 2014 et
256 1983 464 2015 dilectorum
491 1984 643 2015 filiorum
670 1987 868 2016 conventus
893 1984 1197 2016 Westmonasterii

195 2037 343 2077 negotiis
377 2047 438 2078 pro
473 2037 600 2078 quibus
633 2038 676 2069 ad
712 2038 835 2069 Sedem
868 2037 1109 2079 Apostolicam
1144 2048 1199 2069 ac-

197 2089 341 2126 cessisti,
367 2092 402 2121 te
427 2090 542 2121 subire
568 2093 731 2132 oporteat
756 2100 861 2122 onera
885 2100 1130 2132 expensarum,
1158 2101 1198 2122 ne

194 2152 256 2184 pro
285 2142 423 2173 defectu
454 2143 607 2184 ipsarum
636 2144 760 2175 eadem
788 2144 991 2185 inexpedita
1020 2154 1198 2175 remanere

194 2195 389 2235 contingat,
439 2206 500 2226 nos
549 2196 617 2227 tuis
662 2197 981 2238 supplicationibus
1026 2197 1197 2234 inclinati,

195 2248 425 2279 contrahendi
451 2251 615 2280 mutuum
642 2252 785 2290 propter
810 2250 874 2281 hoc
900 2260 1010 2291 usque
1035 2251 1078 2281 ad
1105 2260 1199 2281 suin-

195 2310 289 2332 niani
318 2301 408 2332 inille
438 2311 633 2333 marcarum
664 2303 928 2343 Sterlingorum,
957 2306 988 2334 ct
1020 2303 1198 2343 obligandi

195 2353 428 2384 creditoribus
466 2364 575 2395 usque
614 2355 657 2386 ad
696 2365 871 2386 summam
910 2356 1125 2396 hujusmodi,
1166 2359 1198 2388 te

195 2409 227 2437 et
264 2407 515 2438 monasterium
551 2410 651 2438 tuum
686 2418 724 2439 ac
759 2411 975 2440 conventum
1009 2409 1128 2450 ipsius,
1163 2413 1195 2441 et.

196 2459 313 2490 omnia
335 2459 426 2490 bona
447 2470 508 2491 sua
530 2470 568 2491 ac
589 2471 803 2492 successores
824 2464 914 2497 tuos,
937 2465 969 2493 et
992 2463 1199 2494 renuntian-

197 2511 231 2542 di
254 2512 500 2542 constitutioni
525 2514 565 2543 de
590 2514 728 2544 duabus
752 2514 854 2545 dietis
877 2515 971 2545 edite
995 2515 1028 2545 in
1053 2516 1198 2546 concilio

196 2564 347 2606 generali
387 2568 422 2596 et
464 2566 633 2596 beneficio
675 2567 909 2598 restitutionis
950 2568 983 2598 in
1025 2568 1199 2608 integrum

198 2627 332 2648 necnon
357 2620 389 2648 et
416 2619 641 2649 conventioni
665 2619 835 2659 judicum,
862 2620 886 2651 si
914 2620 1067 2661 ipsorum
1093 2622 1201 2653 credi-

197 2672 314 2701 torum
354 2671 494 2701 nomine
533 2672 746 2712 apostolicas
786 2673 919 2704 litteras
958 2674 1200 2715 cujuscunque

199 2723 329 2754 tenoris
364 2723 594 2764 imposterum
630 2725 809 2765 impetrari
846 2726 1042 2765 eontigerit,
1080 2730 1201 2758 aueto-

198 2776 302 2806 ritate
345 2776 410 2807 tibi
454 2777 668 2817 presentium
711 2779 935 2809 emicetliinus
979 2780 1198 2817 facultatem,

199 2828 247 2859 ita
274 2831 394 2859 tamen
421 2829 514 2869 quod
543 2832 578 2860 tu
605 2832 634 2860 et
666 2834 862 2861 conventus
888 2832 971 2863 dicti
999 2833 1201 2864 monasterii

201 2890 240 2912 ac
279 2891 492 2913 successores
533 2882 594 2919 tui,
638 2884 749 2914 usuris
788 2885 930 2915 ommno
970 2886 1199 2923 cessantibus,

200 2934 390 2965 teneamini
413 2935 457 2966 ad
482 2935 685 2976 hujusmodi
710 2937 893 2977 pecuniam
921 2938 1198 2978 persolvendam,

200 2989 235 3016 et
264 2987 307 3018 ad
337 2997 475 3028 penam,
506 2989 672 3030 dampna,
703 2999 873 3032 expensas
902 2993 936 3021 et
966 2991 1142 3029 iuteresse,
1172 2992 1200 3024 si

1307 383 1341 414 in
1369 383 1518 414 termino
1543 393 1562 415 a
1587 386 1622 415 te
1647 383 1849 419 statuendo,
1877 383 2062 425 pecuniam
2088 391 2156 414 non
2182 379 2311 424 persol-

1309 436 1398 467 veris
1418 439 1662 473 memoratam,
1683 436 1823 467 sublata
1843 436 1926 478 ipsis
1944 435 2176 467 creditoribus
2195 443 2310 466 neces-

1307 489 1412 521 sitate
1442 489 1614 530 probandi
1642 490 1736 530 quod
1765 489 1912 530 pecunia
1940 489 1974 520 in
2005 488 2196 520 utilitatem
2225 487 2310 519 dicti

1308 542 1512 574 monasterii
1538 542 1583 573 sit
1609 552 1788 579 conversa,
1816 544 1981 584 pretextu
2008 541 2157 582 alicujus
2182 540 2312 572 consti-

1307 595 1440 626 tutioni
1485 595 1652 627 canonice
1697 595 1752 627 vel
1797 594 1919 632 civilis,
1967 604 2036 626 non
2082 593 2310 626 obstantibus

1307 648 1484 690 aliquibus
1521 648 1710 690 privilegiis
1748 648 1801 679 vel
1840 646 2067 689 indulgentiis
2104 647 2146 678 de
2184 646 2312 688 quibus

1307 701 1342 732 in
1367 701 1494 733 nostris
1517 701 1643 733 litteris
1667 703 1831 743 oporteat
1854 700 1929 732 fieri
1953 700 2169 732 mentionem
2192 702 2227 741 et
2251 708 2312 741 per

1309 763 1375 795 que
1407 757 1442 785 tu
1473 757 1507 785 et
1537 757 1736 785 conventus
1765 754 1849 785 dicti
1880 753 2082 785 monasterii
2111 762 2151 784 ac
2179 761 2314 784 succes·

1309 816 1402 838 sores
1430 807 1482 838 tui
1510 807 1660 839 valeatis
1687 816 1791 849 super
1818 806 1883 838 hiis
1911 806 1945 838 in
1974 806 2092 848 aliquo
2119 815 2183 837 vos
2210 804 2311 836 tueri.

1310 860 1392 891 Dat.
1423 860 1592 901 Anagnie,
1628 860 1679 891 Ill
1711 870 1821 892 nonas
1851 859 1979 896 martii,
2010 869 2103 892 anno
2133 858 2269 900 quinto.
2301 870 2313 886 u

1389 1040 1477 1066 2847
1822 1041 1957 1075 Anagni,
1981 1041 2017 1068 18
2040 1048 2123 1068 mars
2147 1040 2233 1068 1259.

1350 1093 1493 1121 Generali
1515 1102 1552 1121 ac
1575 1095 1727 1122 universis
1750 1095 1905 1129 prioribus
1927 1095 2054 1122 ordinis.
2077 1094 2113 1121 B.
2138 1093 2254 1121 Mariae
2277 1093 2316 1120 de

1308 1137 1416 1165 Monte
1441 1139 1574 1166 Carmeli
1598 1140 1742 1166 concedit
1767 1141 1803 1166 ut
1828 1140 1940 1166 fratres
1965 1140 2129 1173 apostatas
2154 1140 2186 1166 et
2209 1137 2316 1165 inobe-

1308 1182 1429 1210 dientes
1449 1183 1732 1216 emommunicare,
1753 1191 1873 1218 capere,
1893 1183 1988 1217 ligare
2007 1185 2039 1210 et
2058 1183 2173 1210 carceri
2192 1182 2316 1209 tradere

1307 1227 1438 1260 possint.
1465 1227 1562 1261 (nm.
1589 1228 1637 1260 25,
1663 1228 1683 1255 f.
1711 1228 1768 1255 199
1793 1232 1840 1260 v⁰‚
1866 1235 1915 1254 an.
1942 1228 1979 1260 V,
2005 1235 2030 1254 c.
2057 1228 2117 1259 81;
2144 1227 2317 1253 Por‘rfflxsr

1310 1270 1432 1306 17517.)

1355 1383 1367 1398 «
1392 1396 1411 1402 ..
1437 1370 1584 1411 qenerali
1609 1380 1647 1402 ac
1671 1370 1839 1402 universis
1861 1369 2037 1412 prioribus
2060 1369 2191 1401 ordinis
2214 1369 2316 1402 Beate

1308 1423 1426 1455 Marte
1449 1423 1487 1455 de
1510 1423 1628 1455 Mente
1653 1422 1811 1455 Carmeli.
1838 1422 2054 1454 Provisionis
2078 1425 2197 1454 nostre
2221 1423 2318 1465 cupi·-

1308 1487 1387 1509 mus
1421 1495 1476 1508 —.
1514 1477 1596 1508 Dat.
1633 1476 1804 1518 Anagnie‚
1842 1476 1909 1507 XV
1952 1475 2020 1507 kal.
2058 1475 2186 1517 aprilis,
2223 1485 2316 1508 anno

1308 1531 1444 1573 quinto.
1471 1543 1483 1558 »

1389 1714 1477 1740 2848
1823 1713 1957 1747 Anagni,
1982 1713 2018 1739 14
2041 1720 2124 1739 mars
2148 1712 2235 1739 1259.

1350 1767 1462 1801 Majori
1491 1768 1634 1794 ministro
1661 1769 1693 1794 et
1717 1767 1868 1794 fratribus
1894 1766 2011 1794 ordinis
2038 1766 2066 1793 S.
2093 1766 2258 1793 Trinitatis
2283 1766 2315 1792 et

1309 1812 1509 1847 captivorum
1534 1812 1678 1839 concedit
1701 1814 1738 1839 ut
1761 1812 1793 1838 in
1818 1811 1952 1845 grangiis
1976 1813 2008 1838 et
2038 1811 2113 1838 locis
2136 1810 2210 1843 suis,
2235 1817 2316 1844 quae

1305 1857 1383 1884 adeo
1410 1857 1531 1884 distant
1558 1857 1598 1884 ab
1625 1856 1759 1884 ecclesiis
1791 1855 2039 1890 parrochialibus
2072 1855 2158 1889 quod
2190 1855 2231 1882 ad
2265 1861 2318 1882 eas

1306 1908 1363 1935 pro
1399 1901 1513 1928 divinis
1549 1901 1713 1928 audiendis
1748 1900 1860 1927 officiis
1895 1907 1959 1927 non
1992 1899 2115 1934 possint
2148 1899 2313 1926 commode

1307 1945 1423 1973 habere
1448 1952 1619 1978 recursum,
1645 1945 1739 1972 liceat
1764 1945 1817 1977 eis,
1843 1951 1906 1971 non
1931 1944 2075 1971 admissis
2100 1943 2315 1977 parrochianis

1310 1989 1467 2016 dictarum
1496 1989 1707 2021 ecclesiarum,
1736 1989 1802 2016 sine
1831 1990 1989 2016 rectorum
2017 1988 2157 2022 ipsarum
2185 1995 2222 2015 ac
2250 1987 2316 2015 dio-

1308 2041 1493 2061 cesanorum
1513 2034 1654 2068 ipsorum
1674 2041 1812 2066 assensu,
1834 2033 1942 2060 divina
1962 2032 2127 2060 celebrare.
2149 2032 2246 2066 (REG.
2268 2031 2318 2064 25,

1307 2078 1329 2105 f.
1352 2078 1422 2111 200,
1444 2086 1495 2105 an.
1518 2078 1557 2111 V,
1579 2085 1605 2105 c.
1629 2078 1692 2112 82.)

1355 2189 1368 2206 «
1398 2202 1417 2209 ..
1447 2176 1570 2218 majori
1599 2176 1757 2208 ministro
1786 2177 1814 2207 et
1840 2175 2006 2217 tratribus
2036 2174 2168 2207 ordinis
2198 2174 2319 2207 Sancte

1314 2230 1495 2262 Trinitatis
1524 2231 1551 2261 et
1578 2229 1800 2271 captivorum.
1830 2229 2039 2261 Devotionis
2066 2231 2182 2260 vestre
2210 2227 2319 2270 preci-

1310 2285 1375 2316 bus
1391 2302 1445 2315 —.
1463 2283 1545 2315 Dat.
1563 2282 1732 2324 Anagnie,
1753 2282 1786 2313 II
1802 2282 1881 2314 idus
1896 2282 2026 2320 martii,
2043 2291 2136 2314 anno
2152 2281 2288 2323 quinto.
2305 2293 2318 2310 »

1390 2460 1478 2487 28⁴9
1794 2459 1928 2494 Anagnt,
1953 2459 1990 2487 13
2011 2459 2125 2486 fevrier
2147 2458 2234 2486 1259.

1351 2514 1493 2541 Generali
1514 2515 1545 2541 et
1565 2514 1720 2548 prioribus
1741 2513 1986 2547 provincialibus
2007 2520 2044 2539 ae
2063 2511 2214 2539 fratribus
2234 2511 2316 2538 ordi-

1309 2558 1356 2585 nis
1378 2559 1496 2585 Beatae
1520 2558 1636 2585 Mariae
1660 2558 1697 2584 de
1720 2558 1827 2584 Monte
1851 2557 1983 2585 Carmeli
2005 2556 2165 2584 interdicit
2187 2563 2227 2583 ne
2248 2555 2317 2583 reli-

1310 2603 1387 2636 giosi
1414 2603 1602 2637 professores
1630 2602 1747 2629 ordinis
1774 2602 1858 2636 paris
1885 2601 2085 2629 arctitudinis
2112 2600 2162 2628 vel
2189 2599 2317 2628 minoris

1310 2647 1446 2681 aliquem
1469 2647 1599 2673 fratrem
1622 2646 1739 2673 ordinis
1762 2646 1965 2673 Carmelitani
1987 2646 2052 2672 sine
2074 2644 2201 2679 speciali
2222 2644 2316 2671 licen-

1308 2691 1354 2719 tia
1387 2691 1498 2725 prioris
1532 2690 1682 2724 generalis
1716 2690 1850 2724 recipere
1884 2691 2098 2724 praesumant.
2133 2688 2230 2723 (Rea.
2265 2687 2316 2720 25.

1309 2736 1331 2762 t.
1353 2735 1422 2768 200,
1443 2743 1493 2762 an.
1514 2734 1552 2767 V,
1573 2742 1598 2762 c.
1621 2734 1680 2767 83;
1703 2735 1876 2761 Po'rTHAsT
1897 2734 2018 2768 17487.)

1358 2846 1369 2862 ι(
1393 2857 1412 2865 ..
1437 2832 1584 2874 yenerali
1607 2835 1635 2864 el
1658 2833 1826 2864 universis
1848 2832 2024 2874 prioribus
2045 2829 2316 2873 provincialibus

1312 2895 1350 2917 ac
1368 2885 1533 2926 fratribus
1553 2886 1684 2917 ordinis
1704 2886 1806 2917 Beate
1824 2885 1941 2918 Marte
1959 2885 1998 2917 de
2016 2885 2136 2916 Monte
2157 2882 2315 2916 Carmeli.

1312 2939 1428 2978 Quieti
1455 2942 1570 2971 vestre
1597 2939 1780 2981 providere
1808 2958 1862 2971 ——.
1890 2939 1973 2970 Dat.
2002 2937 2170 2980 Anagnie,
2197 2936 2314 2968 idibus

1310 2992 1488 3029 februarii,
1517 3002 1609 3024 anno
1637 2992 1774 3034 quinto.
1803 3005 1815 3020 »
