2477 3512
1005 302 1283 344 QUATRIEME
1303 302 1466 336 ANNEE
2236 304 2296 334 759

256 410 346 437 2440
711 411 840 444 Latran,
852 411 870 438 6
880 412 1004 445 J'anvier
1015 412 1102 439 1257.

217 459 343 486 Decano
361 460 392 486 et
409 459 548 493 capitulo
567 459 842 487 Lemovieensibus
852 460 984 487 mandat
1002 462 1037 486 ut
1055 459 1182 486 Petrum

176 499 214 525 de
239 498 330 530 pinu,
355 501 507 526 rectorem
533 499 562 528 S.
589 499 760 532 Saturnini,
785 499 1017 526 Lemovicensis
1042 499 1183 530 diocesis,

174 537 206 565 in
229 538 414 565 canonicum
436 539 590 572 recipiant
612 539 702 573 eique
725 539 763 566 de
785 539 963 573 praebenda
986 539 1092 572 aliqua
1114 546 1183 572 pro-

175 577 316 605 videant.
336 577 433 611 (Bm.
455 578 503 610 25,
522 578 544 605 f.
565 578 633 611 118,
653 586 702 606 an.
726 578 778 610 IV,
799 586 823 606 c.
844 578 906 612 30.)

216 691 228 706 «
252 702 280 715 ..,
303 680 417 710 decano
450 682 477 710 et
498 680 633 719 capitulo
654 681 934 710 Lemovicensibus.
969 681 1110 719 Dignum
1134 682 1182 709 est

174 734 207 762 et
224 741 400 762 consonum
429 735 490 762 etc.
521 733 606 762 Hinc
623 736 672 762 est
689 734 775 772 quod
793 743 850 771 pro
868 733 985 762 dilecto
1001 732 1068 762 filio
1085 733 1181 762 Petro

174 785 212 814 de
232 785 324 818 pinu,
344 787 466 814 rectore
484 785 613 814 ecclesie
630 785 740 815 Sancti
752 786 927 820 Saturnini,
944 785 1181 815 Lemovicensis

173 837 316 871 diocesis,
329 838 417 876 apud
429 847 486 867 nos
498 838 536 867 de
548 838 718 867 honestate
728 838 795 867 vite
807 847 844 868 ac
855 838 1036 867 litterarum
1048 838 1180 867 scientia

173 890 410 924 commendato,
425 890 670 920 universitatem
683 893 826 920 vestram
839 899 999 929 rogamus,
1012 899 1180 920 monemus

172 945 205 971 et
234 942 402 972 hortamur
430 945 566 977 attente,
592 943 785 973 mandantes
809 944 963 982 quatinus
992 943 1108 982 ipsum,
1139 944 1180 972 ob

174 995 387 1025 reverentiam
421 995 606 1034 Apostolice
640 996 729 1026 Sedis
763 998 796 1025 et
831 998 985 1030 nostram,
1020 996 1181 1034 recipiatis

171 1047 204 1076 in
221 1047 352 1077 ecclesia
369 1050 477 1077 vestra
494 1048 526 1077 in
544 1049 733 1078 canonicum
751 1051 784 1078 et
800 1049 832 1078 in
849 1049 993 1083 fratrem,
1011 1049 1039 1078 ei
1056 1049 1095 1078 de
1112 1058 1181 1087 pre-

171 1100 287 1134 benda,
306 1100 333 1129 si
351 1109 415 1139 qua
433 1100 465 1130 in
484 1101 615 1131 ecclesia
633 1101 702 1140 ipsa
720 1101 753 1130 in
773 1110 836 1140 qua
856 1102 984 1131 collatio
1003 1102 1181 1140 prebenda—

163 1150 242 1182 'rum
271 1153 312 1182 ad
341 1162 399 1182 vos
428 1153 587 1192 pertinere
617 1154 745 1188 dicitur,
775 1157 873 1184 vacat
902 1155 943 1183 ad
972 1163 1101 1192 presens
1129 1154 1180 1183 vel

171 1205 336 1244 quamcito
357 1206 398 1235 ad
420 1206 452 1235 id
475 1206 629 1236 obtulerit
650 1216 683 1236 se
710 1206 859 1241 facultas,
882 1207 1055 1236 liberaliter
1076 1207 1182 1245 provi-

171 1258 294 1292 dentes,
341 1267 404 1288 non
439 1259 591 1288 obstante
625 1259 727 1298 partis
760 1260 1016 1289 contradictione
1050 1260 1181 1289 minoris

171 1310 231 1340 nisi
246 1311 368 1350 aliquid
384 1311 575 1341 rationabile
590 1312 632 1341 ab
647 1312 717 1350 ipsa
733 1313 898 1350 objectum
914 1312 1011 1342 fuerit
1027 1315 1060 1341 et
1075 1315 1182 1341 osten-

168 1371 250 1398 sum,
259 1363 450 1403 authtatuto
461 1364 500 1393 de
511 1367 597 1394 certo
608 1364 834 1394 canonicorum
845 1374 978 1394 numero
984 1365 1180 1403 juramento,

169 1415 415 1446 confirmatione
451 1417 540 1446 Sedis
576 1417 761 1456 Apostolice
796 1427 851 1446 seu
888 1426 1082 1456 quacunque
1118 1418 1179 1447 alia

166 1467 324 1498 firmitate
339 1469 472 1503 vallato,
489 1470 540 1499 vel
557 1470 644 1508 quod
660 1470 745 1499 idem
761 1472 866 1499 rector
877 1470 955 1500 alias
968 1470 1180 1500 beneficiatus

167 1521 279 1551 existit
297 1530 353 1551 seu
380 1522 406 1551 si
424 1522 517 1551 vobis
535 1531 593 1560 pro
612 1522 681 1552 aliis
701 1522 911 1552 direxerimus
930 1523 1049 1561 scripta
1069 1525 1179 1552 nostra

166 1573 283 1613 quibus
318 1574 467 1604 nolumus
501 1575 697 1604 auctoritate
732 1576 930 1614 presentium
965 1576 1179 1614 prejudicium

166 1626 319 1665 generari,
344 1629 403 1656 aut
424 1629 551 1657 statuto
576 1628 663 1666 quod
688 1628 720 1657 in
746 1628 877 1657 ecclesia
902 1630 1011 1658 vestra
1037 1628 1179 1658 dicimini

165 1678 350 1717 juramento
366 1679 512 1710 firmasse
529 1682 566 1709 ut
583 1680 754 1715 neminem,
773 1681 833 1710 nisi
850 1681 1017 1719 compulsi,
1035 1681 1067 1710 in
1085 1690 1180 1710 cano-

167 1731 275 1761 nicum
309 1732 504 1767 admittatis,
538 1733 589 1762 vel
622 1733 782 1772 siquidem
816 1734 857 1763 ad
880 1734 1097 1772 receptionem
1122 1743 1177 1763 seu

166 1784 383 1823 provisionem
413 1785 549 1824 alicujus
578 1785 710 1815 minime
739 1786 915 1815 teneamini
944 1787 1037 1816 vobis
1065 1787 1108 1816 sit
1136 1787 1178 1816 ab

166 1838 279 1867 eadem
307 1838 388 1867 Sede
415 1838 589 1873 indultum,
618 1841 677 1868 aut
704 1839 849 1878 qualibet
877 1839 938 1868 alia
966 1839 1066 1878 ipsius
1089 1840 1178 1869 Sedis

165 1890 377 1929 indulgentia,
402 1891 441 1920 de
464 1899 529 1929 qua
552 1891 723 1929 specialem
747 1894 897 1930 oporteat
919 1892 952 1921 in
976 1892 1178 1930 presentibus

165 1942 236 1972 fieri
258 1943 456 1972 mentionem
480 1946 513 1972 et
536 1952 592 1982 per
615 1952 713 1982 quam
737 1943 873 1974 effectus
897 1945 1094 1982 presentium
1119 1945 1179 1974 dif-

165 1994 240 2024 ferri
263 1995 373 2025 valeat
394 1996 446 2025 vel
469 1996 568 2025 etiam
592 1996 759 2034 impediri;
791 2005 899 2036 preces
923 1999 955 2027 et
985 1998 1177 2027 mandatum

166 2050 313 2077 nostrum
334 2048 444 2077 taliter
465 2048 629 2087 impleturi
651 2049 738 2088 quod
760 2049 845 2078 idem
868 2052 973 2079 rector
994 2053 1178 2079 assecutum

167 2109 199 2130 se
216 2101 357 2139 gaudeat
376 2101 462 2139 quod
481 2101 622 2131 intendit
640 2104 673 2131 et
690 2102 777 2140 apud
796 2111 853 2131 nos
871 2105 977 2131 vestre
997 2103 1178 2132 devotionis

166 2153 332 2182 sinceritas
360 2163 424 2183 non
458 2154 619 2183 immerito
666 2154 761 2193 digna
805 2155 955 2184 laudibus
1008 2156 1177 2185 habeatur.

167 2207 242 2236 Dat.
270 2206 432 2240 Laterani,
458 2206 541 2236 VIII
566 2207 638 2236 idus
662 2207 812 2245 januarii,
839 2217 924 2237 anno
950 2209 1056 2237 tertio.
1084 2220 1095 2235 »

245 2462 326 2488 2441
653 2464 792 2496 Viterbe,
806 2465 821 2491 7
834 2465 996 2491 decembre
1011 2466 1095 2493 1257.

205 2511 447 2544 Archiepiscopo
473 2511 731 2545 Magdeburgensi
756 2513 888 2540 mandat
914 2516 948 2540 ut
972 2514 1112 2540 Brunoni
1138 2515 1175 2541 de

166 2550 276 2582 Hallis,
300 2551 430 2577 diocesis
454 2551 728 2585 Magdeburgensis
757 2553 912 2584 clericum,
933 2554 969 2579 dc
995 2554 1100 2587 aliquo
1125 2554 1175 2580 be-

166 2590 277 2617 neficio
303 2598 374 2617 cum
399 2598 471 2617 cura
497 2591 544 2617 vel
570 2591 635 2617 sine
660 2599 733 2618 cura
758 2593 934 2625 provideat,
958 2593 1051 2626 juxta
1077 2594 1175 2620 conti-

166 2630 306 2656 nentiam
331 2630 508 2657 litterarum
535 2632 785 2658 executoriarum
811 2639 889 2665 quas
914 2633 979 2666 ipse
1004 2633 1109 2659 Bruno
1135 2634 1174 2659 ab

169 2666 377 2705 1[nnocentio]
395 2677 478 2703 papa
494 2670 728 2704 impetraverat.
747 2671 844 2704 (Res.
862 2672 909 2703 25,
928 2672 947 2699 f.
968 2672 1033 2704 118,
1052 2680 1100 2700 an.
1122 2673 1174 2705 IV,

166 2716 190 2735 c.
216 2709 278 2742 31.)

275 2830 293 2841 .,
336 2807 567 2846 archiepiscopo
600 2808 877 2847 Mnydeburyensi.
912 2810 1056 2839 Dilectus
1088 2810 1174 2840 filius

162 2859 272 2889 Bruno
302 2877 352 2888 —.
385 2860 461 2890 Dat.
493 2860 640 2895 Viterbii,
672 2861 735 2890 VII
766 2861 838 2891 idus
870 2862 1056 2897 decembris,
1088 2872 1173 2893 anno

164 2912 269 2942 tertio.
293 2923 305 2939 n

1369 411 1458 437 2442
1726 411 1865 444 Viterbe‚
1886 411 1921 438 13
1942 411 2107 438 decembre
2125 411 2212 439 1257.

1332 458 1430 485 Priori
1456 461 1487 486 et
1513 460 1652 493 capitulo
1681 460 1826 487 secularis
1859 460 2006 486 ecclesiae
2032 459 2061 487 S.
2089 460 2292 492 Radegundis

1289 498 1486 525 Pictavensis
1532 501 1664 526 mandat
1711 501 1746 526 ut
1797 500 1975 526 Johannem
2022 499 2143 525 dictum
2183 499 2296 531 Lorva,

1288 538 1474 571 recipientes
1505 539 1537 565 in
1552 540 1749 571 canonicum,
1762 539 1789 565 ei
1815 539 1852 565 de
1872 539 1978 573 aliqua
1993 539 2172 572 praebenda
2194 538 2297 572 provi-

1290 577 1394 605 deant.
1418 578 1514 611 (Bm.
1538 578 1585 610 25,
1608 579 1629 606 f.
1654 579 1720 610 118,
1743 585 1792 606 an.
1819 579 1871 610 IV,
1893 586 1918 606 c.
1949 578 2011 611 32.)

1328 666 1373 689 «..,
1390 656 1490 693 priori
1504 657 1530 684 el
1544 656 1679 694 capitulo
1693 656 1841 685 secularis
1856 656 1976 685 ecclesie
1989 656 2081 685 Beate
2095 656 2298 694 Radequndis

1286 707 1491 737 Pictavensis.
1525 708 1710 746 Apostolice
1743 708 1874 746 pietatis
1919 709 2086 746 provenire
2129 711 2190 738 etc.
2213 708 2298 737 Hinc

1286 761 1335 788 est
1352 761 1438 798 quod
1457 770 1513 798 pro
1532 761 1648 790 dilecto
1665 760 1732 789 filio
1749 760 1898 791 Johanne
1916 761 2003 791 dicto
2019 761 2135 795 Lorva,
2158 770 2297 800 paupere

1285 812 1408 847 clerico,
1438 813 1504 851 qui,
1533 813 1778 842 commendatus
1807 813 1845 843 de
1874 814 2116 843 conversatione
2144 813 2297 843 laudabili

1285 867 1318 894 et
1347 865 1488 894 honestis
1516 865 1670 900 moribus,
1693 865 1816 894 nullum
1840 868 1937 904 prout
1965 866 2078 895 asserit
2105 865 2297 895 beneficium

1285 917 1537 947 ecclesiasticum
1562 920 1611 947 est
1636 918 1785 956 adeptus,
1811 918 2057 947 universitatem
2081 921 2224 948 vestram
2248 921 2298 948 at-

1286 972 1377 999 tente
1409 971 1587 1008 rogandam
1619 970 1771 999 duximus
1803 973 1836 999 et
1866 971 2072 1004 monendam,
2105 971 2297 1000 mandantes

1286 1023 1441 1061 quatinus
1468 1023 1591 1052 dictum
1618 1022 1767 1052 clericum
1795 1032 1852 1061 pro
1880 1022 1989 1052 divina
2016 1025 2049 1052 et
2075 1026 2184 1052 nostra
2210 1032 2298 1053 reve·

1284 1075 1389 1104 rentia
1404 1075 1436 1104 in
1452 1075 1643 1104 canonicum
1658 1075 1847 1113 recipientes
1862 1078 1895 1104 et
1909 1075 2053 1109 fratrem,
2069 1076 2108 1105 de
2122 1076 2296 1114 prebenda,

1284 1127 1311 1157 si
1330 1127 1363 1157 in
1383 1128 1514 1157 ecclesia
1534 1130 1643 1157 vestra
1663 1127 1695 1157 in
1717 1137 1780 1167 qua
1801 1128 1885 1158 sicut
1898 1128 2051 1158 asseritur
2071 1128 2297 1157 canonicorum

1285 1180 1448 1210 institutio
1481 1183 1514 1210 et
1545 1181 1673 1210 collatio
1705 1181 1942 1219 prebendarum
1974 1181 2015 1210 ad
2047 1190 2104 1210 vos
2136 1181 2295 1219 pertinere

1286 1233 1413 1267 dicitur,
1446 1236 1544 1263 vacat
1576 1233 1617 1262 ad
1651 1242 1779 1271 presens
1811 1233 1862 1262 vel
1896 1233 2061 1272 quamcito
2093 1242 2126 1262 se
2158 1233 2296 1263 facultas

1286 1286 1452 1320 obtulerit,
1482 1286 1656 1316 liberaliter
1673 1286 1871 1324 provideatis
1892 1286 2006 1320 eidem,
2031 1286 2207 1315 dummodo
2230 1286 2297 1324 ipse

1285 1338 1367 1368 velit
1392 1339 1511 1368 ibidem
1537 1339 1674 1368 residere
1700 1339 1910 1377 personaliter
1935 1341 1968 1368 et
1993 1339 2034 1368 ad
2061 1339 2187 1368 ordines
2213 1348 2293 1377 quos

1285 1400 1365 1420 onus
1391 1391 1552 1429 prebende
1577 1391 1765 1429 huJusmodi
1789 1392 1896 1430 exiget
1916 1392 2109 1430 promoveri,
2136 1401 2199 1420 non
2225 1392 2297 1421 obs-

1285 1446 1378 1473 tante
1402 1446 1528 1473 statuto
1545 1444 1583 1473 de
1602 1446 1689 1473 certo
1706 1444 1933 1473 canonicorum
1958 1453 2091 1474 numero
2112 1445 2297 1482 Juramento

1284 1496 1336 1525 vel
1375 1496 1622 1526 confirmatione
1661 1496 1750 1526 Sedis
1788 1497 1973 1535 Apostolice
2011 1506 2066 1526 seu
2104 1505 2297 1536 quacunque

1283 1548 1442 1578 firmitate
1464 1549 1597 1583 vallato,
1621 1551 1679 1578 aut
1701 1549 1728 1578 si
1750 1549 1843 1578 vobis
1866 1558 1924 1587 pro
1953 1549 2022 1579 aliis
2045 1549 2163 1588 scripta
2187 1551 2297 1579 nostra

1285 1601 1460 1631 direximus
1475 1602 1592 1640 quibus
1605 1602 1802 1631 auctoritate
1817 1602 2014 1640 presentium
2029 1603 2178 1632 nolumus
2193 1602 2299 1641 preju-

1285 1653 1404 1683 dicium
1426 1654 1580 1692 generari,
1603 1654 1654 1684 vel
1676 1654 1701 1683 si
1723 1654 1816 1684 vobis
1837 1663 1856 1684 a
1879 1655 1959 1684 Sede
1980 1655 2167 1693 Apostolica
2188 1655 2230 1684 sit
2251 1655 2298 1684 in-

1285 1707 1414 1736 dultum
1439 1708 1526 1746 quod
1552 1708 1593 1737 ad
1618 1707 1835 1746 receptionem
1860 1710 1893 1737 et
1918 1707 2135 1746 provisionem
2160 1708 2296 1746 alicujus

1285 1759 1417 1789 minime
1440 1760 1626 1794 teneamini,
1651 1760 1718 1789 sive
1741 1760 1850 1799 aliqua
1873 1760 2073 1799 indulgentia
2098 1761 2187 1791 Sedis
2210 1761 2294 1799 ejus—

1284 1812 1358 1842 dem
1393 1822 1449 1851 per
1484 1822 1582 1851 quam
1617 1812 1753 1842 effectus
1789 1813 1975 1851 hujusmodi
2009 1813 2113 1852 gratia
2148 1813 2297 1852 impediri

1283 1865 1393 1894 valeat
1410 1865 1460 1894 vel
1479 1865 1602 1895 differri
1618 1868 1651 1895 et
1669 1866 1707 1894 de
1725 1874 1789 1904 qua
1807 1874 1862 1895 seu
1879 1865 1972 1904 cujus
1989 1868 2060 1896 toto
2077 1868 2188 1895 tenore
2205 1875 2297 1905 opor-

1284 1920 1354 1947 teat
1375 1918 1406 1946 in
1430 1918 1547 1947 nostris
1567 1918 1683 1947 litteris
1704 1917 1774 1948 fieri
1795 1918 2014 1954 mentionem,
2041 1927 2149 1957 preces
2170 1921 2297 1948 nostras

1283 1973 1317 1999 et
1337 1971 1530 2000 mandatum
1550 1970 1582 2000 in
1603 1971 1664 2000 hac
1684 1973 1778 2009 parta
1799 1971 1909 2000 taliter
1928 1971 2103 2010 impleturi.
2124 1974 2161 2001 ut
2181 1972 2297 2002 exinde

1284 2023 1380 2061 digna
1402 2023 1552 2053 laudibus
1584 2024 1672 2062 apud
1696 2033 1753 2053 nos
1781 2026 1889 2053 vestra
1923 2024 2087 2054 sinceritas
2127 2024 2295 2055 habeatur.

1284 2076 1361 2105 Dat.
1384 2076 1530 2110 Viterbii,
1551 2076 1657 2106 idibus
1679 2076 1866 2111 decembris,
1888 2085 1973 2106 anno
1994 2077 2100 2107 tertio.
2123 2089 2135 2104 J)

1363 2249 1452 2274 2443
1779 2251 1917 2283 Viterbe,
1932 2252 1967 2278 12
1977 2252 2101 2286 janvier
2122 2253 2209 2281 1258.

1325 2289 1473 2321 Guidoni,
1495 2289 1629 2323 plebano
1651 2290 1751 2324 plebis
1773 2290 1810 2316 de
1832 2291 1977 2324 Asciano,
2000 2292 2208 2319 Massanensis
2230 2293 2294 2319 dio-

1284 2329 1370 2359 cesis,
1397 2329 1538 2362 indulget
1564 2331 1599 2355 ut
1618 2330 1780 2356 ecelesiam
1806 2330 1834 2357 S.
1862 2330 2033 2358 Salvatoris
2059 2332 2095 2358 de
2121 2332 2220 2359 Ponte
2246 2333 2295 2359 Pi-

1284 2376 1369 2399 sano,
1390 2376 1497 2395 curam
1517 2369 1694 2395 animarum
1714 2370 1895 2401 habentem,
1916 2371 2065 2405 accipere,
2086 2379 2121 2398 ac
2140 2379 2203 2398 una
2223 2380 2293 2399 cum

1282 2408 1454 2441 plebanatu
1479 2409 1578 2442 plebis
1603 2410 1639 2435 de
1664 2410 1809 2441 Asciano,
1834 2411 1884 2436 cui
1908 2411 2018 2437 similis
2042 2419 2115 2438 eura
2139 2412 2292 2443 imminet,

1282 2448 1415 2474 retinere
1453 2448 1568 2480 valeat,
1607 2449 1835 2475 constitutione
1872 2451 1997 2477 concilii
2035 2459 2096 2477 non
2135 2452 2291 2478 obstante.

1282 2487 1379 2520 (Ram.
1400 2487 1447 2518 25,
1466 2488 1486 2514 f.
1510 2488 1564 2514 118
1583 2492 1629 2520 v0,
1648 2496 1697 2515 an.
1721 2489 1773 2519 IV,
1792 2496 1816 2516 c.
1836 2489 1898 2523 33.)

1323 2577 1334 2591 «
1368 2566 1514 2600 Guidoni,
1544 2566 1676 2605 plebano
1704 2567 1804 2605 plebis
1832 2568 1867 2597 de
1896 2568 2044 2602 Asciano,
2070 2570 2290 2599 Massanensis

1280 2618 1418 2648 diocesis.
1442 2619 1531 2648 Licet
1554 2628 1593 2648 ne
1615 2619 1686 2658 quis
1708 2637 1758 2648 ——.
1782 2620 1858 2649 Dat.
1881 2621 2026 2654 Viterbii.
2053 2621 2082 2650 II
2105 2622 2176 2650 idus
2197 2622 2290 2660 janu-

1280 2671 1348 2705 arii,
1377 2681 1462 2701 anno
1491 2675 1617 2710 quarto.
1647 2684 1658 2698 u

1357 2845 1445 2871 2444
1784 2847 1918 2880 Anagni,
1930 2847 1967 2873 27
1978 2848 2106 2874 octobre
2119 2848 2204 2876 1256.

1318 2894 1450 2920 Centum
1481 2895 1545 2920 dies
1574 2894 1788 2928 indulgentiae
1816 2895 1877 2921 illis
1907 2895 1961 2928 qui
1990 2903 2060 2922 vere
2090 2897 2286 2930 poenitentes

1277 2934 1308 2959 et
1331 2933 1462 2960 confessi
1486 2934 1525 2960 ad
1549 2934 1709 2961 ecclesiam
1734 2935 1761 2962 S.
1776 2935 1859 2960 Petri
1883 2935 2079 2968 Casletensis,
2102 2935 2287 2964 Morinensis

1276 2973 1417 3005 diocesis,
1442 2974 1473 2999 in
1496 2973 1580 3000 illius
1604 2974 1683 3000 festo
1709 2976 1737 3000 ct
1767 2981 1821 3007 per
1845 2974 1911 3007 eJus
1936 2976 2065 3001 octavas
2089 2977 2285 3008 accesserint,

1276 3013 1429 3039 concedit.
1450 3013 1546 3046 (Rea,
1567 3013 1615 3045 25,
1634 3014 1655 3039 f.
1677 3014 1733 3040 118
1753 3017 1798 3045 vo,
1819 3021 1866 3040 an.
1892 3013 1944 3046 IV,
1963 3022 1987 3041 c.
2008 3014 2071 3048 34.)
