2477 3512
963 285 1241 327 QUATRIEME
1256 288 1418 321 ANNEE
2174 297 2234 326 817

104 401 254 422 concesso
278 392 437 421 habeatur
460 401 607 430 expresse
632 394 679 426 ut,
704 392 730 421 si
755 391 833 430 quid
856 392 889 421 in
914 394 1056 430 personis
1081 396 1114 422 et

103 444 242 474 ecclesiis
263 444 362 482 ipsius
383 444 481 473 fuerit
501 445 735 483 corrigendum,
757 445 799 473 ad
820 445 1019 474 audientiam
1042 446 1115 475 Pre-

102 497 348 526 monstratensis
365 497 497 535 capituli
513 497 680 531 referatur,
697 499 734 526 ut
748 497 803 531 ibi,
819 500 916 535 prout
941 498 1067 536 justitie
1082 500 1115 527 et

103 549 265 579 honestati
286 552 485 588 congrueret,
506 550 707 583 emendetur,
729 559 786 579 nos
807 550 989 579 devotionis
1009 553 1115 580 vestre

102 602 249 640 precibus
286 604 474 635 annuentes
502 604 539 631 ut
573 602 715 640 predicte
750 602 1056 632 Premonstratensis
1082 605 1115 632 et

101 655 161 684 alie
182 654 311 684 ecclesie
331 654 415 684 sicut
460 655 547 688 olim,
570 655 614 684 sic
635 657 668 684 et
688 655 900 693 imposterum
922 664 939 684 a
961 656 1114 694 predictis

101 707 276 736 abbatibus
296 716 333 736 ac
353 707 577 736 w'sitatoribus
615 709 648 736 et
668 707 737 736 aliis
759 707 797 737 de
818 708 929 737 ordine
951 709 1114 746 sepedicto

102 760 287 793 dumtaxat,
307 762 340 788 et
359 768 376 789 a
398 760 485 789 nullo
504 760 577 793 alio,
598 760 665 789 sine
685 761 841 789 mandato
862 760 951 790 Sedis
971 761 1114 799 predicte

100 812 229 850 plenam
248 811 387 841 faciente
408 812 446 841 de
468 813 527 841 hac
548 812 748 851 indulgentia
763 813 972 847 mentionem,
988 813 1114 843 visitari

101 864 225 903 possint
243 866 302 893 aut
321 865 443 903 corrigi,
464 865 505 894 ad
524 865 627 894 instar
645 865 744 894 felicis
764 866 998 895 recordationis
1021 866 1114 895 Inno-

101 917 198 946 centii
222 925 314 955 pape,
331 917 560 955 predecessoris
576 918 687 952 nostri,
704 917 796 947 vobis
811 919 1006 948 auctoritate
1022 928 1114 957 apos-

100 969 196 999 tolica
224 969 436 1008 indulgemus.
465 970 552 999 Nulli
580 972 687 999 nostre
715 970 925 1000 concessionis
952 974 1013 1000 etc.
1036 971 1112 1001 Dat.

100 1022 247 1056 Viterbii,
269 1022 376 1051 idibus
397 1022 560 1056 februarii,
582 1031 668 1052 anno
689 1026 816 1062 quarto.
840 1035 851 1050 »

180 1283 268 1308 2656
651 1282 789 1314 Viterbe,
813 1283 830 1309 5
851 1283 921 1316 juin
944 1284 1030 1310 1257.

143 1334 354 1368 Infrascriptis
393 1335 526 1361 mandat
564 1336 600 1361 ut
638 1335 801 1361 ecclesiam
840 1336 877 1361 de
915 1336 1111 1369 Bellagarda,

101 1374 322 1401 Nemausensis
359 1374 500 1406 diocesis,
538 1375 668 1401 cedente
704 1374 754 1401 vel
791 1375 961 1401 decedente
998 1376 1111 1409 priore,

100 1414 247 1440 eeclesiae
275 1415 313 1440 de
346 1414 488 1440 Brozano
516 1414 705 1447 reintegrare
733 1416 852 1440 curent.
881 1415 978 1447 (Bm.
1013 1415 1061 1447 25,
1089 1415 1110 1441 f.

101 1453 155 1480 151
181 1457 227 1485 νῦ,
252 1461 302 1480 an.
330 1453 381 1479 IV.
407 1462 432 1479 c.
457 1453 539 1486 214.)

140 1567 152 1583 ι
167 1579 196 1590 ..,
220 1556 345 1586 sacriste
367 1555 516 1585 secularis
551 1556 671 1585 ecclesie
694 1556 905 1591 Baniolensis,
930 1559 988 1592 et..,
1012 1557 1112 1596 priori

98 1609 134 1638 de
155 1609 252 1638 Turre
269 1609 379 1647 Αῃυίε,
400 1609 520 1638 ordinis
552 1609 660 1639 Sancti
678 1609 863 1647 Auyuslini,
884 1610 1112 1648 Forojuliensis

98 1663 125 1691 et
143 1662 300 1700 Aquensis
319 1661 498 1691 diocesium.
520 1662 583 1691 Sua
604 1661 695 1691 nobis
716 1662 851 1692 dilectus
865 1662 950 1692 filius
965 1663 1111 1697 Pontius,

99 1715 205 1744 dictus
236 1714 351 1749 Guido,
376 1715 548 1744 eanonicus
570 1714 699 1744 ecclesie
730 1715 969 1750 Nemausensis,
992 1716 1112 1746 ordinis

99 1767 209 1797 Sancti
238 1767 421 1806 Augustini.
448 1767 535 1806 prior
553 1767 681 1797 ecclesie
708 1768 746 1797 de
770 1768 926 1802 Brozano,
954 1769 1110 1807 petitione

98 1820 294 1850 monstravit
317 1820 414 1859 quod,
433 1820 507 1849 licet
528 1820 659 1850 ecclesia
682 1820 751 1858 ipsa
776 1821 814 1850 de
836 1821 982 1851 Brozano
1005 1823 1039 1851 et
1062 1831 1110 1851 ec-

98 1873 192 1903 clesia
217 1873 256 1902 de
277 1873 479 1911 Bellagarda,
504 1873 732 1903 Nemausensis
757 1874 901 1908 diocesis,
926 1884 983 1912 per
1005 1875 1109 1904 solum

98 1926 246 1964 priorem,
282 1926 473 1955 canonicum
506 1926 607 1964 ipsius
642 1926 870 1956 Nemausensis
905 1928 1033 1957 ecclesie
1067 1927 1108 1957 ad

99 1987 197 2018 quam
223 1979 367 2017 predicte
393 1979 522 2008 ecclesie
549 1979 587 2008 de
611 1979 759 2008 Brozano
785 1981 818 2008 et
845 1980 883 2009 de
907 1980 1108 2018 Bellagardia

98 2031 262 2070 pertinent
297 2031 472 2070 aliquando
509 2032 735 2061 consueverint
770 2033 952 2070 gubernari,
999 2035 1108 2062 tamen

100 2084 288 2114 venerabilis
315 2083 416 2114 frater
442 2087 583 2118 noster..‚
612 2085 827 2123 episcopus‚..,
867 2086 1049 2124 prepositus
1077 2088 1110 2115 et

98 2137 277 2176 capitulum
301 2137 386 2166 dicte
410 2137 637 2167 Nemausensis
661 2138 800 2172 ecclesie,
826 2139 954 2168 easdem
979 2139 1017 2168 de
1032 2139 1110 2168 Bro-

99 2199 178 2220 zano
199 2192 232 2219 et
264 2190 302 2219 de
320 2190 510 2228 Bellagarda
532 2190 679 2220 ecclesias
700 2193 891 2229 separarunt
921 2201 978 2230 pro
999 2201 1055 2221 sue
1075 2192 1110 2221 li-

99 2242 166 2272 bito
192 2243 382 2272 voluntatis.
408 2243 512 2279 Quare
539 2243 644 2272 dictus
667 2244 802 2273 Pontius
829 2244 921 2273 nobis
948 2244 1111 2274 humiliter

98 2295 295 2334 supplicavit
322 2298 369 2329 ut,
398 2305 471 2325 cum
499 2296 645 2325 redditus
682 2297 782 2335 ipsius
811 2297 939 2326 ecclesie
968 2298 1006 2326 de
1032 2297 1111 2327 Bro-

99 2357 178 2378 zano
211 2349 276 2377 sint
296 2348 376 2378 adeo
398 2350 511 2378 tenues
532 2351 564 2378 et
585 2349 682 2378 exiles
703 2350 790 2388 quod
811 2350 897 2379 idem
918 2359 981 2379 non
1003 2352 1111 2388 potest

102 2409 141 2430 ex
166 2401 209 2430 eis
235 2401 402 2430 commode
427 2402 612 2436 sustentari,
639 2402 806 2440 providere
854 2403 912 2432 sibi
950 2406 982 2432 et
1007 2403 1109 2432 eidem

101 2454 230 2483 ecclesie
266 2463 362 2492 super
398 2454 458 2483 hoc
493 2457 629 2493 paterna
665 2455 879 2485 sollicitudine
916 2465 1108 2485 curaremus.

104 2506 258 2543 Quocirca
290 2507 484 2536 mandamus
516 2508 680 2546 quatinus,
713 2509 739 2537 si
771 2511 819 2537 est
864 2509 920 2542 ita,
968 2509 1109 2547 predicte

99 2559 227 2589 ecclesie
242 2559 280 2588 de
292 2559 489 2598 Bellagarda,
509 2560 612 2598 priore
626 2561 759 2590 cedente
773 2562 823 2590 vel
839 2562 1024 2595 decedente,
1039 2571 1109 2591 eam

101 2612 186 2641 dicte
199 2612 329 2641 ecclesie
343 2612 382 2641 de
394 2612 540 2642 Brozano
554 2622 610 2651 per
622 2622 680 2642 vos
693 2614 743 2643 vel
757 2623 814 2652 per
826 2614 904 2643 alios
918 2614 1110 2653 reintegrare

105 2665 232 2699 curetis,
271 2665 317 2694 ita
355 2665 441 2704 quod
478 2675 534 2703 per
570 2674 670 2695 unum
707 2667 926 2705 gubernentur
962 2667 1108 2705 priorem,

100 2719 195 2756 prout
213 2717 292 2752 fieri,
313 2718 490 2747 consuevit.
511 2718 583 2747 Non
603 2719 809 2748 obstantibus
828 2720 989 2758 aliquibus
1008 2720 1111 2749 indul-

99 2770 263 2807 gentiis—
276 2771 384 2800 valeat
398 2771 448 2800 vel
466 2770 597 2800 differri.
617 2771 876 2801 Contradictores
887 2790 936 2801 —.
950 2773 1015 2802 Nos
1026 2773 1109 2802 enim

99 2831 138 2852 ex
174 2831 259 2852 nunc
281 2823 480 2853 decernimus
502 2823 627 2853 irritum
651 2827 683 2853 et
705 2825 799 2854 inane
823 2825 975 2864 quicquid
999 2828 1108 2855 contra

101 2876 255 2914 presentis
278 2877 424 2905 mandati
450 2877 549 2906 nostri
577 2879 718 2906 tenorem
742 2887 838 2916 super
861 2878 920 2907 hoc
944 2879 1105 2916 contingat

101 2929 300 2966 attemptari.
343 2929 436 2965 Quod
467 2930 491 2958 si
532 2939 595 2959 non
635 2930 732 2959 ambo
763 2933 824 2959 etc.
857 2931 932 2960 Dat.
964 2932 1109 2963 Viterbii,

105 2981 195 3009 nonis
221 2981 313 3018 junii,
341 2990 425 3011 anno
452 2982 558 3011 tertio.
587 2994 598 3008 »

1184 945 1186 947 ’
1224 947 1357 981 ..‚abbas

1263 397 1351 422 2657
1753 400 1891 432 Viterbe,
1909 401 1926 427 8
1942 401 2045 434 juillet
2064 403 2150 430 1257.

1263 449 1402 476 officiali
1423 451 1590 478 Parisiensi
1611 453 1643 478 et
1664 453 1814 486 magistro
1836 453 1976 480 Johanni
1997 454 2034 480 de
2055 455 2232 488 Brisinteio,

1224 489 1373 515 canonico
1405 490 1566 523 Meldensi,
1598 493 1731 518 mandat
1762 494 1797 518 ut
1828 493 1981 526 quosdam
2013 495 2170 528 praelatos
2201 498 2232 522 et

1222 528 1342 555 nobiles
1362 530 1447 562 regni
1468 530 1617 557 Franciae
1637 532 1677 557 ad
1696 532 1838 558 redditus
1858 533 2008 566 magistro
2029 534 2066 560 de
2086 534 2233 563 Tarento.

1222 568 1285 593 civi
1314 568 1468 600 Romano,
1500 570 1622 596 debitos
1652 571 1873 604 persolvendos
1903 573 2104 606 compellant.
2134 574 2232 607 (ΗΕΘ.

1224 607 1272 638 25,
1299 607 1320 633 f.
1350 608 1416 640 152,
1444 616 1493 635 an.
1524 609 1576 641 IV,
1604 617 1628 636 c.
1656 610 1738 644 215.)

1264 695 1320 718 «..‚
1347 685 1480 723 officiali
1506 685 1684 715 Parisiensi
1710 688 1736 715 et
1760 687 1908 725 moqistro
1934 689 2077 718 Jolmnm'
2103 690 2138 719 de
2163 690 2235 719 Bri-

1221 736 1343 771 sinteio,
1362 738 1509 767 canonico
1526 738 1693 772 Meldensi,
1712 739 1860 769 Parisius
1877 742 2087 771 commoranti.
2107 743 2233 773 Dilecto

1220 788 1292 818 filio
1325 790 1479 828 Magistro
1512 791 1550 820 de
1582 791 1732 826 Tarento,
1767 792 1835 821 cive
1868 793 2026 828 Romano,
2051 796 2233 833 accepimus

1222 845 1437 880 conquerente
1466 844 1552 882 quod
1581 844 1772 874 venerabilis
1813 845 1913 874 frater
1952 849 2092 881 noster..‚
2134 849 2236 877 archi-

1221 895 1389 933 episcopus
1409 896 1620 930 Remensis,..,
1639 897 1740 926 abbas
1757 898 1866 927 Sancti
1888 899 1981 937 Eligii
2000 900 2235 930 Noviomensis‚

1421 949 1607 978 monasterii
1659 950 1775 979 Sancte
1835 950 1934 980 Marie
1998 952 2232 983 Suessionensis

1221 1009 1396 1039 eorumque
1428 1004 1617 1036 conventus,
1656 1002 1769 1031 nobilis
1803 1003 1852 1032 vir
1888 1004 2047 1038 Matheus,
2088 1006 2236 1036 dominus

1221 1053 1340 1082 Montis
1356 1053 1549 1083 Montaciaci
1566 1054 1611 1092 (‘?)
1627 1057 1660 1083 et
1676 1055 1808 1093 quidam
1824 1056 1877 1084 alii
1894 1057 2040 1091 abbates,
2057 1058 2231 1092 abbatisse,

1221 1108 1399 1135 conventus
1432 1109 1465 1135 et
1497 1107 1618 1136 nobiles
1658 1108 1902 1143 Suessionensis,
1936 1109 2160 1139 Noviomensis
2204 1113 2237 1140 et

1220 1158 1406 1188 Parisiensis
1419 1159 1590 1188 civitatum
1603 1162 1636 1189 et
1649 1161 1833 1195 diocesium,
1856 1161 1894 1190 de
1907 1162 2102 1200 quibusdam
2115 1173 2239 1201 posses-

1220 1211 1363 1240 sionibus
1384 1214 1416 1240 et
1436 1212 1616 1242 redditibus
1637 1213 1752 1242 annuis
1772 1214 1804 1242 in
1823 1214 1940 1252 quibus
1956 1217 2109 1245 tenentur
2121 1216 2236 1251 eidem,

1220 1263 1281 1292 sibi
1308 1264 1492 1294 satisfacere
1519 1265 1662 1295 indebite
1690 1267 1929 1296 contradicunt.
1958 1267 2112 1297 Nolentes
2139 1269 2238 1307 igitur

1220 1316 1358 1346 eundem
1390 1317 1504 1351 civem,
1537 1327 1633 1356 quem
1665 1322 1797 1357 propter
1828 1329 1884 1348 sue
1915 1321 2088 1358 probitatis
2122 1322 2236 1351 merita

1220 1368 1330 1398 favore
1359 1370 1508 1400 benivolo
1536 1372 1771 1410 prosequimur,
1792 1372 1856 1401 suis
1883 1373 2010 1410 juribus
2039 1373 2234 1409 defraudari,

1221 1421 1405 1452 discretioni
1425 1426 1532 1452 vestre
1553 1425 1746 1453 mandamus
1768 1425 1933 1462 quatinus,
1966 1426 1991 1454 si
2012 1429 2061 1455 est
2082 1427 2138 1461 ita,
2166 1436 2237 1465 pre-

1220 1473 1306 1504 fatos
1329 1475 1617 1514 archiepiscopum,
1650 1477 1797 1511 abbates,
1831 1478 2024 1512 abbatissas,
2055 1482 2235 1509 conventus

1222 1529 1255 1556 et
1271 1528 1392 1557 nobiles
1409 1531 1445 1557 ut
1462 1528 1548 1558 dicto
1565 1529 1638 1563 civi,
1654 1529 1706 1558 vel
1721 1530 1923 1568 procuratori
1939 1540 1996 1560 suo
2013 1531 2081 1569 ejus
2097 1532 2235 1566 nomine,

1221 1579 1260 1609 de
1290 1581 1499 1618 pensionibus
1530 1584 1563 1610 et
1593 1582 1773 1611 redditibus
1804 1583 1880 1621 ipsis
1912 1583 2056 1612 debitam
2088 1584 2236 1614 satisfac-

1219 1632 1343 1662 tionem
1364 1634 1567 1671 impendant,
1590 1634 1767 1664 monitione
1789 1636 1954 1674 premissa,
1977 1636 2105 1666 sublato
2127 1638 2237 1675 appel-

1220 1685 1348 1715 lationis
1372 1687 1550 1721 obstaculo,
1571 1687 1766 1717 auctoritate
1790 1691 1899 1718 nostra
1923 1689 2086 1718 mediante
2108 1689 2236 1728 justitia

1220 1739 1430 1777 compellatis,
1444 1749 1507 1769 non
1518 1740 1670 1770 obstante
1680 1741 1706 1769 si
1716 1741 1811 1770 alicui
1822 1750 1956 1779 persone
1966 1741 2017 1770 Vel
2028 1742 2159 1780 collegio
2178 1752 2235 1781 per

1221 1791 1335 1821 Sedem
1349 1792 1571 1830 Apostolicam
1593 1793 1636 1822 sit
1649 1793 1812 1823 indultum
1838 1795 1924 1832 quod
1950 1795 2236 1830 excommunicari,

1220 1845 1384 1882 suspendi,
1400 1845 1451 1874 vel
1469 1845 1619 1874 interdici
1634 1855 1697 1875 non
1714 1847 1838 1884 possint
1854 1847 1913 1876 nisi
1929 1848 1968 1876 de
1982 1847 2109 1877 indulto
2125 1848 2236 1886 hujus-

1218 1897 1306 1926 modi
1323 1906 1472 1935 expressa
1490 1899 1614 1928 mentio
1632 1899 1664 1928 in
1683 1899 1802 1928 nostris
1820 1899 1936 1929 litteris
1955 1900 2122 1929 habeatur.
2142 1901 2235 1937 Quod

1217 1950 1243 1978 si
1271 1959 1334 1979 non
1363 1951 1460 1980 ambo
1479 1953 1540 1980 etc.
1565 1951 1641 1981 Dat.
1670 1946 1817 1986 Viterbii,
1841 1952 1923 1982 VIII
1952 1953 2023 1982 idus
2051 1953 2131 1991 julii,
2150 1963 2236 1983 anno

1216 2002 1323 2032 tertio.
1350 2014 1362 2029 »

1300 2181 1389 2208 2658
1742 2182 1881 2215 Viterbe,
1903 2183 1920 2209 4
1939 2183 2044 2216 juillet
2067 2184 2153 2211 1258.

1261 2234 1361 2260 Priori
1389 2236 1419 2260 et
1448 2234 1587 2268 capitulo
1617 2234 1764 2261 secularis
1792 2235 1939 2262 ecclesiae
1969 2236 1997 2262 S.
2028 2236 2167 2270 Sepulcri
2196 2238 2235 2264 de

1219 2273 1310 2300 Novo
1329 2274 1416 2305 Vim,
1435 2274 1641 2300 Bituricensis
1660 2274 1802 2307 diocesis,
1821 2275 1935 2301 iterato
1955 2276 2087 2302 mandat
2106 2278 2141 2303 ut
2159 2277 2235 2303 Bar-

1219 2313 1416 2340 tholomeum
1438 2314 1475 2339 de
1496 2314 1598 2347 Rupe,
1619 2314 1777 2346 clericum,
1798 2314 1829 2340 in
1851 2315 2036 2342 canonicum
2057 2316 2234 2344 admittant

1218 2353 1309 2386 eique
1332 2354 1370 2379 de
1400 2353 1579 2387 praebenda
1608 2354 1808 2387 provideant,
1838 2354 1932 2387 juxta
1955 2355 2066 2388 prioris
2090 2357 2234 2383 mandati

1219 2394 1370 2419 tenorem.
1392 2393 1490 2425 (ΗΒΕ.
1512 2393 1560 2425 25,
1582 2393 1602 2419 f.
1626 2393 1693 2425 152,
1715 2401 1766 2420 an.
1790 2394 1842 2425 IV,
1864 2402 1889 2420 c.
1911 2394 1993 2427 216.)

1259 2494 1304 2517 «..,
1318 2482 1418 2521 priori
1437 2484 1462 2512 et
1481 2483 1617 2521 capitulo
1635 2483 1783 2513 secularis
1793 2484 1913 2513 ecclesie
1929 2484 2036 2514 Sancti
2048 2485 2234 2524 Sepulcride

1218 2535 1306 2564 Novo
1321 2535 1406 2569 Vico,
1424 2535 1632 2565 Bituricensis
1649 2536 1788 2566 diocesis.
1805 2537 2052 2567 Bartholomeus
2071 2538 2109 2567 de
2140 2539 2233 2576 Rupe

1218 2605 1268 2616 —.
1293 2588 1369 2618 Dat.
1393 2588 1540 2623 Viterbii,
1567 2589 1635 2618 IIII
1659 2598 1759 2618 nonas
1781 2589 1862 2627 Julii,
1886 2598 1971 2619 anno
1994 2593 2121 2629 quarto.
2146 2602 2158 2617 >›

1275 2767 1365 2793 2659
1728 2768 1856 2800 Latran,
1878 2768 1912 2794 13
1932 2768 2044 2794 fcvrier
2062 2768 2149 2794 1257.

1261 2820 1387 2846 Eisdem
1410 2821 1541 2846 mandat
1564 2821 1598 2846 ut
1620 2820 1740 2846 dictum
1762 2820 2038 2846 Bartholomacum
2081 2821 2117 2847 de
2140 2821 2232 2855 Rupe

1220 2860 1250 2885 in
1268 2860 1453 2886 canonicum
1471 2861 1499 2885 ct
1518 2860 1548 2885 in
1566 2859 1694 2885 fratrem
1711 2860 1874 2893 recipiant.
1891 2860 1981 2892 eique
1998 2861 2035 2885 de
2052 2861 2229 2893 praebenda

1221 2900 1419 2932 provideant.
1456 2900 1553 2930 (Izi-:m
1577 2899 1625 2930 25,
1648 2899 1669 2924 f.
1695 2900 1761 2929 152,
1785 2907 1835 2925 an.
1862 2899 1913 2930 IV,
1937 2907 1961 2925 c.
1985 2899 2087 2932 217.)1

1253 2976 1274 2997 1.
1294 2975 1328 2998 La
1346 2976 1404 2998 date
1424 2979 1525 2997 monti-e
1543 2983 1593 3004 que
1608 2978 1674 2998 cene
1695 2976 1770 2998 lettre
1783 2978 1820 2998 est
1839 2975 1904 2999 celle
1919 2978 1931 2998 a
1948 2975 2059 3006 laquelle
2080 2975 2098 2999 il
2120 2980 2157 3000 est
2185 2977 2231 3001 san

1222 3005 1333 3029 allusion
1352 3007 1415 3029 dans
1431 3006 1452 3028 la
1474 3007 1637 3035 precedente.

2075 3165 2123 3191 103
