2477 3512
221 279 264 311 30
918 282 1186 316 REGISTRES
1212 283 1564 316 D'ALEXANDRE
1593 284 1641 317 IV

270 398 282 412 υ
322 411 340 416 ..
379 385 493 417 abbati
531 388 558 417 el
594 386 769 418 conventui
806 387 1002 418 monasterii
1039 388 1077 419 de
1113 389 1227 426 Paris,

225 438 452 470 (Iislcrlicnsis
476 439 619 476 ordinis,
646 439 852 470 Bas-iliensis
876 440 1028 472 diocesis.
1055 442 1227 482 l’resignis

223 490 353 522 ordinis
384 492 490 523 vestri
612 493 693 523 Dat.
729 493 895 533 Anagnie,
940 493 1057 525 idibus
1088 495 1224 536 aprelis,

222 553 314 575 anno
338 545 473 585 quinto.
499 558 511 572 ν»

301 687 390 712 2857
733 688 867 722 Anagni,
892 689 928 715 18
951 697 1034 716 mars
1059 690 1144 717 1259.

262 740 417 773 Episcopo
437 742 467 766 et
488 741 626 773 capitulo
648 741 877 773 Segobricensis
897 743 1042 769 ecclesiae
1062 745 1092 770 et
1112 743 1141 770 S.
1162 744 1226 771 Ma-

221 784 282 810 riae
311 784 521 818 [Albarracin]
548 785 740 818 petentibus,
766 788 933 820 utramque
958 787 1130 820 ecclesiam,
1155 796 1226 815 cum

224 828 362 854 locorum
398 828 561 855 vicinitate
595 829 639 856 ita
673 830 862 863 conjunctae
895 831 959 857 sint
994 833 1028 858 ut
1062 833 1226 859 commode

220 873 337 906 possint
365 873 422 899 sub
448 873 587 905 ejusdem
613 874 746 906 pastoris
772 875 919 907 regimine
944 876 1120 908 gubernari,
1146 877 1226 908 unit,

220 917 265 943 ita
287 919 318 942 ut
344 917 506 950 episcopus
529 919 693 950 tamquam
717 919 879 952 utriusque
900 920 1055 952 pontifex,
1085 921 1122 947 de
1144 921 1225 954 ipsa-

221 968 288 987 rum
316 961 515 994 patrimonio,
542 962 612 987 cleri
638 962 835 989 ordtnatione
861 971 897 989 ac
922 964 1119 997 promotione
1145 966 1226 991 ordi—

221 1005 317 1031 nandi
355 1013 389 1031 ac
427 1006 613 1038 disponandi
651 1006 762 1033 habeat
804 1007 997 1034 facultatem.
1036 1009 1132 1041 (HEG.
1177 1010 1225 1041 25,

219 1050 240 1076 f.
266 1049 322 1075 202
348 1054 392 1081 νῦ,
417 1057 465 1076 an.
491 1050 527 1081 V,
552 1057 576 1076 c.
601 1051 660 1082 96;
686 1051 857 1077 Por’rimsr
882 1052 1002 1085 17516.)

266 1152 277 1166 «
308 1164 327 1170 ..
360 1139 515 1180 episcopo
545 1142 572 1171 el
602 1140 751 1181 capitulo
783 1141 1016 1182 Scyobriensis
1046 1144 1073 1173 el
1105 1142 1224 1174 Sancte

219 1192 345 1223 Μανία
385 1193 512 1224 l'etitio
549 1197 665 1225 vestra
703 1194 804 1225 nobis
842 1214 894 1226 ἡ.
933 1195 1014 1226 Dat.
1052 1195 1222 1237 Anagnie,

220 1245 286 1276 XV
311 1245 378 1276 kal.
403 1246 531 1287 aprilis,
556 1256 648 1277 anno
673 1247 808 1288 quinte.
835 1261 846 1275 »

299 1384 389 1410 2858
720 1388 854 1420 Anatim,
879 1388 895 1414 6
919 1388 1032 1415 ῐρνῑίει·
1055 1390 1141 1416 1259.

262 1438 442 1471 Praeposito
469 1439 614 1466 ecclesiae
641 1440 669 1466 S.
698 1440 871 1467 pharaildis
898 1442 1082 1474 GandensiS,
1108 1443 1225 1470 Torna-

219 1482 316 1508 censis
351 1483 491 1514 diocesis,
526 1484 660 1510 obtentu
695 1485 735 1511 M.
773 1486 937 1513 Flandriae
971 1489 1001 1513 et
1037 1487 1225 1521 Haynoniae

218 1527 406 1558 comitissae,
434 1529 565 1555 mandat
594 1531 627 1555 ut
657 1530 780 1555 duobus
807 1531 923 1557 clericis
950 1531 1023 1563 suis,
1052 1532 1105 1565 qui
1133 1533 1225 1559 bene-

224 1571 295 1597 ficia
317 1579 387 1597 cum
409 1579 483 1598 cura
505 1580 566 1599 non
588 1573 738 1605 habeant,
761 1574 857 1601 faciat
879 1577 1053 1608 proventus
1074 1577 1224 1609 praeben·

219 1615 328 1641 darum
354 1623 481 1642 suarum
507 1624 577 1642 cuni
603 1625 638 1643 ea
663 1617 855 1651 integritate,
882 1619 1074 1652 quotidianis
1099 1621 1225 1647 dumta-

219 1660 274 1686 xat
304 1660 443 1692 exceptis
473 1660 758 1693 distributionibus,
790 1663 961 1689 ministrari
1004 1671 1040 1690 ac
1068 1664 1092 1690 si
1121 1672 1224 1698 perso-

220 1703 332 1730 naliter
352 1704 382 1729 in
404 1704 538 1730 ecclesiis
560 1705 589 1730 in
612 1706 725 1738 quibus
746 1707 941 1740 praebendas
963 1708 1045 1741 ipsas
1067 1709 1223 1741 obtinent,

218 1747 396 1774 residerent.
420 1749 516 1779 (nno.
540 1750 587 1781 25,
610 1750 630 1776 ἰ.
653 1750 711 1776 202
732 1754 778 1781 νῦ,
801 1759 850 1777 an.
876 1751 911 1783 V,
933 1760 957 1778 c.
981 1752 1043 1785 97.)

266 1849 278 1865 «
314 1862 332 1868 .,
368 1838 538 1879 preposito
573 1839 704 1870 ecclesie
740 1840 860 1871 Sancte
894 1841 1093 1873 l'liuraildis
1135 1844 1224 1874 Gan-

217 1890 339 1926 densis,
380 1890 601 1922 Tormzrensis
634 1892 786 1924 diocesis.
822 1894 1056 1934 Exigentibus
1090 1896 1223 1928 meritis

217 1943 415 1974 devotionis
442 1962 483 1965 v
524 1944 603 1975 bat.
631 1946 800 1987 Anagnie,
830 1946 915 1977 vill
941 1947 1020 1979 idus
1043 1948 1220 1986 februarii,

215 2005 307 2027 anno
332 1996 467 2037 quinto.
496 2011 505 2023 ι)

295 2137 384 2163 2859
727 2142 860 2173 Awgin,
886 2143 920 2169 17
945 2151 1026 2169 mars
1051 2144 1137 2170 1259.

256 2190 428 2223 Manassen,
465 2193 572 2219 abbati
610 2195 637 2220 S.
676 2194 795 2221 Winoci
829 2196 1002 2228 Bergensis,
1038 2197 1220 2225 Mor-mensis

216 2234 355 2267 diocesis,
376 2237 581 2263 contrahendi
613 2240 759 2265 mutuum
790 2247 846 2273 pro
877 2242 1057 2267 monasterii
1089 2244 1221 2275 negotiis

215 2279 416 2312 expediendis
452 2288 549 2314 usque
585 2283 624 2308 ad
659 2290 816 2310 summam
852 2285 986 2311 duorum
1022 2286 1153 2312 millium
1189 2290 1219 2314 et

215 2323 458 2355 quingentarum
478 2325 627 2352 librarum
650 2327 717 2353 Par.
739 2328 925 2355 facultatem
946 2331 1099 2357 concedit.
1121 2331 1219 2364 (Rae.

215 2367 263 2399 25,
281 2367 301 2393 f.
321 2368 389 2399 203,
407 2376 455 2394 an.
475 2369 512 2401 V,
529 2378 554 2396 c.
574 2372 635 2403 98.)

261 2468 273 2484 «
310 2457 505 2495 Δ’ἱῙιιιιιιδκςιγη
543 2460 658 2491 abbari
695 2463 890 2494 monasterii
929 2463 1045 2495 Sancti
1085 2465 1217 2497 winoci

215 2509 407 2550 Beryenxis,
449 2512 579 2543 ordinis
620 2514 736 2545 Sani-li
780 2515 961 2552 Benedicti,
1004 2517 1218 2549 Morinensis

215 2562 366 2594 diocesis.
407 2565 493 2595 (Iuni
532 2565 623 2597 sicut
661 2566 694 2597 in
734 2571 852 2599 nostra
892 2570 1104 2610 proposuisti
1144 2581 1219 2612 pre-

215 2615 326 2646 sentia
356 2617 582 2654 constitutus,
612 2629 674 2660 pro
702 2621 929 2661 expediendis
959 2622 1026 2653 tuis
1053 2626 1085 2654 et
1116 2624 1219 2656 dilec-

214 2671 332 2699 torum
350 2669 502 2701 filiorum
521 2675 718 2703 conventus
736 2674 940 2705 monasterii
960 2675 1079 2706 Sancti
1101 2677 1217 2708 Wino-

214 2721 242 2751 ei
264 2720 447 2762 Bergensis
471 2724 628 2763 negotiis,
654 2735 714 2765 pro
739 2726 866 2767 quibus
889 2728 932 2758 ad
958 2728 1081 2759 Scdem
1105 2729 1216 2771 Apos-

214 2774 356 2806 toliealn
375 2776 562 2813 accessisti,
586 2780 617 2808 tc
637 2778 752 2809 subire
773 2782 936 2820 oporteat
961 2791 1065 2812 onera
1086 2792 1216 2823 expen-

214 2837 343 2864 sarum,
370 2838 411 2859 ne
436 2839 497 2870 pro
523 2830 660 2861 defectu
688 2831 840 2871 ipsarum
866 2833 988 2864 eadem
1012 2834 1216 2875 inexpedita

213 2889 391 2912 remanere
435 2882 630 2923 contingat,
677 2894 738 2914 nos
783 2885 853 2916 tuis
898 2887 1217 2927 supplicationibus

214 2932 382 2970 inclinati,
407 2936 638 2967 contrahendi
664 2940 828 2969 mutuum
852 2942 995 2979 propter
1017 2939 1081 2971 hoc
1107 2950 1216 2982 usque

213 2985 256 3015 ad
293 2996 467 3018 summani
506 2988 655 3020 duorum
693 2989 826 3021 milium
869 2993 904 3022 et
941 2992 1215 3033 quingentarum

1335 399 1503 430 librarum
1541 400 1789 433 Parisiensium
1825 405 1860 433 et
1893 403 2073 444 obligandi
2107 403 2341 435 creditoribus

1335 461 1445 493 usque
1470 453 1512 484 :id
1538 463 1714 485 summam
1739 454 1942 495 hujusmodi
1968 458 2000 487 te
2025 458 2059 487 et
2085 456 2338 488 monasterium

1334 508 1436 536 tuum
1469 516 1507 537 ac
1540 510 1756 538 conventum
1789 507 1897 549 ipsius
1928 511 1964 539 et
1995 509 2114 540 omnia
2147 509 2239 540 bona
2271 518 2334 541 sua

1335 568 1373 589 ac
1405 568 1621 590 successores
1653 562 1732 591 tuos
1763 563 1798 591 et
1830 561 2055 593 renuntiandi
2087 561 2336 594 constitutioni

1335 611 1376 642 de
1401 611 1539 642 duabus
1559 612 1662 643 dietis
1681 613 1775 644 edite
1795 613 1829 644 in
1849 614 1994 645 concilio
2015 614 2165 655 generali
2185 616 2221 646 et
2238 614 2342 646 bene-

1335 664 1414 694 ficio
1440 665 1675 697 restitutionis
1699 666 1733 696 in
1759 666 1946 707 integrum,
1972 676 2108 699 necnon
2131 670 2166 699 et
2189 677 2343 699 conven-

1337 717 1421 748 tioni
1463 718 1635 759 judicum,
1678 719 1705 751 si
1747 719 1904 760 ipsorum
1946 720 2161 752 creditorum
2188 720 2340 758 noniine,

1335 770 1549 812 apostolicas
1589 771 1725 803 litteras
1764 772 2010 814 cujuscunque
2051 773 2181 805 tenoris
2210 773 2342 816 impos-

1336 827 1447 855 terum
1481 824 1659 865 impetrari
1696 825 1892 866 contigerit,
1925 826 2139 858 auctoritate
2170 826 2235 858 tibi
2266 836 2343 868 pre-

1334 877 1486 908 sentium
1515 878 1740 909 concedimus
1767 878 1988 915 facultatem,
2018 879 2067 910 ita
2096 882 2216 911 tamen
2245 880 2338 922 quod

1335 933 1370 960 tu
1404 933 1439 961 et
1470 934 1668 962 conventus
1700 931 1784 962 dicti
1817 932 2020 963 monasterii
2052 941 2092 964 ac
2124 941 2340 965 successores

1337 983 1398 1017 tui.
1444 983 1555 1014 usuris
1598 984 1741 1015 omnino
1784 985 2016 1021 cessantibus,
2062 985 2254 1017 teneamini
2296 985 2341 1017 ad

1336 1036 1538 1077 hujusmodi
1561 1037 1747 1078 pecuniam
1771 1037 2051 1079 persolvendam,
2075 1040 2111 1070 et
2132 1038 2176 1070 ad
2199 1047 2339 1080 penam,

1335 1089 1501 1130 dampna,
1534 1100 1706 1131 expensas
1737 1093 1771 1121 et
1802 1090 1980 1128 interesse,
2013 1090 2040 1122 si
2071 1091 2107 1122 in
2138 1091 2289 1123 termino
2320 1100 2340 1123 a

1337 1145 1368 1173 te
1398 1143 1589 1174 statuendo
1619 1144 1804 1184 pecuniam
1835 1153 1903 1175 non
1934 1143 2141 1185 persolveris
2169 1154 2341 1176 memora-

1336 1198 1420 1232 tam,
1455 1196 1595 1227 sublata
1633 1196 1716 1238 ipsis
1750 1196 1983 1228 creditoribus
2017 1197 2226 1230 necessitate
2259 1207 2339 1240 pro-

1338 1249 1443 1280 bandi
1463 1249 1556 1291 quod
1576 1249 1723 1291 pecunia
1742 1249 1817 1291 ipsa
1835 1250 1869 1281 in
1889 1250 2082 1282 utilitatem
2101 1250 2185 1282 dicti
2203 1260 2342 1282 monas-

1333 1302 1411 1333 terii
1437 1302 1482 1333 sit
1508 1312 1677 1335 conversa
1705 1305 1870 1344 pretextu
1897 1303 2046 1345 alicujus
2071 1303 2338 1336 constitutionis

1333 1355 1500 1386 canonice
1535 1355 1590 1386 vel
1625 1355 1748 1393 civilis,
1785 1365 1853 1387 non
1889 1355 2117 1388 obstantibus
2164 1356 2342 1398 aliquibus

1335 1407 1522 1449 privilegiis
1557 1408 1609 1439 vel
1645 1408 1872 1449 indulgentiis
1905 1409 1946 1440 de
1981 1408 2109 1450 quibus
2142 1409 2177 1440 in
2212 1409 2340 1442 nostris

1334 1461 1459 1492 litteris
1490 1464 1654 1502 oporteat
1686 1461 1759 1492 sieri
1793 1461 2009 1493 mentionem
2040 1464 2076 1493 et
2106 1471 2169 1504 per
2198 1472 2267 1504 que
2297 1465 2338 1494 tu

1333 1517 1365 1544 ct
1398 1517 1594 1545 conventus
1625 1514 1709 1546 dicti
1740 1515 1944 1546 monasterii
1974 1524 2013 1546 ac
2043 1525 2258 1548 successores
2287 1515 2340 1548 tui

1334 1567 1482 1598 valeatis
1505 1577 1610 1609 super
1633 1567 1698 1599 hiis
1721 1567 1756 1598 in
1780 1567 1898 1608 aliquo
1922 1577 1986 1600 vos
2010 1569 2111 1600 tueri.
2137 1568 2221 1600 Dat.
2246 1569 2340 1601 Ana·

1333 1620 1422 1661 gnie,
1447 1620 1531 1651 XVI
1553 1620 1621 1651 kal.
1643 1620 1772 1662 aprilis,
1795 1631 1887 1652 anno
1909 1621 2045 1662 quinto.
2068 1635 2080 1650 »

1412 1765 1501 1790 2860
1807 1764 1941 1798 Anagni,
1964 1765 1999 1791 21
2023 1764 2147 1798 janvier
2170 1764 2257 1792 1259.

1372 1818 1491 1845 Abbati
1518 1818 1700 1844 monasterii
1726 1818 1757 1844 in
1788 1818 1907 1850 Urowe,
1935 1818 2171 1852 Herbipolensis
2198 1818 2339 1851 diocesis,

1333 1860 1464 1889 mandat
1484 1864 1520 1889 ut
1539 1862 1689 1889 abbatem
1710 1862 1897 1889 Fuldensem
1916 1862 1949 1888 in
1968 1862 2197 1890 Hersfeldensis
2216 1869 2340 1890 monas-

1331 1907 1400 1934 terii
1430 1907 1657 1940 possessionem
1687 1907 1827 1933 inducat.
1859 1906 1956 1939 (REO.
1988 1907 2036 1938 25,
2067 1907 2087 1933 f.
2119 1906 2188 1938 203,
2219 1914 2269 1934 an.
2301 1906 2338 1939 V,

1330 1960 1355 1978 c.
1376 1951 1435 1983 99;
1456 1951 1680 1983 RODENBERG,
1700 1953 1722 1978 t.
1746 1951 1805 1983 111,
1825 1955 1860 1977 n⁰
1879 1951 1963 1984 488.)

1375 2052 1388 2069 α
1418 2065 1437 2072 ..
1468 2039 1583 2071 abbati
1607 2041 1804 2072 monasterii
1834 2040 1869 2072 in
1903 2040 2031 2077 Urowe,
2061 2040 2192 2072 ordinis
2221 2040 2339 2073 Sancti

1329 2093 1515 2130 Benedicti,
1533 2093 1568 2124 H
1572 2093 1793 2135 erbipolensis
1809 2093 1961 2125 diocesis.
1979 2093 2106 2125 Dilecti
2122 2093 2210 2126 filii..
2226 2093 2338 2126 abbas

1331 2146 1515 2178 Fuldensis
1547 2150 1606 2179 et..
1641 2148 1831 2184 decanus,..
1858 2146 2057 2189 prepositus
2081 2149 2117 2178 et
2141 2149 2338 2179 conventus

1329 2200 1535 2232 monasterii
1562 2200 1813 2237 Ilerl‘eldensis,
1841 2199 1972 2231 ordinis
1998 2200 2118 2231 Sancti
2141 2199 2336 2238 Benedicti,

1328 2263 1391 2285 sua
1419 2254 1521 2286 nobis
1547 2254 1717 2296 petitione
1744 2255 1989 2285 monstrarunt
2015 2253 2111 2294 quod
2135 2263 2215 2284 cum
2241 2253 2337 2285 VVer-

1329 2307 1468 2344 nherus,
1510 2308 1693 2349 quondam
1733 2307 1844 2338 abbas
1884 2306 1992 2348 ipsius
2033 2306 2249 2343 monasterii,
2289 2307 2335 2338 ad

1330 2360 1530 2392 Romanam
1576 2360 1769 2392 Ecclesiam
1813 2360 1907 2390 nullo
1953 2359 2069 2391 medio
2114 2359 2334 2400 pertinentis.

1329 2414 1536 2455 lliaguntine
1556 2413 1712 2449 diocesis,
1734 2412 1918 2444 abbatiam
1936 2412 2095 2453 ejusdem
2115 2412 2332 2450 monasterii,

1328 2467 1430 2508 cujus
1454 2466 1611 2507 regimini
1639 2466 1750 2507 primo
1777 2468 1902 2507 sponte
1928 2467 2090 2501 cesserat,
2117 2474 2178 2506 per
2203 2465 2334 2497 violen-

1328 2520 1415 2551 tiam
1449 2522 1666 2560 occupasset,
1701 2519 1849 2550 ‹lilectus
1881 2517 1974 2549 filius
2007 2520 2127 2549 noster
2158 2517 2204 2549 H.
2238 2517 2333 2550 tituli

1328 2574 1455 2604 Sancte
1482 2572 1609 2604 Sabine
1634 2571 1807 2613 presbiter
1830 2570 2028 2607 cardinalis,
2055 2572 2140 2602 tunc
2164 2570 2199 2602 in
2223 2570 2334 2612 parti-

1328 2626 1393 2657 bus
1422 2625 1488 2656 illis
1518 2625 1720 2666 Apostolice
1752 2624 1849 2655 sedis
1879 2623 2026 2664 legatus,
2057 2623 2176 2664 ipsum
2205 2623 2333 2656 exinde

1325 2678 1492 2714 amoveri,
1527 2677 1689 2718 exigente
1722 2677 1872 2718 justitia,
1908 2675 2039 2707 faciens
2072 2678 2107 2707 et
2141 2676 2331 2708 attendens

1327 2731 1421 2772 quod
1453 2731 1588 2762 dictum
1620 2730 1874 2762 monasterium
1896 2729 1990 2770 quod
2012 2738 2074 2770 per
2093 2728 2266 2761 malitiam
2296 2731 2332 2761 et

1323 2783 1495 2815 incuriam
1519 2783 1677 2824 ejusdem
1701 2783 1754 2814 W.
1780 2785 1856 2814 erat
1880 2792 1948 2813 non
1973 2781 2152 2813 modicum
2174 2781 2209 2813 in
2232 2781 2331 2824 spiri-

1323 2837 1480 2868 tualibus
1516 2836 1839 2878 temporalibusque
1874 2834 2079 2876 collapsum,
2115 2844 2177 2876 per
2209 2834 2330 2867 indus-

1322 2889 1428 2921 triam
1483 2889 1635 2926 Henrici,
1689 2889 1830 2920 abbatis
1879 2887 2084 2919 monasterii
2134 2887 2327 2925 Fuldensis,

1323 2945 1464 2984 poterat
1501 2942 1534 2974 in
1571 2943 1727 2984 utrisque
1752 2941 1900 2973 feliciter
1924 2940 2116 2977 reformari,
2142 2949 2265 2972 curam
2289 2943 2327 2973 et

1322 2995 1679 3027 amministrationem
1725 2995 1834 3037 ipsius
1882 2997 1954 3025 tam
2000 2992 2035 3023 in
2081 2992 2326 3034 spiritualibus
