<?xml version="1.0" encoding="UTF-8"?>
<!DOCTYPE html PUBLIC "-//W3C//DTD XHTML 1.0 Transitional//EN"
    "http://www.w3.org/TR/xhtml1/DTD/xhtml1-transitional.dtd">
<html xmlns="http://www.w3.org/1999/xhtml" xml:lang="en" lang="en">
 <head>
  <title>
</title>
<meta http-equiv="Content-Type" content="text/html;charset=utf-8" />
  <meta name='ocr-system' content='tesseract 3.04.00' />
  <meta name='ocr-capabilities' content='ocr_page ocr_carea ocr_par ocr_line ocrx_word'/>
</head>
<body>
  <div class='ocr_page' id='page_1' title='image "./lesregistresdegr02cathuoft_0017.png"; bbox 0 0 2477 3512; ppageno 0'>
   <div class='ocr_carea' id='block_1_1' title="bbox 1005 293 1406 334">
    <p class='ocr_par' dir='ltr' id='par_1_1' title="bbox 1005 293 1406 334">
     <span class='ocr_line' id='line_1_1' title="bbox 1005 293 1406 334; baseline -0.007 -1"><span class='ocrx_word' id='word_1_1' title='bbox 1005 295 1234 334; x_wconf 79' lang='lat' dir='ltr'>TROISIEME</span> <span class='ocrx_word' id='word_1_2' title='bbox 1260 293 1406 332; x_wconf 70' lang='lat' dir='ltr'>ANNEE</span> 
     </span>
    </p>
   </div>
   <div class='ocr_carea' id='block_1_2' title="bbox 195 369 1184 746">
    <p class='ocr_par' dir='ltr' id='par_1_2' title="bbox 195 369 1184 746">
     <span class='ocr_line' id='line_1_2' title="bbox 196 369 1183 412; baseline -0.001 -10"><span class='ocrx_word' id='word_1_3' title='bbox 196 380 306 402; x_wconf 87' lang='lat' dir='ltr'>curam</span> <span class='ocrx_word' id='word_1_4' title='bbox 326 370 448 401; x_wconf 83' lang='lat' dir='ltr'>habens</span> <span class='ocrx_word' id='word_1_5' title='bbox 470 371 616 412; x_wconf 87' lang='lat' dir='ltr'>recipere</span> <span class='ocrx_word' id='word_1_6' title='bbox 630 371 730 403; x_wconf 79' lang='lat' dir='ltr'>licite,</span> <span class='ocrx_word' id='word_1_7' title='bbox 751 371 777 401; x_wconf 93' lang='lat' dir='ltr'>si</span> <span class='ocrx_word' id='word_1_8' title='bbox 796 370 853 401; x_wconf 88' lang='lat' dir='ltr'>tibi</span> <span class='ocrx_word' id='word_1_9' title='bbox 880 371 1035 401; x_wconf 84' lang='lat' dir='ltr'>canonice</span> <span class='ocrx_word' id='word_1_10' title='bbox 1064 369 1183 401; x_wconf 86' lang='lat' dir='ltr'>offera-</span> 
     </span>
     <span class='ocr_line' id='line_1_3' title="bbox 196 426 1184 467; baseline 0 -10"><span class='ocrx_word' id='word_1_11' title='bbox 196 429 259 465; x_wconf 87' lang='lat' dir='ltr'>tur,</span> <span class='ocrx_word' id='word_1_12' title='bbox 274 427 504 458; x_wconf 81' lang='lat' dir='ltr'>constitutione</span> <span class='ocrx_word' id='word_1_13' title='bbox 525 437 587 458; x_wconf 90' lang='lat' dir='ltr'>non</span> <span class='ocrx_word' id='word_1_14' title='bbox 598 427 747 458; x_wconf 84' lang='lat' dir='ltr'>obstante</span> <span class='ocrx_word' id='word_1_15' title='bbox 761 426 918 467; x_wconf 87' lang='lat' dir='ltr'>predicta,</span> <span class='ocrx_word' id='word_1_16' title='bbox 936 426 1058 463; x_wconf 83' lang='lat' dir='ltr'>valeas,</span> <span class='ocrx_word' id='word_1_17' title='bbox 1073 428 1184 457; x_wconf 85' lang='lat' dir='ltr'>aucto-</span> 
     </span>
     <span class='ocr_line' id='line_1_4' title="bbox 195 482 1184 523; baseline 0.001 -11"><span class='ocrx_word' id='word_1_18' title='bbox 195 483 293 513; x_wconf 88' lang='lat' dir='ltr'>ritate</span> <span class='ocrx_word' id='word_1_19' title='bbox 319 482 375 514; x_wconf 89' lang='lat' dir='ltr'>tibi</span> <span class='ocrx_word' id='word_1_20' title='bbox 403 483 601 523; x_wconf 84' lang='lat' dir='ltr'>presentium</span> <span class='ocrx_word' id='word_1_21' title='bbox 624 483 839 523; x_wconf 82' lang='lat' dir='ltr'>indulgemus.</span> <span class='ocrx_word' id='word_1_22' title='bbox 871 483 999 523; x_wconf 82' lang='lat' dir='ltr'>proviso</span> <span class='ocrx_word' id='word_1_23' title='bbox 1031 485 1065 513; x_wconf 91' lang='lat' dir='ltr'>ut</span> <span class='ocrx_word' id='word_1_24' title='bbox 1088 483 1184 513; x_wconf 88' lang='lat' dir='ltr'>bene-</span> 
     </span>
     <span class='ocr_line' id='line_1_5' title="bbox 196 538 1182 579; baseline 0 -10"><span class='ocrx_word' id='word_1_25' title='bbox 196 538 269 570; x_wconf 84' lang='lat' dir='ltr'>ficia</span> <span class='ocrx_word' id='word_1_26' title='bbox 293 539 361 579; x_wconf 82' lang='lat' dir='ltr'>ipsa</span> <span class='ocrx_word' id='word_1_27' title='bbox 382 539 499 570; x_wconf 87' lang='lat' dir='ltr'>debitis</span> <span class='ocrx_word' id='word_1_28' title='bbox 520 539 680 579; x_wconf 78' lang='lat' dir='ltr'>obsequiis</span> <span class='ocrx_word' id='word_1_29' title='bbox 700 549 763 569; x_wconf 91' lang='lat' dir='ltr'>non</span> <span class='ocrx_word' id='word_1_30' title='bbox 784 538 978 569; x_wconf 73' lang='lat' dir='ltr'>fraudentur</span> <span class='ocrx_word' id='word_1_31' title='bbox 1004 541 1038 570; x_wconf 88' lang='lat' dir='ltr'>et</span> <span class='ocrx_word' id='word_1_32' title='bbox 1067 539 1100 569; x_wconf 90' lang='lat' dir='ltr'>in</span> <span class='ocrx_word' id='word_1_33' title='bbox 1135 539 1182 569; x_wconf 89' lang='lat' dir='ltr'>eis</span> 
     </span>
     <span class='ocr_line' id='line_1_6' title="bbox 197 593 1179 634; baseline 0 -9"><span class='ocrx_word' id='word_1_34' title='bbox 197 595 374 626; x_wconf 86' lang='lat' dir='ltr'>animarum</span> <span class='ocrx_word' id='word_1_35' title='bbox 417 605 494 626; x_wconf 89' lang='lat' dir='ltr'>cura</span> <span class='ocrx_word' id='word_1_36' title='bbox 533 594 716 625; x_wconf 88' lang='lat' dir='ltr'>nullatenus</span> <span class='ocrx_word' id='word_1_37' title='bbox 755 593 954 634; x_wconf 83' lang='lat' dir='ltr'>negligatur.</span> <span class='ocrx_word' id='word_1_38' title='bbox 1003 594 1086 625; x_wconf 71' lang='lat' dir='ltr'>Nulli</span> <span class='ocrx_word' id='word_1_39' title='bbox 1116 596 1179 626; x_wconf 87' lang='lat' dir='ltr'>etc.</span> 
     </span>
     <span class='ocr_line' id='line_1_7' title="bbox 196 650 1182 688; baseline 0 -6"><span class='ocrx_word' id='word_1_40' title='bbox 196 653 308 682; x_wconf 87' lang='lat' dir='ltr'>nostre</span> <span class='ocrx_word' id='word_1_41' title='bbox 340 651 559 682; x_wconf 77' lang='lat' dir='ltr'>concessionis</span> <span class='ocrx_word' id='word_1_42' title='bbox 584 652 649 681; x_wconf 82' lang='lat' dir='ltr'>etc.</span> <span class='ocrx_word' id='word_1_43' title='bbox 677 650 750 680; x_wconf 84' lang='lat' dir='ltr'>Dat.</span> <span class='ocrx_word' id='word_1_44' title='bbox 782 650 945 688; x_wconf 77' lang='lat' dir='ltr'>Laterani,</span> <span class='ocrx_word' id='word_1_45' title='bbox 969 650 995 680; x_wconf 88' lang='lat' dir='ltr'>ll</span> <span class='ocrx_word' id='word_1_46' title='bbox 1026 650 1182 682; x_wconf 78' lang='lat' dir='ltr'>kalendas</span> 
     </span>
     <span class='ocr_line' id='line_1_8' title="bbox 197 706 592 746; baseline -0.01 -8"><span class='ocrx_word' id='word_1_47' title='bbox 197 707 284 746; x_wconf 89' lang='lat' dir='ltr'>maii,</span> <span class='ocrx_word' id='word_1_48' title='bbox 299 718 382 738; x_wconf 88' lang='lat' dir='ltr'>anno</span> <span class='ocrx_word' id='word_1_49' title='bbox 402 706 554 738; x_wconf 80' lang='lat' dir='ltr'>secundo.</span> <span class='ocrx_word' id='word_1_50' title='bbox 577 719 592 734; x_wconf 87' lang='lat'>»</span> 
     </span>
    </p>
   </div>
   <div class='ocr_carea' id='block_1_3' title="bbox 274 842 1109 876">
    <p class='ocr_par' dir='ltr' id='par_1_3' title="bbox 274 842 1109 876">
     <span class='ocr_line' id='line_1_9' title="bbox 274 842 1109 876; baseline 0 -6"><span class='ocrx_word' id='word_1_51' title='bbox 274 843 368 870; x_wconf 81' lang='lat'>1595</span> <span class='ocrx_word' id='word_1_52' title='bbox 666 842 788 876; x_wconf 69' lang='lat' dir='ltr'>Anagni,</span> <span class='ocrx_word' id='word_1_53' title='bbox 809 844 838 868; x_wconf 74' lang='lat'>12</span> <span class='ocrx_word' id='word_1_54' title='bbox 854 843 1013 869; x_wconf 65' lang='lat' dir='ltr'>novembre</span> <span class='ocrx_word' id='word_1_55' title='bbox 1034 845 1109 870; x_wconf 74' lang='lat'><strong>1256.</strong></span> 
     </span>
    </p>
   </div>
   <div class='ocr_carea' id='block_1_4' title="bbox 196 929 1183 1153">
    <p class='ocr_par' dir='ltr' id='par_1_4' title="bbox 196 929 1183 1153">
     <span class='ocr_line' id='line_1_10' title="bbox 232 929 1183 965; baseline -0.001 -7"><span class='ocrx_word' id='word_1_56' title='bbox 232 931 456 965; x_wconf 86' lang='lat' dir='ltr'>Archiepiscopo</span> <span class='ocrx_word' id='word_1_57' title='bbox 474 933 501 955; x_wconf 86' lang='lat' dir='ltr'>et</span> <span class='ocrx_word' id='word_1_58' title='bbox 517 929 645 964; x_wconf 83' lang='lat' dir='ltr'>capitulo</span> <span class='ocrx_word' id='word_1_59' title='bbox 662 929 1009 956; x_wconf 84' lang='lat' dir='ltr'>Eboracensibusnotum</span> <span class='ocrx_word' id='word_1_60' title='bbox 1021 930 1183 965; x_wconf 80' lang='lat' dir='ltr'>sacitquas-</span> 
     </span>
     <span class='ocr_line' id='line_1_11' title="bbox 196 977 1183 1011; baseline -0.001 -6"><span class='ocrx_word' id='word_1_61' title='bbox 196 979 261 1006; x_wconf 87' lang='lat' dir='ltr'>dam</span> <span class='ocrx_word' id='word_1_62' title='bbox 275 978 389 1004; x_wconf 73' lang='lat' dir='ltr'>litteras</span> <span class='ocrx_word' id='word_1_63' title='bbox 403 977 509 1003; x_wconf 82' lang='lat' dir='ltr'>rectori</span> <span class='ocrx_word' id='word_1_64' title='bbox 521 980 549 1003; x_wconf 90' lang='lat' dir='ltr'>et</span> <span class='ocrx_word' id='word_1_65' title='bbox 564 977 706 1003; x_wconf 83' lang='lat' dir='ltr'>fratribus</span> <span class='ocrx_word' id='word_1_66' title='bbox 714 977 866 1011; x_wconf 84' lang='lat' dir='ltr'>hospitalis</span> <span class='ocrx_word' id='word_1_67' title='bbox 878 978 904 1004; x_wconf 90' lang='lat' dir='ltr'>S.</span> <span class='ocrx_word' id='word_1_68' title='bbox 922 978 1065 1004; x_wconf 82' lang='lat' dir='ltr'>Leonardi</span> <span class='ocrx_word' id='word_1_69' title='bbox 1079 978 1183 1004; x_wconf 86' lang='lat' dir='ltr'>Ebora-</span> 
     </span>
     <span class='ocr_line' id='line_1_12' title="bbox 196 1025 1183 1060; baseline -0.001 -7"><span class='ocrx_word' id='word_1_70' title='bbox 196 1026 294 1053; x_wconf 86' lang='lat' dir='ltr'>censis</span> <span class='ocrx_word' id='word_1_71' title='bbox 315 1033 405 1060; x_wconf 88' lang='lat' dir='ltr'>super</span> <span class='ocrx_word' id='word_1_72' title='bbox 420 1025 612 1051; x_wconf 78' lang='lat' dir='ltr'>concessione</span> <span class='ocrx_word' id='word_1_73' title='bbox 640 1025 762 1051; x_wconf 82' lang='lat' dir='ltr'>ecclesie</span> <span class='ocrx_word' id='word_1_74' title='bbox 787 1025 822 1051; x_wconf 89' lang='lat' dir='ltr'>de</span> <span class='ocrx_word' id='word_1_75' title='bbox 842 1025 968 1051; x_wconf 80' lang='lat' dir='ltr'>Neuton.</span> <span class='ocrx_word' id='word_1_76' title='bbox 989 1033 1078 1060; x_wconf 89' lang='lat' dir='ltr'>super</span> <span class='ocrx_word' id='word_1_77' title='bbox 1097 1027 1183 1052; x_wconf 82' lang='lat' dir='ltr'>Usam</span> 
     </span>
     <span class='ocr_line' id='line_1_13' title="bbox 196 1072 1183 1107; baseline 0 -7"><span class='ocrx_word' id='word_1_78' title='bbox 196 1074 333 1105; x_wconf 84' lang='lat' dir='ltr'>directas,</span> <span class='ocrx_word' id='word_1_79' title='bbox 348 1076 377 1099; x_wconf 84' lang='lat' dir='ltr'>et</span> <span class='ocrx_word' id='word_1_80' title='bbox 387 1073 421 1099; x_wconf 80' lang='lat' dir='ltr'>de</span> <span class='ocrx_word' id='word_1_81' title='bbox 429 1072 553 1099; x_wconf 77' lang='lat' dir='ltr'>falsitate</span> <span class='ocrx_word' id='word_1_82' title='bbox 563 1076 725 1107; x_wconf 71' lang='lat' dir='ltr'>suspectas,</span> <span class='ocrx_word' id='word_1_83' title='bbox 737 1073 771 1099; x_wconf 88' lang='lat' dir='ltr'>de</span> <span class='ocrx_word' id='word_1_84' title='bbox 787 1073 962 1099; x_wconf 76' lang='lat' dir='ltr'>cancellaria</span> <span class='ocrx_word' id='word_1_85' title='bbox 970 1082 1022 1100; x_wconf 85' lang='lat' dir='ltr'>sua</span> <span class='ocrx_word' id='word_1_86' title='bbox 1034 1082 1183 1101; x_wconf 82' lang='lat' dir='ltr'>emanare.</span> 
     </span>
     <span class='ocr_line' id='line_1_14' title="bbox 198 1120 627 1153; baseline 0 -6"><span class='ocrx_word' id='word_1_87' title='bbox 198 1122 274 1151; x_wconf 54' lang='grc' dir='ltr'><strong>911Εο.</strong></span> <span class='ocrx_word' id='word_1_88' title='bbox 288 1123 330 1153; x_wconf 73' lang='lat'>25,</span> <span class='ocrx_word' id='word_1_89' title='bbox 348 1129 374 1147; x_wconf 84' lang='lat' dir='ltr'>a.</span> <span class='ocrx_word' id='word_1_90' title='bbox 392 1121 439 1153; x_wconf 84' lang='grc' dir='ltr'>ΙΙΙ,</span> <span class='ocrx_word' id='word_1_91' title='bbox 456 1129 480 1146; x_wconf 77' lang='grc'>0.</span> <span class='ocrx_word' id='word_1_92' title='bbox 496 1123 538 1149; x_wconf 77' lang='grc'>23,</span> <span class='ocrx_word' id='word_1_93' title='bbox 555 1120 572 1146; x_wconf 83' lang='lat' dir='ltr'>f.</span> <span class='ocrx_word' id='word_1_94' title='bbox 592 1121 627 1147; x_wconf 54' lang='lat'>34</span> 
     </span>
    </p>
   </div>
   <div class='ocr_carea' id='block_1_5' title="bbox 197 1221 1181 1377">
    <p class='ocr_par' dir='ltr' id='par_1_5' title="bbox 197 1221 1181 1377">
     <span class='ocr_line' id='line_1_15' title="bbox 241 1221 1181 1265; baseline -0.002 -10"><span class='ocrx_word' id='word_1_95' title='bbox 241 1236 255 1251; x_wconf 91' lang='lat'>«</span> <span class='ocrx_word' id='word_1_96' title='bbox 300 1249 320 1255; x_wconf 89' lang='lat'>..</span> <span class='ocrx_word' id='word_1_97' title='bbox 357 1222 604 1265; x_wconf 64' lang='lat' dir='ltr'>archiepiscopo</span> <span class='ocrx_word' id='word_1_98' title='bbox 643 1228 674 1253; x_wconf 77' lang='lat' dir='ltr'>et</span> <span class='ocrx_word' id='word_1_99' title='bbox 715 1221 864 1265; x_wconf 75' lang='lat' dir='ltr'>capz&#39;lulo</span> <span class='ocrx_word' id='word_1_100' title='bbox 906 1221 1181 1254; x_wconf 64' lang='lat' dir='ltr'>Eboracemibm.</span> 
     </span>
     <span class='ocr_line' id='line_1_16' title="bbox 199 1279 649 1312; baseline -0.002 -1"><span class='ocrx_word' id='word_1_101' title='bbox 199 1281 262 1312; x_wconf 87' lang='lat' dir='ltr'>Sua</span> <span class='ocrx_word' id='word_1_102' title='bbox 291 1279 382 1311; x_wconf 86' lang='lat' dir='ltr'>nobis</span> <span class='ocrx_word' id='word_1_103' title='bbox 410 1279 522 1310; x_wconf 88' lang='lat' dir='ltr'>dilecti</span> <span class='ocrx_word' id='word_1_104' title='bbox 552 1279 649 1310; x_wconf 85' lang='lat' dir='ltr'>filii..</span> 
     </span>
     <span class='ocr_line' id='line_1_17' title="bbox 197 1336 1181 1377; baseline -0.001 -9"><span class='ocrx_word' id='word_1_105' title='bbox 197 1338 309 1369; x_wconf 84' lang='lat' dir='ltr'>Sancti</span> <span class='ocrx_word' id='word_1_106' title='bbox 340 1337 500 1368; x_wconf 88' lang='lat' dir='ltr'>Leonardi</span> <span class='ocrx_word' id='word_1_107' title='bbox 526 1336 741 1367; x_wconf 87' lang='lat' dir='ltr'>Eboracensis</span> <span class='ocrx_word' id='word_1_108' title='bbox 764 1336 918 1377; x_wconf 88' lang='lat' dir='ltr'>petitione</span> <span class='ocrx_word' id='word_1_109' title='bbox 948 1338 1181 1374; x_wconf 89' lang='lat' dir='ltr'>monstrarunt,</span> 
     </span>
    </p>
   </div>
   <div class='ocr_carea' id='block_1_6' title="bbox 675 1280 1184 1320">
    <p class='ocr_par' dir='ltr' id='par_1_6' title="bbox 675 1280 1184 1320">
     <span class='ocr_line' id='line_1_18' title="bbox 675 1280 1184 1320; baseline 0 -10"><span class='ocrx_word' id='word_1_110' title='bbox 675 1280 786 1310; x_wconf 85' lang='lat' dir='ltr'>rect-or</span> <span class='ocrx_word' id='word_1_111' title='bbox 812 1282 844 1310; x_wconf 92' lang='lat' dir='ltr'>et</span> <span class='ocrx_word' id='word_1_112' title='bbox 868 1280 989 1310; x_wconf 84' lang='lat' dir='ltr'>fratres</span> <span class='ocrx_word' id='word_1_113' title='bbox 1013 1280 1184 1320; x_wconf 82' lang='lat' dir='ltr'>hospitalis</span> 
     </span>
    </p>
   </div>
   <div class='ocr_carea' id='block_1_7' title="bbox 194 1392 1185 1997">
    <p class='ocr_par' dir='ltr' id='par_1_7' title="bbox 194 1392 1185 1997">
     <span class='ocr_line' id='line_1_19' title="bbox 197 1392 1185 1434; baseline -0.001 -10"><span class='ocrx_word' id='word_1_114' title='bbox 197 1394 280 1434; x_wconf 89' lang='lat' dir='ltr'>quod</span> <span class='ocrx_word' id='word_1_115' title='bbox 298 1404 354 1425; x_wconf 79' lang='lat' dir='ltr'>nos</span> <span class='ocrx_word' id='word_1_116' title='bbox 375 1394 550 1425; x_wconf 81' lang='lat' dir='ltr'>ecclesiam</span> <span class='ocrx_word' id='word_1_117' title='bbox 562 1393 600 1423; x_wconf 80' lang='lat' dir='ltr'>de</span> <span class='ocrx_word' id='word_1_118' title='bbox 615 1393 754 1424; x_wconf 88' lang='lat' dir='ltr'>Neuton.</span> <span class='ocrx_word' id='word_1_119' title='bbox 774 1402 870 1433; x_wconf 80' lang='lat' dir='ltr'>super</span> <span class='ocrx_word' id='word_1_120' title='bbox 880 1392 1185 1432; x_wconf 84' lang='lat' dir='ltr'>Usam,Eboracen-</span> 
     </span>
     <span class='ocr_line' id='line_1_20' title="bbox 198 1448 1184 1490; baseline -0.002 -9"><span class='ocrx_word' id='word_1_121' title='bbox 198 1450 241 1481; x_wconf 89' lang='lat' dir='ltr'>sis</span> <span class='ocrx_word' id='word_1_122' title='bbox 257 1449 407 1487; x_wconf 81' lang='lat' dir='ltr'>diocesis,</span> <span class='ocrx_word' id='word_1_123' title='bbox 422 1450 454 1480; x_wconf 92' lang='lat' dir='ltr'>in</span> <span class='ocrx_word' id='word_1_124' title='bbox 476 1459 537 1489; x_wconf 85' lang='lat' dir='ltr'>qua</span> <span class='ocrx_word' id='word_1_125' title='bbox 556 1449 611 1490; x_wconf 82' lang='lat' dir='ltr'>jus</span> <span class='ocrx_word' id='word_1_126' title='bbox 628 1448 987 1489; x_wconf 85' lang='lat' dir='ltr'>obtinentpatronatus,</span> <span class='ocrx_word' id='word_1_127' title='bbox 1000 1459 1071 1479; x_wconf 86' lang='lat' dir='ltr'>cum</span> <span class='ocrx_word' id='word_1_128' title='bbox 1083 1449 1184 1490; x_wconf 84' lang='lat' dir='ltr'>perti—</span> 
     </span>
     <span class='ocr_line' id='line_1_21' title="bbox 197 1505 1184 1546; baseline -0.001 -9"><span class='ocrx_word' id='word_1_129' title='bbox 197 1506 316 1537; x_wconf 88' lang='lat' dir='ltr'>nentiis</span> <span class='ocrx_word' id='word_1_130' title='bbox 349 1506 416 1536; x_wconf 89' lang='lat' dir='ltr'>suis</span> <span class='ocrx_word' id='word_1_131' title='bbox 435 1506 482 1536; x_wconf 88' lang='lat' dir='ltr'>eis</span> <span class='ocrx_word' id='word_1_132' title='bbox 505 1506 537 1535; x_wconf 94' lang='lat' dir='ltr'>in</span> <span class='ocrx_word' id='word_1_133' title='bbox 563 1505 711 1546; x_wconf 90' lang='lat' dir='ltr'>proprios</span> <span class='ocrx_word' id='word_1_134' title='bbox 743 1514 819 1535; x_wconf 89' lang='lat' dir='ltr'>usus</span> <span class='ocrx_word' id='word_1_135' title='bbox 848 1505 1078 1542; x_wconf 74' lang='lat' dir='ltr'>concessimus,</span> <span class='ocrx_word' id='word_1_136' title='bbox 1107 1506 1184 1546; x_wconf 89' lang='lat' dir='ltr'>ipsis</span> 
     </span>
     <span class='ocr_line' id='line_1_22' title="bbox 197 1561 940 1604; baseline -0.001 -11"><span class='ocrx_word' id='word_1_137' title='bbox 197 1572 296 1604; x_wconf 88' lang='lat' dir='ltr'>super</span> <span class='ocrx_word' id='word_1_138' title='bbox 313 1562 375 1593; x_wconf 90' lang='lat' dir='ltr'>hoc</span> <span class='ocrx_word' id='word_1_139' title='bbox 392 1563 520 1593; x_wconf 88' lang='lat' dir='ltr'>nostras</span> <span class='ocrx_word' id='word_1_140' title='bbox 545 1561 672 1592; x_wconf 76' lang='lat' dir='ltr'>litteras</span> <span class='ocrx_word' id='word_1_141' title='bbox 700 1561 910 1593; x_wconf 87' lang='lat' dir='ltr'>concedendo</span> <span class='ocrx_word' id='word_1_142' title='bbox 935 1572 940 1596; x_wconf 84' lang='lat'>;</span> 
     </span>
     <span class='ocr_line' id='line_1_23' title="bbox 196 1618 1185 1660; baseline -0.002 -10"><span class='ocrx_word' id='word_1_143' title='bbox 196 1619 329 1651; x_wconf 86' lang='lat' dir='ltr'>busdam</span> <span class='ocrx_word' id='word_1_144' title='bbox 360 1618 585 1650; x_wconf 82' lang='lat' dir='ltr'>asserentibus</span> <span class='ocrx_word' id='word_1_145' title='bbox 614 1618 644 1649; x_wconf 92' lang='lat' dir='ltr'>in</span> <span class='ocrx_word' id='word_1_146' title='bbox 686 1618 885 1649; x_wconf 84' lang='lat' dir='ltr'>Eboracensi</span> <span class='ocrx_word' id='word_1_147' title='bbox 915 1618 1069 1660; x_wconf 76' lang='lat' dir='ltr'>capitulo,</span> <span class='ocrx_word' id='word_1_148' title='bbox 1102 1618 1185 1659; x_wconf 86' lang='lat' dir='ltr'>quod</span> 
     </span>
     <span class='ocr_line' id='line_1_24' title="bbox 196 1674 1185 1716; baseline 0 -10"><span class='ocrx_word' id='word_1_149' title='bbox 196 1675 283 1707; x_wconf 91' lang='lat' dir='ltr'>filum</span> <span class='ocrx_word' id='word_1_150' title='bbox 311 1675 494 1706; x_wconf 82' lang='lat' dir='ltr'>litterarum</span> <span class='ocrx_word' id='word_1_151' title='bbox 521 1675 662 1716; x_wconf 86' lang='lat' dir='ltr'>ipsarum</span> <span class='ocrx_word' id='word_1_152' title='bbox 691 1674 898 1705; x_wconf 83' lang='lat' dir='ltr'>obfuscatum</span> <span class='ocrx_word' id='word_1_153' title='bbox 928 1676 1012 1711; x_wconf 78' lang='lat' dir='ltr'>erat,</span> <span class='ocrx_word' id='word_1_154' title='bbox 1039 1675 1185 1716; x_wconf 82' lang='lat' dir='ltr'>quodque</span> 
     </span>
     <span class='ocr_line' id='line_1_25' title="bbox 194 1731 1185 1773; baseline -0.001 -10"><span class='ocrx_word' id='word_1_155' title='bbox 194 1732 304 1763; x_wconf 84' lang='lat' dir='ltr'>littere</span> <span class='ocrx_word' id='word_1_156' title='bbox 324 1732 392 1773; x_wconf 90' lang='lat' dir='ltr'>ipse</span> <span class='ocrx_word' id='word_1_157' title='bbox 413 1731 620 1762; x_wconf 84' lang='lat' dir='ltr'>manifestum</span> <span class='ocrx_word' id='word_1_158' title='bbox 651 1731 860 1762; x_wconf 81' lang='lat' dir='ltr'>continebant</span> <span class='ocrx_word' id='word_1_159' title='bbox 886 1732 917 1761; x_wconf 94' lang='lat' dir='ltr'>in</span> <span class='ocrx_word' id='word_1_160' title='bbox 943 1732 1185 1763; x_wconf 87' lang='lat' dir='ltr'>constructione</span> 
     </span>
     <span class='ocr_line' id='line_1_26' title="bbox 194 1787 1184 1830; baseline 0 -11"><span class='ocrx_word' id='word_1_161' title='bbox 194 1790 361 1830; x_wconf 88' lang='lat' dir='ltr'>peccatum</span> <span class='ocrx_word' id='word_1_162' title='bbox 388 1789 421 1819; x_wconf 91' lang='lat' dir='ltr'>et</span> <span class='ocrx_word' id='word_1_163' title='bbox 447 1787 583 1828; x_wconf 86' lang='lat' dir='ltr'>quedam</span> <span class='ocrx_word' id='word_1_164' title='bbox 609 1787 672 1818; x_wconf 88' lang='lat' dir='ltr'>alia</span> <span class='ocrx_word' id='word_1_165' title='bbox 704 1787 822 1818; x_wconf 75' lang='lat' dir='ltr'>frivola</span> <span class='ocrx_word' id='word_1_166' title='bbox 847 1790 959 1819; x_wconf 88' lang='lat' dir='ltr'>contra</span> <span class='ocrx_word' id='word_1_167' title='bbox 985 1798 1039 1819; x_wconf 86' lang='lat' dir='ltr'>eas</span> <span class='ocrx_word' id='word_1_168' title='bbox 1068 1799 1184 1830; x_wconf 87' lang='lat' dir='ltr'>propo—</span> 
     </span>
     <span class='ocr_line' id='line_1_27' title="bbox 194 1843 1182 1885; baseline 0 -10"><span class='ocrx_word' id='word_1_169' title='bbox 194 1844 356 1882; x_wconf 84' lang='lat' dir='ltr'>nentibus,</span> <span class='ocrx_word' id='word_1_170' title='bbox 376 1845 508 1885; x_wconf 88' lang='lat' dir='ltr'>propter</span> <span class='ocrx_word' id='word_1_171' title='bbox 521 1853 581 1884; x_wconf 90' lang='lat' dir='ltr'>que</span> <span class='ocrx_word' id='word_1_172' title='bbox 594 1843 785 1874; x_wconf 72' lang='lat' dir='ltr'>dicebantur</span> <span class='ocrx_word' id='word_1_173' title='bbox 803 1843 842 1874; x_wconf 88' lang='lat' dir='ltr'>de</span> <span class='ocrx_word' id='word_1_174' title='bbox 855 1843 1001 1874; x_wconf 85' lang='lat' dir='ltr'>falsitate</span> <span class='ocrx_word' id='word_1_175' title='bbox 1018 1846 1182 1885; x_wconf 70' lang='lat' dir='ltr'>suspecte,</span> 
     </span>
     <span class='ocr_line' id='line_1_28' title="bbox 194 1899 1185 1942; baseline 0 -11"><span class='ocrx_word' id='word_1_176' title='bbox 194 1900 291 1931; x_wconf 86' lang='lat' dir='ltr'>iidem</span> <span class='ocrx_word' id='word_1_177' title='bbox 312 1902 422 1931; x_wconf 87' lang='lat' dir='ltr'>rector</span> <span class='ocrx_word' id='word_1_178' title='bbox 443 1901 476 1931; x_wconf 90' lang='lat' dir='ltr'>et</span> <span class='ocrx_word' id='word_1_179' title='bbox 494 1899 616 1930; x_wconf 83' lang='lat' dir='ltr'>fratres</span> <span class='ocrx_word' id='word_1_180' title='bbox 630 1899 761 1930; x_wconf 81' lang='lat' dir='ltr'>litteras</span> <span class='ocrx_word' id='word_1_181' title='bbox 785 1900 871 1940; x_wconf 88' lang='lat' dir='ltr'>ipsas</span> <span class='ocrx_word' id='word_1_182' title='bbox 892 1899 933 1930; x_wconf 90' lang='lat' dir='ltr'>ad</span> <span class='ocrx_word' id='word_1_183' title='bbox 950 1901 1093 1930; x_wconf 87' lang='lat' dir='ltr'>nostram</span> <span class='ocrx_word' id='word_1_184' title='bbox 1109 1910 1185 1942; x_wconf 91' lang='lat' dir='ltr'>pre-</span> 
     </span>
     <span class='ocr_line' id='line_1_29' title="bbox 196 1955 1181 1997; baseline 0.001 -10"><span class='ocrx_word' id='word_1_185' title='bbox 196 1957 332 1987; x_wconf 87' lang='lat' dir='ltr'>sentiam</span> <span class='ocrx_word' id='word_1_186' title='bbox 356 1956 619 1993; x_wconf 88' lang='lat' dir='ltr'>transmiserunt,</span> <span class='ocrx_word' id='word_1_187' title='bbox 642 1955 733 1986; x_wconf 88' lang='lat' dir='ltr'>nobis</span> <span class='ocrx_word' id='word_1_188' title='bbox 759 1955 925 1987; x_wconf 89' lang='lat' dir='ltr'>humiliter</span> <span class='ocrx_word' id='word_1_189' title='bbox 948 1956 1181 1997; x_wconf 78' lang='lat' dir='ltr'>supplicanteS,</span> 
     </span>
    </p>
   </div>
   <div class='ocr_carea' id='block_1_8' title="bbox 969 1563 1185 1602">
    <p class='ocr_par' dir='ltr' id='par_1_8' title="bbox 969 1563 1185 1602">
     <span class='ocr_line' id='line_1_30' title="bbox 969 1563 1185 1602; baseline 0 -10"><span class='ocrx_word' id='word_1_190' title='bbox 969 1572 1093 1600; x_wconf 84' lang='lat' dir='ltr'>verum,</span> <span class='ocrx_word' id='word_1_191' title='bbox 1117 1563 1185 1602; x_wconf 89' lang='lat' dir='ltr'>qui-</span> 
     </span>
    </p>
   </div>
   <div class='ocr_carea' id='block_1_9' title="bbox 194 2012 1183 2958">
    <p class='ocr_par' dir='ltr' id='par_1_9' title="bbox 194 2012 1183 2496">
     <span class='ocr_line' id='line_1_31' title="bbox 197 2012 1183 2054; baseline 0 -10"><span class='ocrx_word' id='word_1_192' title='bbox 197 2015 242 2051; x_wconf 92' lang='lat' dir='ltr'>ut,</span> <span class='ocrx_word' id='word_1_193' title='bbox 253 2023 292 2044; x_wconf 88' lang='lat' dir='ltr'>ne</span> <span class='ocrx_word' id='word_1_194' title='bbox 303 2013 373 2054; x_wconf 90' lang='lat' dir='ltr'>quis</span> <span class='ocrx_word' id='word_1_195' title='bbox 385 2013 509 2044; x_wconf 85' lang='lat' dir='ltr'>emulus</span> <span class='ocrx_word' id='word_1_196' title='bbox 529 2012 568 2044; x_wconf 87' lang='lat' dir='ltr'>de</span> <span class='ocrx_word' id='word_1_197' title='bbox 583 2015 694 2044; x_wconf 88' lang='lat' dir='ltr'>cetero</span> <span class='ocrx_word' id='word_1_198' title='bbox 716 2012 834 2053; x_wconf 87' lang='lat' dir='ltr'>aliquid</span> <span class='ocrx_word' id='word_1_199' title='bbox 848 2013 878 2043; x_wconf 90' lang='lat' dir='ltr'>in</span> <span class='ocrx_word' id='word_1_200' title='bbox 894 2023 949 2043; x_wconf 86' lang='grc'>005</span> <span class='ocrx_word' id='word_1_201' title='bbox 970 2017 1103 2054; x_wconf 84' lang='lat' dir='ltr'>propter</span> <span class='ocrx_word' id='word_1_202' title='bbox 1123 2014 1183 2045; x_wconf 91' lang='lat' dir='ltr'>hoc</span> 
     </span>
     <span class='ocr_line' id='line_1_32' title="bbox 196 2069 1183 2111; baseline 0.002 -11"><span class='ocrx_word' id='word_1_203' title='bbox 196 2070 295 2110; x_wconf 84' lang='lat' dir='ltr'>possit</span> <span class='ocrx_word' id='word_1_204' title='bbox 319 2069 530 2100; x_wconf 82' lang='lat' dir='ltr'>detractionis</span> <span class='ocrx_word' id='word_1_205' title='bbox 559 2070 754 2110; x_wconf 86' lang='lat' dir='ltr'>impingere,</span> <span class='ocrx_word' id='word_1_206' title='bbox 788 2069 962 2110; x_wconf 84' lang='lat' dir='ltr'>providere</span> <span class='ocrx_word' id='word_1_207' title='bbox 982 2070 1059 2111; x_wconf 91' lang='lat' dir='ltr'>ipsis</span> <span class='ocrx_word' id='word_1_208' title='bbox 1086 2081 1183 2111; x_wconf 88' lang='lat' dir='ltr'>super</span> 
     </span>
     <span class='ocr_line' id='line_1_33' title="bbox 196 2125 1182 2158; baseline 0.002 -2"><span class='ocrx_word' id='word_1_209' title='bbox 196 2127 255 2157; x_wconf 89' lang='lat' dir='ltr'>hoc</span> <span class='ocrx_word' id='word_1_210' title='bbox 281 2125 535 2157; x_wconf 84' lang='lat' dir='ltr'>misericorditer</span> <span class='ocrx_word' id='word_1_211' title='bbox 561 2136 764 2157; x_wconf 83' lang='lat' dir='ltr'>curaremus.</span> <span class='ocrx_word' id='word_1_212' title='bbox 797 2125 874 2157; x_wconf 88' lang='lat' dir='ltr'>Cum</span> <span class='ocrx_word' id='word_1_213' title='bbox 906 2127 1011 2157; x_wconf 84' lang='lat' dir='ltr'>autem</span> <span class='ocrx_word' id='word_1_214' title='bbox 1045 2127 1182 2158; x_wconf 87' lang='lat' dir='ltr'>dilectus</span> 
     </span>
     <span class='ocr_line' id='line_1_34' title="bbox 195 2182 1183 2224; baseline 0.002 -11"><span class='ocrx_word' id='word_1_215' title='bbox 195 2182 280 2213; x_wconf 88' lang='lat' dir='ltr'>filius</span> <span class='ocrx_word' id='word_1_216' title='bbox 294 2183 451 2224; x_wconf 86' lang='lat' dir='ltr'>magister</span> <span class='ocrx_word' id='word_1_217' title='bbox 471 2183 662 2223; x_wconf 78' lang='lat' dir='ltr'>Rollandus,</span> <span class='ocrx_word' id='word_1_218' title='bbox 676 2186 887 2215; x_wconf 80' lang='lat' dir='ltr'>sacrosancte</span> <span class='ocrx_word' id='word_1_219' title='bbox 910 2186 1053 2216; x_wconf 78' lang='lat' dir='ltr'>Romane</span> <span class='ocrx_word' id='word_1_220' title='bbox 1069 2184 1183 2216; x_wconf 84' lang='lat' dir='ltr'>Eccle-</span> 
     </span>
     <span class='ocr_line' id='line_1_35' title="bbox 196 2239 1182 2275; baseline 0.003 -6"><span class='ocrx_word' id='word_1_221' title='bbox 196 2239 243 2269; x_wconf 89' lang='lat' dir='ltr'>sie</span> <span class='ocrx_word' id='word_1_222' title='bbox 277 2239 580 2275; x_wconf 72' lang='lat' dir='ltr'>vicecancellarius,</span> <span class='ocrx_word' id='word_1_223' title='bbox 603 2240 730 2272; x_wconf 83' lang='lat' dir='ltr'>litteras</span> <span class='ocrx_word' id='word_1_224' title='bbox 760 2240 893 2272; x_wconf 83' lang='lat' dir='ltr'>easdem</span> <span class='ocrx_word' id='word_1_225' title='bbox 921 2241 952 2271; x_wconf 94' lang='lat' dir='ltr'>in</span> <span class='ocrx_word' id='word_1_226' title='bbox 981 2241 1182 2272; x_wconf 90' lang='lat' dir='ltr'>notariorum</span> 
     </span>
     <span class='ocr_line' id='line_1_36' title="bbox 195 2297 1182 2329; baseline 0.004 -4"><span class='ocrx_word' id='word_1_227' title='bbox 195 2297 377 2326; x_wconf 88' lang='lat' dir='ltr'>nostrorum</span> <span class='ocrx_word' id='word_1_228' title='bbox 397 2306 435 2326; x_wconf 87' lang='lat' dir='ltr'>ac</span> <span class='ocrx_word' id='word_1_229' title='bbox 453 2321 473 2327; x_wconf 89' lang='lat'>..</span> <span class='ocrx_word' id='word_1_230' title='bbox 491 2297 647 2328; x_wconf 86' lang='lat' dir='ltr'>auditoris</span> <span class='ocrx_word' id='word_1_231' title='bbox 665 2297 940 2328; x_wconf 78' lang='lat' dir='ltr'>contradictarum</span> <span class='ocrx_word' id='word_1_232' title='bbox 956 2300 987 2328; x_wconf 90' lang='lat' dir='ltr'>et</span> <span class='ocrx_word' id='word_1_233' title='bbox 1007 2323 1027 2329; x_wconf 89' lang='lat'>..</span> <span class='ocrx_word' id='word_1_234' title='bbox 1051 2308 1182 2329; x_wconf 86' lang='lat' dir='ltr'>correc-</span> 
     </span>
     <span class='ocr_line' id='line_1_37' title="bbox 194 2352 1182 2395; baseline 0.003 -13"><span class='ocrx_word' id='word_1_235' title='bbox 194 2352 274 2383; x_wconf 85' lang='lat' dir='ltr'>toris</span> <span class='ocrx_word' id='word_1_236' title='bbox 289 2352 470 2383; x_wconf 86' lang='lat' dir='ltr'>litterarum</span> <span class='ocrx_word' id='word_1_237' title='bbox 492 2355 688 2392; x_wconf 88' lang='lat' dir='ltr'>nostrarum,</span> <span class='ocrx_word' id='word_1_238' title='bbox 711 2354 888 2395; x_wconf 83' lang='lat' dir='ltr'>presentia,</span> <span class='ocrx_word' id='word_1_239' title='bbox 910 2353 1087 2395; x_wconf 87' lang='lat' dir='ltr'>diligenter</span> <span class='ocrx_word' id='word_1_240' title='bbox 1104 2364 1182 2386; x_wconf 84' lang='lat' dir='ltr'>exa-</span> 
     </span>
     <span class='ocr_line' id='line_1_38' title="bbox 195 2409 1181 2450; baseline 0.003 -11"><span class='ocrx_word' id='word_1_241' title='bbox 195 2409 333 2441; x_wconf 84' lang='lat' dir='ltr'>minans.</span> <span class='ocrx_word' id='word_1_242' title='bbox 350 2418 405 2439; x_wconf 85' lang='lat' dir='ltr'>eas</span> <span class='ocrx_word' id='word_1_243' title='bbox 424 2410 604 2450; x_wconf 86' lang='lat' dir='ltr'>reppererit</span> <span class='ocrx_word' id='word_1_244' title='bbox 624 2420 698 2441; x_wconf 86' lang='lat' dir='ltr'>esse</span> <span class='ocrx_word' id='word_1_245' title='bbox 725 2420 832 2448; x_wconf 79' lang='lat' dir='ltr'>veras,</span> <span class='ocrx_word' id='word_1_246' title='bbox 846 2421 979 2450; x_wconf 86' lang='lat' dir='ltr'>quarum</span> <span class='ocrx_word' id='word_1_247' title='bbox 999 2411 1091 2442; x_wconf 87' lang='lat' dir='ltr'>tenor</span> <span class='ocrx_word' id='word_1_248' title='bbox 1105 2411 1181 2442; x_wconf 87' lang='lat' dir='ltr'>talis</span> 
     </span>
     <span class='ocr_line' id='line_1_39' title="bbox 195 2468 275 2496; baseline -0.013 0"><span class='ocrx_word' id='word_1_249' title='bbox 195 2468 243 2496; x_wconf 84' lang='lat' dir='ltr'>est</span> <span class='ocrx_word' id='word_1_250' title='bbox 270 2474 275 2495; x_wconf 88' lang='grc'>;</span> 
     </span>
    </p>

    <p class='ocr_par' dir='ltr' id='par_1_10' title="bbox 194 2520 1181 2958">
     <span class='ocr_line' id='line_1_40' title="bbox 239 2520 1181 2563; baseline 0.004 -13"><span class='ocrx_word' id='word_1_251' title='bbox 239 2535 251 2549; x_wconf 75' lang='grc' dir='ltr'>ιι</span> <span class='ocrx_word' id='word_1_252' title='bbox 280 2520 470 2552; x_wconf 80' lang='lat' dir='ltr'>Alexander</span> <span class='ocrx_word' id='word_1_253' title='bbox 496 2522 679 2563; x_wconf 87' lang='lat' dir='ltr'>episcopus,</span> <span class='ocrx_word' id='word_1_254' title='bbox 707 2533 821 2554; x_wconf 83' lang='lat' dir='ltr'>servus</span> <span class='ocrx_word' id='word_1_255' title='bbox 852 2533 1020 2555; x_wconf 85' lang='lat' dir='ltr'>servorum</span> <span class='ocrx_word' id='word_1_256' title='bbox 1040 2524 1109 2561; x_wconf 91' lang='lat' dir='ltr'>Dei,</span> <span class='ocrx_word' id='word_1_257' title='bbox 1133 2523 1181 2554; x_wconf 88' lang='lat' dir='ltr'>di-</span> 
     </span>
     <span class='ocr_line' id='line_1_41' title="bbox 196 2577 1180 2621; baseline 0.006 -16"><span class='ocrx_word' id='word_1_258' title='bbox 196 2591 210 2605; x_wconf 85' lang='lat'>«</span> <span class='ocrx_word' id='word_1_259' title='bbox 238 2577 331 2608; x_wconf 74' lang='lat' dir='ltr'>lectis</span> <span class='ocrx_word' id='word_1_260' title='bbox 349 2577 420 2608; x_wconf 83' lang='lat' dir='ltr'>filiis</span> <span class='ocrx_word' id='word_1_261' title='bbox 442 2602 462 2608; x_wconf 92' lang='lat'>..</span> <span class='ocrx_word' id='word_1_262' title='bbox 488 2579 606 2609; x_wconf 85' lang='lat' dir='ltr'>rectori</span> <span class='ocrx_word' id='word_1_263' title='bbox 635 2580 669 2610; x_wconf 82' lang='lat' dir='ltr'>et</span> <span class='ocrx_word' id='word_1_264' title='bbox 697 2579 852 2610; x_wconf 83' lang='lat' dir='ltr'>fratribus</span> <span class='ocrx_word' id='word_1_265' title='bbox 873 2580 1045 2621; x_wconf 84' lang='lat' dir='ltr'>hospitalis</span> <span class='ocrx_word' id='word_1_266' title='bbox 1068 2581 1180 2612; x_wconf 77' lang='lat' dir='ltr'>Sancti</span> 
     </span>
     <span class='ocr_line' id='line_1_42' title="bbox 195 2633 1177 2678; baseline 0.002 -13"><span class='ocrx_word' id='word_1_267' title='bbox 195 2647 208 2661; x_wconf 67' lang='grc' dir='ltr'>ι(</span> <span class='ocrx_word' id='word_1_268' title='bbox 237 2634 397 2665; x_wconf 79' lang='lat' dir='ltr'>Leonardi</span> <span class='ocrx_word' id='word_1_269' title='bbox 433 2633 660 2673; x_wconf 76' lang='lat' dir='ltr'>Eboracensis,</span> <span class='ocrx_word' id='word_1_270' title='bbox 709 2636 847 2667; x_wconf 87' lang='lat' dir='ltr'>salutem</span> <span class='ocrx_word' id='word_1_271' title='bbox 882 2638 913 2668; x_wconf 83' lang='lat' dir='ltr'>et</span> <span class='ocrx_word' id='word_1_272' title='bbox 966 2637 1177 2678; x_wconf 81' lang='lat' dir='ltr'>apostolicam</span> 
     </span>
     <span class='ocr_line' id='line_1_43' title="bbox 196 2689 1179 2734; baseline 0.003 -14"><span class='ocrx_word' id='word_1_273' title='bbox 196 2704 209 2716; x_wconf 90' lang='lat'>«</span> <span class='ocrx_word' id='word_1_274' title='bbox 237 2689 508 2721; x_wconf 81' lang='lat' dir='ltr'>benedictionem.</span> <span class='ocrx_word' id='word_1_275' title='bbox 536 2690 583 2721; x_wconf 79' lang='lat' dir='ltr'>Ex</span> <span class='ocrx_word' id='word_1_276' title='bbox 618 2693 710 2732; x_wconf 90' lang='lat' dir='ltr'>parte</span> <span class='ocrx_word' id='word_1_277' title='bbox 739 2694 851 2723; x_wconf 76' lang='lat' dir='ltr'>vestra</span> <span class='ocrx_word' id='word_1_278' title='bbox 890 2693 950 2723; x_wconf 80' lang='lat' dir='ltr'>fuit</span> <span class='ocrx_word' id='word_1_279' title='bbox 982 2693 1179 2734; x_wconf 83' lang='lat' dir='ltr'>propositum</span> 
     </span>
     <span class='ocr_line' id='line_1_44' title="bbox 196 2746 1180 2790; baseline 0.002 -12"><span class='ocrx_word' id='word_1_280' title='bbox 196 2761 209 2774; x_wconf 64' lang='grc' dir='ltr'><em>υ</em></span> <span class='ocrx_word' id='word_1_281' title='bbox 237 2756 345 2778; x_wconf 85' lang='lat' dir='ltr'>eoram</span> <span class='ocrx_word' id='word_1_282' title='bbox 371 2746 473 2784; x_wconf 74' lang='lat' dir='ltr'>nobis,</span> <span class='ocrx_word' id='word_1_283' title='bbox 504 2747 586 2787; x_wconf 89' lang='lat' dir='ltr'>quod</span> <span class='ocrx_word' id='word_1_284' title='bbox 611 2757 681 2778; x_wconf 90' lang='lat' dir='ltr'>cum</span> <span class='ocrx_word' id='word_1_285' title='bbox 707 2748 736 2779; x_wconf 90' lang='lat' dir='ltr'>in</span> <span class='ocrx_word' id='word_1_286' title='bbox 767 2749 918 2790; x_wconf 88' lang='lat' dir='ltr'>hospitali</span> <span class='ocrx_word' id='word_1_287' title='bbox 945 2754 1057 2780; x_wconf 82' lang='lat' dir='ltr'>vestro</span> <span class='ocrx_word' id='word_1_288' title='bbox 1089 2749 1180 2780; x_wconf 89' lang='lat' dir='ltr'>multi</span> 
     </span>
     <span class='ocr_line' id='line_1_45' title="bbox 195 2803 1178 2844; baseline 0.003 -11"><span class='ocrx_word' id='word_1_289' title='bbox 195 2817 207 2831; x_wconf 70' lang='grc' dir='ltr'><em>υ</em></span> <span class='ocrx_word' id='word_1_290' title='bbox 236 2813 394 2844; x_wconf 82' lang='lat' dir='ltr'>pauperes</span> <span class='ocrx_word' id='word_1_291' title='bbox 419 2809 453 2834; x_wconf 85' lang='lat' dir='ltr'>et</span> <span class='ocrx_word' id='word_1_292' title='bbox 485 2803 629 2844; x_wconf 77' lang='lat' dir='ltr'>languidi</span> <span class='ocrx_word' id='word_1_293' title='bbox 653 2804 865 2843; x_wconf 79' lang='lat' dir='ltr'>collocentur,</span> <span class='ocrx_word' id='word_1_294' title='bbox 889 2807 922 2837; x_wconf 89' lang='lat' dir='ltr'>et</span> <span class='ocrx_word' id='word_1_295' title='bbox 942 2806 1082 2837; x_wconf 82' lang='lat' dir='ltr'>infantes</span> <span class='ocrx_word' id='word_1_296' title='bbox 1105 2805 1178 2836; x_wconf 87' lang='lat' dir='ltr'>inibi</span> 
     </span>
     <span class='ocr_line' id='line_1_46' title="bbox 196 2859 1179 2902; baseline 0.002 -12"><span class='ocrx_word' id='word_1_297' title='bbox 196 2872 209 2887; x_wconf 85' lang='lat'>«</span> <span class='ocrx_word' id='word_1_298' title='bbox 233 2859 402 2900; x_wconf 86' lang='lat' dir='ltr'>aliquando</span> <span class='ocrx_word' id='word_1_299' title='bbox 422 2861 637 2900; x_wconf 69' lang='lat' dir='ltr'>expsmantur,</span> <span class='ocrx_word' id='word_1_300' title='bbox 665 2860 776 2900; x_wconf 83' lang='lat' dir='ltr'>quibus</span> <span class='ocrx_word' id='word_1_301' title='bbox 798 2871 855 2892; x_wconf 77' lang='lat' dir='ltr'>vos</span> <span class='ocrx_word' id='word_1_302' title='bbox 870 2863 997 2902; x_wconf 82' lang='lat' dir='ltr'>oportet</span> <span class='ocrx_word' id='word_1_303' title='bbox 1024 2872 1179 2893; x_wconf 80' lang='lat' dir='ltr'>necessa-</span> 
     </span>
     <span class='ocr_line' id='line_1_47' title="bbox 194 2915 1178 2958; baseline 0.002 -12"><span class='ocrx_word' id='word_1_304' title='bbox 194 2928 207 2942; x_wconf 88' lang='lat'><em>«</em></span> <span class='ocrx_word' id='word_1_305' title='bbox 236 2915 283 2946; x_wconf 83' lang='lat' dir='ltr'>ria</span> <span class='ocrx_word' id='word_1_306' title='bbox 299 2915 494 2953; x_wconf 72' lang='lat' dir='ltr'>ministrare,</span> <span class='ocrx_word' id='word_1_307' title='bbox 518 2915 608 2946; x_wconf 89' lang='lat' dir='ltr'>nobis</span> <span class='ocrx_word' id='word_1_308' title='bbox 636 2916 801 2948; x_wconf 88' lang='lat' dir='ltr'>lmmiliter</span> <span class='ocrx_word' id='word_1_309' title='bbox 830 2918 1051 2958; x_wconf 74' lang='lat' dir='ltr'>supplicastis,</span> <span class='ocrx_word' id='word_1_310' title='bbox 1069 2920 1103 2949; x_wconf 86' lang='lat' dir='ltr'>ut</span> <span class='ocrx_word' id='word_1_311' title='bbox 1124 2929 1178 2949; x_wconf 84' lang='lat' dir='ltr'>ec-</span> 
     </span>
    </p>
   </div>
   <div class='ocr_carea' id='block_1_10' title="bbox 195 2971 1177 3013">
    <p class='ocr_par' dir='ltr' id='par_1_11' title="bbox 195 2971 1177 3013">
     <span class='ocr_line' id='line_1_48' title="bbox 195 2971 1177 3013; baseline 0.002 -10"><span class='ocrx_word' id='word_1_312' title='bbox 195 2984 207 2998; x_wconf 70' lang='lat'>0</span> <span class='ocrx_word' id='word_1_313' title='bbox 236 2971 367 3003; x_wconf 83' lang='lat' dir='ltr'>clesiam</span> <span class='ocrx_word' id='word_1_314' title='bbox 389 2971 427 3003; x_wconf 84' lang='lat' dir='ltr'>de</span> <span class='ocrx_word' id='word_1_315' title='bbox 446 2972 583 3003; x_wconf 78' lang='lat' dir='ltr'>Neuton.</span> <span class='ocrx_word' id='word_1_316' title='bbox 610 2982 706 3013; x_wconf 71' lang='lat' dir='ltr'>siqu-1·</span> <span class='ocrx_word' id='word_1_317' title='bbox 729 2972 842 3011; x_wconf 82' lang='lat' dir='ltr'>Usam,</span> <span class='ocrx_word' id='word_1_318' title='bbox 867 2974 1079 3005; x_wconf 75' lang='lat' dir='ltr'>Eboracensis</span> <span class='ocrx_word' id='word_1_319' title='bbox 1111 2974 1177 3005; x_wconf 85' lang='lat' dir='ltr'>dio-</span> 
     </span>
    </p>
   </div>
   <div class='ocr_carea' id='block_1_11' title="bbox 1209 382 1214 2390">
    <p class='ocr_par' dir='ltr' id='par_1_12' title="bbox 1209 382 1214 2390">
     <span class='ocr_line' id='line_1_49' title="bbox 1209 382 1214 2390; baseline 0 0"><span class='ocrx_word' id='word_1_320' title='bbox 1209 382 1214 2390; x_wconf 95' lang='lat' dir='ltr'> </span> 
     </span>
    </p>
   </div>
   <div class='ocr_carea' id='block_1_12' title="bbox 2162 304 2224 335">
    <p class='ocr_par' dir='ltr' id='par_1_13' title="bbox 2162 304 2224 335">
     <span class='ocr_line' id='line_1_50' title="bbox 2162 304 2224 335; baseline 0.016 -1"><span class='ocrx_word' id='word_1_321' title='bbox 2162 304 2224 335; x_wconf 68' lang='lat'>495</span> 
     </span>
    </p>
   </div>
   <div class='ocr_carea' id='block_1_13' title="bbox 1237 369 2223 804">
    <p class='ocr_par' dir='ltr' id='par_1_14' title="bbox 1237 369 2223 804">
     <span class='ocr_line' id='line_1_51' title="bbox 1241 369 2220 411; baseline 0.002 -11"><span class='ocrx_word' id='word_1_322' title='bbox 1241 384 1253 395; x_wconf 66' lang='grc' dir='ltr'><em>υ</em></span> <span class='ocrx_word' id='word_1_323' title='bbox 1284 369 1382 407; x_wconf 85' lang='lat' dir='ltr'>cesis,</span> <span class='ocrx_word' id='word_1_324' title='bbox 1400 369 1430 399; x_wconf 92' lang='lat' dir='ltr'>in</span> <span class='ocrx_word' id='word_1_325' title='bbox 1449 378 1509 408; x_wconf 86' lang='lat' dir='ltr'>qua</span> <span class='ocrx_word' id='word_1_326' title='bbox 1531 378 1586 398; x_wconf 82' lang='grc'>105</span> <span class='ocrx_word' id='word_1_327' title='bbox 1605 369 1657 409; x_wconf 81' lang='lat' dir='ltr'>jus</span> <span class='ocrx_word' id='word_1_328' title='bbox 1679 369 1798 399; x_wconf 85' lang='lat' dir='ltr'>habere</span> <span class='ocrx_word' id='word_1_329' title='bbox 1818 370 1996 410; x_wconf 84' lang='lat' dir='ltr'>proponitis</span> <span class='ocrx_word' id='word_1_330' title='bbox 2017 373 2220 411; x_wconf 80' lang='lat' dir='ltr'>patronatus,</span> 
     </span>
     <span class='ocr_line' id='line_1_52' title="bbox 1239 424 2220 466; baseline 0.005 -13"><span class='ocrx_word' id='word_1_331' title='bbox 1239 438 1253 453; x_wconf 60' lang='grc' dir='ltr'>(ι</span> <span class='ocrx_word' id='word_1_332' title='bbox 1281 425 1371 456; x_wconf 74' lang='lat' dir='ltr'>vobis</span> <span class='ocrx_word' id='word_1_333' title='bbox 1401 424 1580 455; x_wconf 85' lang='lat' dir='ltr'>concedere</span> <span class='ocrx_word' id='word_1_334' title='bbox 1609 424 1647 455; x_wconf 85' lang='lat' dir='ltr'>de</span> <span class='ocrx_word' id='word_1_335' title='bbox 1670 424 1870 466; x_wconf 76' lang='lat' dir='ltr'>benignitate</span> <span class='ocrx_word' id='word_1_336' title='bbox 1890 426 1984 457; x_wconf 84' lang='lat' dir='ltr'>solita</span> <span class='ocrx_word' id='word_1_337' title='bbox 2019 437 2220 458; x_wconf 87' lang='lat' dir='ltr'>curaremus.</span> 
     </span>
     <span class='ocr_line' id='line_1_53' title="bbox 1239 480 2220 523; baseline 0.005 -14"><span class='ocrx_word' id='word_1_338' title='bbox 1239 495 1253 509; x_wconf 88' lang='lat'>«</span> <span class='ocrx_word' id='word_1_339' title='bbox 1282 482 1346 512; x_wconf 87' lang='lat' dir='ltr'>Nos</span> <span class='ocrx_word' id='word_1_340' title='bbox 1384 481 1496 522; x_wconf 72' lang='lat' dir='ltr'>igitur,</span> <span class='ocrx_word' id='word_1_341' title='bbox 1534 480 1713 511; x_wconf 80' lang='lat' dir='ltr'>devotionis</span> <span class='ocrx_word' id='word_1_342' title='bbox 1748 489 1857 512; x_wconf 76' lang='grc'><strong>105110</strong></span> <span class='ocrx_word' id='word_1_343' title='bbox 1888 482 2039 523; x_wconf 88' lang='lat' dir='ltr'>precibus</span> <span class='ocrx_word' id='word_1_344' title='bbox 2062 483 2220 518; x_wconf 69' lang='lat' dir='ltr'>inclinati,</span> 
     </span>
     <span class='ocr_line' id='line_1_54' title="bbox 1238 537 2221 579; baseline 0.005 -14"><span class='ocrx_word' id='word_1_345' title='bbox 1238 551 1251 565; x_wconf 79' lang='lat'>«</span> <span class='ocrx_word' id='word_1_346' title='bbox 1280 538 1438 578; x_wconf 82' lang='lat' dir='ltr'>prefatam</span> <span class='ocrx_word' id='word_1_347' title='bbox 1460 537 1728 571; x_wconf 51' lang='lat' dir='ltr'>ecclesiamoeum</span> <span class='ocrx_word' id='word_1_348' title='bbox 1750 538 1895 568; x_wconf 87' lang='lat' dir='ltr'>omnibus</span> <span class='ocrx_word' id='word_1_349' title='bbox 1914 539 2118 579; x_wconf 85' lang='lat' dir='ltr'>pertiuentiis</span> <span class='ocrx_word' id='word_1_350' title='bbox 2139 539 2221 577; x_wconf 86' lang='lat' dir='ltr'>suis,</span> 
     </span>
     <span class='ocr_line' id='line_1_55' title="bbox 1238 592 2221 636; baseline 0.005 -14"><span class='ocrx_word' id='word_1_351' title='bbox 1238 607 1252 621; x_wconf 83' lang='lat'>«</span> <span class='ocrx_word' id='word_1_352' title='bbox 1281 593 1502 634; x_wconf 80' lang='lat' dir='ltr'>applicandam</span> <span class='ocrx_word' id='word_1_353' title='bbox 1522 592 1629 623; x_wconf 80' lang='lat' dir='ltr'>usibus</span> <span class='ocrx_word' id='word_1_354' title='bbox 1651 594 1782 629; x_wconf 73' lang='lat' dir='ltr'>vestris,</span> <span class='ocrx_word' id='word_1_355' title='bbox 1807 595 2002 626; x_wconf 84' lang='lat' dir='ltr'>auctoritate</span> <span class='ocrx_word' id='word_1_356' title='bbox 2020 596 2221 636; x_wconf 85' lang='lat' dir='ltr'>presentium</span> 
     </span>
     <span class='ocr_line' id='line_1_56' title="bbox 1238 648 2222 691; baseline 0.003 -13"><span class='ocrx_word' id='word_1_357' title='bbox 1238 663 1251 678; x_wconf 88' lang='lat'>«</span> <span class='ocrx_word' id='word_1_358' title='bbox 1279 649 1318 680; x_wconf 88' lang='lat' dir='ltr'>de</span> <span class='ocrx_word' id='word_1_359' title='bbox 1337 650 1443 690; x_wconf 83' lang='lat' dir='ltr'>gratia</span> <span class='ocrx_word' id='word_1_360' title='bbox 1470 649 1560 679; x_wconf 74' lang='lat' dir='ltr'>vobis</span> <span class='ocrx_word' id='word_1_361' title='bbox 1589 648 1796 680; x_wconf 85' lang='lat' dir='ltr'>concedimus</span> <span class='ocrx_word' id='word_1_362' title='bbox 1824 651 1977 691; x_wconf 85' lang='lat' dir='ltr'>speciali:</span> <span class='ocrx_word' id='word_1_363' title='bbox 2003 652 2222 683; x_wconf 87' lang='lat' dir='ltr'>concedentes</span> 
     </span>
     <span class='ocr_line' id='line_1_57' title="bbox 1237 705 2223 749; baseline 0.005 -15"><span class='ocrx_word' id='word_1_364' title='bbox 1237 719 1251 734; x_wconf 89' lang='lat'>«</span> <span class='ocrx_word' id='word_1_365' title='bbox 1279 706 1516 744; x_wconf 79' lang='lat' dir='ltr'>nichilominus,</span> <span class='ocrx_word' id='word_1_366' title='bbox 1538 707 1571 736; x_wconf 93' lang='lat' dir='ltr'>ut</span> <span class='ocrx_word' id='word_1_367' title='bbox 1595 705 1734 736; x_wconf 89' lang='lat' dir='ltr'>cedente</span> <span class='ocrx_word' id='word_1_368' title='bbox 1755 706 1805 736; x_wconf 91' lang='grc'>101</span> <span class='ocrx_word' id='word_1_369' title='bbox 1827 706 2004 738; x_wconf 81' lang='lat' dir='ltr'>decedente</span> <span class='ocrx_word' id='word_1_370' title='bbox 2032 709 2129 749; x_wconf 86' lang='lat' dir='ltr'>ipsius</span> <span class='ocrx_word' id='word_1_371' title='bbox 2148 718 2223 739; x_wconf 90' lang='lat' dir='ltr'>rec-</span> 
     </span>
     <span class='ocr_line' id='line_1_58' title="bbox 1237 762 2219 804; baseline 0.004 -13"><span class='ocrx_word' id='word_1_372' title='bbox 1237 765 1358 799; x_wconf 82' lang='lat' dir='ltr'>«tore,</span> <span class='ocrx_word' id='word_1_373' title='bbox 1394 763 1637 803; x_wconf 84' lang='lat' dir='ltr'>possessionem</span> <span class='ocrx_word' id='word_1_374' title='bbox 1674 762 1830 804; x_wconf 87' lang='lat' dir='ltr'>ejusdem,</span> <span class='ocrx_word' id='word_1_375' title='bbox 1861 764 2054 795; x_wconf 75' lang='lat' dir='ltr'>auctoritate</span> <span class='ocrx_word' id='word_1_376' title='bbox 2094 766 2219 801; x_wconf 86' lang='lat' dir='ltr'>nostra,</span> 
     </span>
    </p>
   </div>
   <div class='ocr_carea' id='block_1_14' title="bbox 1238 832 1243 848">
    <p class='ocr_par' dir='ltr' id='par_1_15' title="bbox 1238 832 1243 848">
     <span class='ocr_line' id='line_1_59' title="bbox 1238 832 1243 848; baseline 0 0"><span class='ocrx_word' id='word_1_377' title='bbox 1238 832 1243 848; x_wconf 88' lang='lat'><strong>(</strong></span> 
     </span>
    </p>
   </div>
   <div class='ocr_carea' id='block_1_15' title="bbox 1274 818 2220 860">
    <p class='ocr_par' dir='ltr' id='par_1_16' title="bbox 1274 818 2220 860">
     <span class='ocr_line' id='line_1_60' title="bbox 1274 818 2220 860; baseline 0.002 -11"><span class='ocrx_word' id='word_1_378' title='bbox 1274 818 1375 849; x_wconf 88' lang='lat' dir='ltr'>libere</span> <span class='ocrx_word' id='word_1_379' title='bbox 1396 818 1536 860; x_wconf 75' lang='lat' dir='ltr'>ingredi,</span> <span class='ocrx_word' id='word_1_380' title='bbox 1560 819 1796 860; x_wconf 64' lang='lat' dir='ltr'>archiepisfflpi</span> <span class='ocrx_word' id='word_1_381' title='bbox 1818 820 1870 850; x_wconf 84' lang='lat' dir='ltr'>vel</span> <span class='ocrx_word' id='word_1_382' title='bbox 1887 819 2059 860; x_wconf 80' lang='lat' dir='ltr'>cujuslibet</span> <span class='ocrx_word' id='word_1_383' title='bbox 2084 821 2220 851; x_wconf 82' lang='lat' dir='ltr'>alterius</span> 
     </span>
    </p>
   </div>
   <div class='ocr_carea' id='block_1_16' title="bbox 1239 889 1244 903">
    <p class='ocr_par' dir='ltr' id='par_1_17' title="bbox 1239 889 1244 903">
     <span class='ocr_line' id='line_1_61' title="bbox 1239 889 1244 903; baseline 0 0"><span class='ocrx_word' id='word_1_384' title='bbox 1239 889 1244 903; x_wconf 89' lang='lat'><strong>(</strong></span> 
     </span>
    </p>
   </div>
   <div class='ocr_carea' id='block_1_17' title="bbox 1238 875 2225 1256">
    <p class='ocr_par' dir='ltr' id='par_1_18' title="bbox 1238 875 2225 1256">
     <span class='ocr_line' id='line_1_62' title="bbox 1281 875 2218 916; baseline 0.002 -11"><span class='ocrx_word' id='word_1_385' title='bbox 1281 885 1417 906; x_wconf 87' lang='lat' dir='ltr'>assensu</span> <span class='ocrx_word' id='word_1_386' title='bbox 1437 875 1566 905; x_wconf 89' lang='lat' dir='ltr'>minime</span> <span class='ocrx_word' id='word_1_387' title='bbox 1586 875 1756 915; x_wconf 86' lang='lat' dir='ltr'>requisito,</span> <span class='ocrx_word' id='word_1_388' title='bbox 1778 886 1812 906; x_wconf 84' lang='lat' dir='ltr'>ac</span> <span class='ocrx_word' id='word_1_389' title='bbox 1832 876 1862 905; x_wconf 94' lang='lat' dir='ltr'>in</span> <span class='ocrx_word' id='word_1_390' title='bbox 1884 886 1921 906; x_wconf 85' lang='lat' dir='ltr'>ea</span> <span class='ocrx_word' id='word_1_391' title='bbox 1941 886 1999 916; x_wconf 87' lang='lat' dir='ltr'>per</span> <span class='ocrx_word' id='word_1_392' title='bbox 2018 876 2218 916; x_wconf 81' lang='lat' dir='ltr'>presbiteros</span> 
     </span>
     <span class='ocr_line' id='line_1_63' title="bbox 1238 931 2218 972; baseline 0.004 -13"><span class='ocrx_word' id='word_1_393' title='bbox 1238 945 1252 960; x_wconf 86' lang='lat'>«</span> <span class='ocrx_word' id='word_1_394' title='bbox 1279 931 1417 962; x_wconf 75' lang='lat' dir='ltr'>valeatis</span> <span class='ocrx_word' id='word_1_395' title='bbox 1443 931 1587 972; x_wconf 73' lang='lat' dir='ltr'>ydoneos</span> <span class='ocrx_word' id='word_1_396' title='bbox 1616 931 1797 967; x_wconf 76' lang='lat' dir='ltr'>deservire,</span> <span class='ocrx_word' id='word_1_397' title='bbox 1834 932 1878 962; x_wconf 87' lang='lat' dir='ltr'>ita</span> <span class='ocrx_word' id='word_1_398' title='bbox 1919 932 2001 972; x_wconf 88' lang='lat' dir='ltr'>quod</span> <span class='ocrx_word' id='word_1_399' title='bbox 2040 932 2218 963; x_wconf 86' lang='lat' dir='ltr'>animarum</span> 
     </span>
     <span class='ocr_line' id='line_1_64' title="bbox 1238 987 2222 1029; baseline 0.001 -12"><span class='ocrx_word' id='word_1_400' title='bbox 1238 1002 1252 1017; x_wconf 67' lang='grc' dir='ltr'><strong>κ</strong></span> <span class='ocrx_word' id='word_1_401' title='bbox 1280 998 1356 1019; x_wconf 89' lang='lat' dir='ltr'>cura</span> <span class='ocrx_word' id='word_1_402' title='bbox 1374 987 1558 1018; x_wconf 83' lang='lat' dir='ltr'>nullatenus</span> <span class='ocrx_word' id='word_1_403' title='bbox 1578 988 1764 1029; x_wconf 77' lang='lat' dir='ltr'>negligatur</span> <span class='ocrx_word' id='word_1_404' title='bbox 1784 988 1814 1018; x_wconf 90' lang='lat' dir='ltr'>in</span> <span class='ocrx_word' id='word_1_405' title='bbox 1844 988 1923 1029; x_wconf 77' lang='lat' dir='ltr'>ipsa,</span> <span class='ocrx_word' id='word_1_406' title='bbox 1943 989 2017 1029; x_wconf 85' lang='lat' dir='ltr'>jure</span> <span class='ocrx_word' id='word_1_407' title='bbox 2045 989 2222 1019; x_wconf 87' lang='lat' dir='ltr'>nichilomi-</span> 
     </span>
     <span class='ocr_line' id='line_1_65' title="bbox 1239 1044 2223 1086; baseline 0 -11"><span class='ocrx_word' id='word_1_408' title='bbox 1239 1058 1253 1073; x_wconf 82' lang='lat'>«</span> <span class='ocrx_word' id='word_1_409' title='bbox 1281 1056 1341 1075; x_wconf 91' lang='lat' dir='ltr'>nus</span> <span class='ocrx_word' id='word_1_410' title='bbox 1362 1045 1527 1075; x_wconf 81' lang='lat' dir='ltr'>diocesani</span> <span class='ocrx_word' id='word_1_411' title='bbox 1544 1045 1574 1074; x_wconf 91' lang='lat' dir='ltr'>in</span> <span class='ocrx_word' id='word_1_412' title='bbox 1598 1044 1667 1075; x_wconf 79' lang='lat' dir='ltr'>aliis</span> <span class='ocrx_word' id='word_1_413' title='bbox 1686 1055 1745 1085; x_wconf 87' lang='lat' dir='ltr'>que</span> <span class='ocrx_word' id='word_1_414' title='bbox 1768 1044 1806 1075; x_wconf 88' lang='lat' dir='ltr'>ad</span> <span class='ocrx_word' id='word_1_415' title='bbox 1827 1045 1929 1086; x_wconf 88' lang='lat' dir='ltr'>ipsum</span> <span class='ocrx_word' id='word_1_416' title='bbox 1956 1045 2120 1086; x_wconf 89' lang='lat' dir='ltr'>pertinent</span> <span class='ocrx_word' id='word_1_417' title='bbox 2140 1055 2223 1076; x_wconf 87' lang='lat' dir='ltr'>sem-</span> 
     </span>
     <span class='ocr_line' id='line_1_66' title="bbox 1240 1101 2224 1142; baseline 0.003 -13"><span class='ocrx_word' id='word_1_418' title='bbox 1240 1114 1253 1129; x_wconf 81' lang='lat'>«</span> <span class='ocrx_word' id='word_1_419' title='bbox 1281 1112 1338 1142; x_wconf 85' lang='lat' dir='ltr'>per</span> <span class='ocrx_word' id='word_1_420' title='bbox 1354 1101 1455 1132; x_wconf 87' lang='lat' dir='ltr'>salvo.</span> <span class='ocrx_word' id='word_1_421' title='bbox 1484 1102 1551 1132; x_wconf 76' lang='lat' dir='ltr'>Non</span> <span class='ocrx_word' id='word_1_422' title='bbox 1578 1101 1783 1131; x_wconf 84' lang='lat' dir='ltr'>obstantibus</span> <span class='ocrx_word' id='word_1_423' title='bbox 1803 1101 1960 1141; x_wconf 86' lang='lat' dir='ltr'>aliquibus</span> <span class='ocrx_word' id='word_1_424' title='bbox 1985 1101 2104 1132; x_wconf 89' lang='lat' dir='ltr'>litteris</span> <span class='ocrx_word' id='word_1_425' title='bbox 2125 1112 2224 1142; x_wconf 82' lang='lat' dir='ltr'>quau—</span> 
     </span>
     <span class='ocr_line' id='line_1_67' title="bbox 1239 1157 2225 1199; baseline -0.001 -10"><span class='ocrx_word' id='word_1_426' title='bbox 1239 1172 1253 1186; x_wconf 78' lang='lat'><em>«</em></span> <span class='ocrx_word' id='word_1_427' title='bbox 1281 1160 1486 1199; x_wconf 78' lang='lat' dir='ltr'>tumcumque</span> <span class='ocrx_word' id='word_1_428' title='bbox 1504 1157 1713 1199; x_wconf 77' lang='lat' dir='ltr'>specialibus,</span> <span class='ocrx_word' id='word_1_429' title='bbox 1730 1158 1820 1189; x_wconf 78' lang='grc'><strong>101115</strong></span> <span class='ocrx_word' id='word_1_430' title='bbox 1836 1157 1887 1189; x_wconf 79' lang='lat' dir='ltr'>vel</span> <span class='ocrx_word' id='word_1_431' title='bbox 1899 1158 1969 1188; x_wconf 89' lang='lat' dir='ltr'>aliis</span> <span class='ocrx_word' id='word_1_432' title='bbox 1984 1158 2022 1188; x_wconf 86' lang='lat' dir='ltr'>ab</span> <span class='ocrx_word' id='word_1_433' title='bbox 2034 1157 2225 1199; x_wconf 78' lang='lat' dir='ltr'>Apostolica</span> 
     </span>
     <span class='ocr_line' id='line_1_68' title="bbox 1239 1214 2225 1256; baseline -0.002 -10"><span class='ocrx_word' id='word_1_434' title='bbox 1239 1228 1253 1241; x_wconf 67' lang='lat' dir='ltr'>a</span> <span class='ocrx_word' id='word_1_435' title='bbox 1282 1214 1364 1246; x_wconf 86' lang='lat' dir='ltr'>Sede</span> <span class='ocrx_word' id='word_1_436' title='bbox 1398 1225 1454 1256; x_wconf 81' lang='lat' dir='ltr'>pro</span> <span class='ocrx_word' id='word_1_437' title='bbox 1488 1214 1739 1255; x_wconf 71' lang='lat' dir='ltr'>quibuscumque</span> <span class='ocrx_word' id='word_1_438' title='bbox 1771 1214 1917 1255; x_wconf 86' lang='lat' dir='ltr'>personis</span> <span class='ocrx_word' id='word_1_439' title='bbox 1951 1214 2098 1251; x_wconf 78' lang='lat' dir='ltr'>directiS,</span> <span class='ocrx_word' id='word_1_440' title='bbox 2128 1224 2225 1255; x_wconf 86' lang='lat' dir='ltr'>super</span> 
     </span>
    </p>
   </div>
   <div class='ocr_carea' id='block_1_18' title="bbox 1238 1285 1244 1299">
    <p class='ocr_par' dir='ltr' id='par_1_19' title="bbox 1238 1285 1244 1299">
     <span class='ocr_line' id='line_1_69' title="bbox 1238 1285 1244 1299; baseline 0 0"><span class='ocrx_word' id='word_1_441' title='bbox 1238 1285 1244 1299; x_wconf 75' lang='lat'>&lt;</span> 
     </span>
    </p>
   </div>
   <div class='ocr_carea' id='block_1_19' title="bbox 1236 1271 2226 1982">
    <p class='ocr_par' dir='ltr' id='par_1_20' title="bbox 1239 1271 2225 1708">
     <span class='ocr_line' id='line_1_70' title="bbox 1276 1271 2225 1313; baseline 0 -12"><span class='ocrx_word' id='word_1_442' title='bbox 1276 1272 1459 1313; x_wconf 86' lang='lat' dir='ltr'>provisione</span> <span class='ocrx_word' id='word_1_443' title='bbox 1477 1281 1586 1302; x_wconf 89' lang='lat' dir='ltr'>earum</span> <span class='ocrx_word' id='word_1_444' title='bbox 1606 1271 1646 1302; x_wconf 91' lang='lat' dir='ltr'>de</span> <span class='ocrx_word' id='word_1_445' title='bbox 1679 1271 1827 1302; x_wconf 76' lang='lat' dir='ltr'>ecclesiis</span> <span class='ocrx_word' id='word_1_446' title='bbox 1854 1271 1892 1301; x_wconf 86' lang='lat' dir='ltr'>ad</span> <span class='ocrx_word' id='word_1_447' title='bbox 1913 1274 2056 1301; x_wconf 82' lang='lat' dir='ltr'>vestram</span> <span class='ocrx_word' id='word_1_448' title='bbox 2078 1271 2225 1302; x_wconf 88' lang='lat' dir='ltr'>collatio-</span> 
     </span>
     <span class='ocr_line' id='line_1_71' title="bbox 1239 1327 2224 1369; baseline 0 -11"><span class='ocrx_word' id='word_1_449' title='bbox 1239 1341 1253 1355; x_wconf 83' lang='lat'>«</span> <span class='ocrx_word' id='word_1_450' title='bbox 1281 1338 1353 1358; x_wconf 87' lang='lat' dir='ltr'>nem</span> <span class='ocrx_word' id='word_1_451' title='bbox 1382 1328 1433 1358; x_wconf 85' lang='lat' dir='ltr'>vel</span> <span class='ocrx_word' id='word_1_452' title='bbox 1455 1328 1731 1369; x_wconf 82' lang='lat' dir='ltr'>presentationem</span> <span class='ocrx_word' id='word_1_453' title='bbox 1757 1327 1993 1369; x_wconf 74' lang='lat' dir='ltr'>spectantibus,</span> <span class='ocrx_word' id='word_1_454' title='bbox 2025 1338 2080 1358; x_wconf 89' lang='lat' dir='ltr'>seu</span> <span class='ocrx_word' id='word_1_455' title='bbox 2106 1327 2224 1358; x_wconf 81' lang='lat' dir='ltr'>inhibi—</span> 
     </span>
     <span class='ocr_line' id='line_1_72' title="bbox 1239 1383 2219 1425; baseline -0.001 -10"><span class='ocrx_word' id='word_1_456' title='bbox 1239 1397 1253 1411; x_wconf 91' lang='lat'>«</span> <span class='ocrx_word' id='word_1_457' title='bbox 1282 1384 1421 1415; x_wconf 84' lang='lat' dir='ltr'>tionibus</span> <span class='ocrx_word' id='word_1_458' title='bbox 1443 1384 1537 1414; x_wconf 79' lang='lat' dir='ltr'>factis</span> <span class='ocrx_word' id='word_1_459' title='bbox 1558 1394 1614 1425; x_wconf 93' lang='lat' dir='ltr'>per</span> <span class='ocrx_word' id='word_1_460' title='bbox 1636 1394 1704 1419; x_wconf 78' lang='lat' dir='ltr'>eas,</span> <span class='ocrx_word' id='word_1_461' title='bbox 1726 1384 1778 1414; x_wconf 83' lang='grc'>101</span> <span class='ocrx_word' id='word_1_462' title='bbox 1799 1384 1902 1424; x_wconf 79' lang='lat' dir='ltr'>aliqua</span> <span class='ocrx_word' id='word_1_463' title='bbox 1932 1383 1995 1414; x_wconf 82' lang='lat' dir='ltr'>alia</span> <span class='ocrx_word' id='word_1_464' title='bbox 2015 1383 2219 1425; x_wconf 76' lang='lat' dir='ltr'>indulgentia</span> 
     </span>
     <span class='ocr_line' id='line_1_73' title="bbox 1239 1439 2225 1481; baseline -0.001 -10"><span class='ocrx_word' id='word_1_465' title='bbox 1239 1453 1253 1467; x_wconf 83' lang='lat'>«</span> <span class='ocrx_word' id='word_1_466' title='bbox 1282 1451 1339 1471; x_wconf 87' lang='grc'><strong>5011</strong></span> <span class='ocrx_word' id='word_1_467' title='bbox 1376 1441 1546 1481; x_wconf 63' lang='lat' dir='ltr'>privilegio</span> <span class='ocrx_word' id='word_1_468' title='bbox 1578 1440 1680 1471; x_wconf 84' lang='lat' dir='ltr'>eidem</span> <span class='ocrx_word' id='word_1_469' title='bbox 1719 1440 1964 1481; x_wconf 80' lang='lat' dir='ltr'>archiepiscopo</span> <span class='ocrx_word' id='word_1_470' title='bbox 2002 1440 2053 1471; x_wconf 82' lang='lat' dir='ltr'>vel</span> <span class='ocrx_word' id='word_1_471' title='bbox 2090 1439 2225 1480; x_wconf 85' lang='lat' dir='ltr'>quibus—</span> 
     </span>
     <span class='ocr_line' id='line_1_74' title="bbox 1239 1495 2225 1538; baseline -0.001 -11"><span class='ocrx_word' id='word_1_472' title='bbox 1239 1510 1251 1524; x_wconf 90' lang='lat'>‹·</span> <span class='ocrx_word' id='word_1_473' title='bbox 1281 1507 1416 1537; x_wconf 78' lang='lat' dir='ltr'>cumque</span> <span class='ocrx_word' id='word_1_474' title='bbox 1437 1498 1615 1536; x_wconf 58' lang='lat' dir='ltr'>concessis,</span> <span class='ocrx_word' id='word_1_475' title='bbox 1632 1507 1690 1538; x_wconf 81' lang='lat' dir='ltr'>per</span> <span class='ocrx_word' id='word_1_476' title='bbox 1710 1507 1769 1537; x_wconf 89' lang='lat' dir='ltr'>que</span> <span class='ocrx_word' id='word_1_477' title='bbox 1790 1495 1928 1528; x_wconf 83' lang='lat' dir='ltr'>effectus</span> <span class='ocrx_word' id='word_1_478' title='bbox 1946 1497 2146 1538; x_wconf 87' lang='lat' dir='ltr'>presentium</span> <span class='ocrx_word' id='word_1_479' title='bbox 2164 1497 2225 1526; x_wconf 94' lang='lat' dir='ltr'>im-</span> 
     </span>
     <span class='ocr_line' id='line_1_75' title="bbox 1239 1552 2224 1595; baseline -0.001 -11"><span class='ocrx_word' id='word_1_480' title='bbox 1239 1567 1252 1581; x_wconf 83' lang='lat'>«</span> <span class='ocrx_word' id='word_1_481' title='bbox 1280 1554 1382 1595; x_wconf 87' lang='lat' dir='ltr'>pediri</span> <span class='ocrx_word' id='word_1_482' title='bbox 1399 1554 1505 1584; x_wconf 76' lang='lat' dir='ltr'>valeat</span> <span class='ocrx_word' id='word_1_483' title='bbox 1524 1554 1577 1584; x_wconf 87' lang='grc'>101</span> <span class='ocrx_word' id='word_1_484' title='bbox 1597 1552 1732 1584; x_wconf 85' lang='lat' dir='ltr'>differri.</span> <span class='ocrx_word' id='word_1_485' title='bbox 1757 1553 1842 1584; x_wconf 82' lang='lat' dir='ltr'>Nulli</span> <span class='ocrx_word' id='word_1_486' title='bbox 1867 1555 1930 1584; x_wconf 88' lang='lat' dir='ltr'>etc.</span> <span class='ocrx_word' id='word_1_487' title='bbox 1954 1555 2065 1583; x_wconf 82' lang='lat' dir='ltr'>nostre</span> <span class='ocrx_word' id='word_1_488' title='bbox 2092 1562 2224 1583; x_wconf 87' lang='lat' dir='ltr'>conces-</span> 
     </span>
     <span class='ocr_line' id='line_1_76' title="bbox 1239 1609 2224 1651; baseline 0.001 -13"><span class='ocrx_word' id='word_1_489' title='bbox 1239 1624 1253 1638; x_wconf 87' lang='lat'>«</span> <span class='ocrx_word' id='word_1_490' title='bbox 1282 1610 1381 1641; x_wconf 85' lang='lat' dir='ltr'>sionis</span> <span class='ocrx_word' id='word_1_491' title='bbox 1406 1614 1470 1641; x_wconf 87' lang='lat' dir='ltr'>etc.</span> <span class='ocrx_word' id='word_1_492' title='bbox 1503 1610 1578 1641; x_wconf 75' lang='lat' dir='ltr'>Dat.</span> <span class='ocrx_word' id='word_1_493' title='bbox 1611 1610 1758 1651; x_wconf 72' lang='lat' dir='ltr'>Neapoli,</span> <span class='ocrx_word' id='word_1_494' title='bbox 1790 1610 1818 1640; x_wconf 84' lang='lat' dir='ltr'>X</span> <span class='ocrx_word' id='word_1_495' title='bbox 1843 1609 1999 1640; x_wconf 86' lang='lat' dir='ltr'>kalendas</span> <span class='ocrx_word' id='word_1_496' title='bbox 2026 1609 2111 1646; x_wconf 84' lang='lat' dir='ltr'>maii,</span> <span class='ocrx_word' id='word_1_497' title='bbox 2140 1618 2224 1639; x_wconf 89' lang='lat' dir='ltr'>anno</span> 
     </span>
     <span class='ocr_line' id='line_1_77' title="bbox 1240 1667 1433 1708; baseline 0.01 -13"><span class='ocrx_word' id='word_1_498' title='bbox 1240 1680 1254 1695; x_wconf 86' lang='lat'>«</span> <span class='ocrx_word' id='word_1_499' title='bbox 1281 1667 1396 1708; x_wconf 86' lang='lat' dir='ltr'>primo.</span> <span class='ocrx_word' id='word_1_500' title='bbox 1419 1680 1433 1694; x_wconf 92' lang='lat'>»</span> 
     </span>
    </p>

    <p class='ocr_par' dir='ltr' id='par_1_21' title="bbox 1236 1722 2226 1982">
     <span class='ocr_line' id='line_1_78' title="bbox 1239 1722 2226 1764; baseline -0.001 -12"><span class='ocrx_word' id='word_1_501' title='bbox 1239 1738 1253 1752; x_wconf 85' lang='lat'>«</span> <span class='ocrx_word' id='word_1_502' title='bbox 1277 1734 1334 1755; x_wconf 89' lang='lat' dir='ltr'>nos</span> <span class='ocrx_word' id='word_1_503' title='bbox 1362 1724 1490 1755; x_wconf 79' lang='lat' dir='ltr'>litteras</span> <span class='ocrx_word' id='word_1_504' title='bbox 1518 1724 1606 1764; x_wconf 69' lang='lat' dir='ltr'>ipsas</span> <span class='ocrx_word' id='word_1_505' title='bbox 1640 1722 1843 1764; x_wconf 80' lang='lat' dir='ltr'>postmodum</span> <span class='ocrx_word' id='word_1_506' title='bbox 1863 1722 1953 1753; x_wconf 86' lang='lat' dir='ltr'>nobis</span> <span class='ocrx_word' id='word_1_507' title='bbox 1979 1722 2151 1753; x_wconf 77' lang='lat' dir='ltr'>exhibitas</span> <span class='ocrx_word' id='word_1_508' title='bbox 2167 1732 2226 1762; x_wconf 88' lang='lat' dir='ltr'>ap-</span> 
     </span>
     <span class='ocr_line' id='line_1_79' title="bbox 1237 1777 2217 1822; baseline -0.002 -11"><span class='ocrx_word' id='word_1_509' title='bbox 1237 1780 1423 1822; x_wconf 84' lang='lat' dir='ltr'>probantes,</span> <span class='ocrx_word' id='word_1_510' title='bbox 1446 1782 1560 1811; x_wconf 65' lang='lat' dir='ltr'>tenore</span> <span class='ocrx_word' id='word_1_511' title='bbox 1584 1780 1782 1821; x_wconf 81' lang='lat' dir='ltr'>presentium</span> <span class='ocrx_word' id='word_1_512' title='bbox 1797 1779 2013 1817; x_wconf 84' lang='lat' dir='ltr'>declaramus,</span> <span class='ocrx_word' id='word_1_513' title='bbox 2029 1778 2111 1819; x_wconf 89' lang='lat' dir='ltr'>quod</span> <span class='ocrx_word' id='word_1_514' title='bbox 2131 1777 2217 1809; x_wconf 87' lang='lat' dir='ltr'>dicte</span> 
     </span>
     <span class='ocr_line' id='line_1_80' title="bbox 1236 1835 2223 1869; baseline -0.003 -1"><span class='ocrx_word' id='word_1_515' title='bbox 1236 1837 1346 1868; x_wconf 88' lang='lat' dir='ltr'>littere</span> <span class='ocrx_word' id='word_1_516' title='bbox 1365 1836 1404 1869; x_wconf 89' lang='lat' dir='ltr'>de</span> <span class='ocrx_word' id='word_1_517' title='bbox 1419 1837 1614 1868; x_wconf 82' lang='lat' dir='ltr'>cancellaria</span> <span class='ocrx_word' id='word_1_518' title='bbox 1632 1838 1743 1867; x_wconf 83' lang='lat' dir='ltr'>nostra</span> <span class='ocrx_word' id='word_1_519' title='bbox 1763 1838 1795 1867; x_wconf 86' lang='lat' dir='ltr'>et</span> <span class='ocrx_word' id='word_1_520' title='bbox 1811 1835 1850 1867; x_wconf 89' lang='lat' dir='ltr'>de</span> <span class='ocrx_word' id='word_1_521' title='bbox 1871 1838 1963 1867; x_wconf 85' lang='lat' dir='ltr'>certa</span> <span class='ocrx_word' id='word_1_522' title='bbox 1984 1836 2094 1866; x_wconf 85' lang='lat' dir='ltr'>nostra</span> <span class='ocrx_word' id='word_1_523' title='bbox 2114 1835 2223 1866; x_wconf 87' lang='lat' dir='ltr'>scien-</span> 
     </span>
     <span class='ocr_line' id='line_1_81' title="bbox 1237 1891 2218 1934; baseline -0.004 -9"><span class='ocrx_word' id='word_1_524' title='bbox 1237 1894 1281 1926; x_wconf 86' lang='lat' dir='ltr'>tia</span> <span class='ocrx_word' id='word_1_525' title='bbox 1297 1898 1501 1925; x_wconf 86' lang='lat' dir='ltr'>emanarunt.</span> <span class='ocrx_word' id='word_1_526' title='bbox 1523 1894 1594 1924; x_wconf 64' lang='grc'><strong>1131.</strong></span> <span class='ocrx_word' id='word_1_527' title='bbox 1611 1893 1771 1934; x_wconf 78' lang='lat' dir='ltr'>Anagnie,</span> <span class='ocrx_word' id='word_1_528' title='bbox 1795 1893 1823 1922; x_wconf 91' lang='grc' dir='ltr'>ΙΙ</span> <span class='ocrx_word' id='word_1_529' title='bbox 1843 1891 1913 1923; x_wconf 88' lang='lat' dir='ltr'>idus</span> <span class='ocrx_word' id='word_1_530' title='bbox 1929 1891 2218 1930; x_wconf 79' lang='grc'><strong>11010111111·15,311110</strong></span> 
     </span>
     <span class='ocr_line' id='line_1_82' title="bbox 1237 1951 1430 1982; baseline -0.016 0"><span class='ocrx_word' id='word_1_531' title='bbox 1237 1951 1391 1982; x_wconf 76' lang='lat' dir='ltr'>secundo.</span> <span class='ocrx_word' id='word_1_532' title='bbox 1416 1964 1430 1976; x_wconf 82' lang='lat'>»</span> 
     </span>
    </p>
   </div>
   <div class='ocr_carea' id='block_1_20' title="bbox 1311 2096 2150 2130">
    <p class='ocr_par' dir='ltr' id='par_1_22' title="bbox 1311 2096 2150 2130">
     <span class='ocr_line' id='line_1_83' title="bbox 1311 2096 2150 2130; baseline -0.006 -4"><span class='ocrx_word' id='word_1_533' title='bbox 1311 2100 1407 2126; x_wconf 76' lang='lat'><strong>1596</strong></span> <span class='ocrx_word' id='word_1_534' title='bbox 1781 2098 1896 2129; x_wconf 85' lang='lat' dir='ltr'>Latran,</span> <span class='ocrx_word' id='word_1_535' title='bbox 1911 2098 1925 2123; x_wconf 88' lang='grc'>8</span> <span class='ocrx_word' id='word_1_536' title='bbox 1937 2096 2054 2130; x_wconf 88' lang='lat' dir='ltr'>janvier</span> <span class='ocrx_word' id='word_1_537' title='bbox 2072 2097 2150 2122; x_wconf 75' lang='lat'>1257.</span> 
     </span>
    </p>
   </div>
   <div class='ocr_carea' id='block_1_21' title="bbox 1234 2186 2220 2364">
    <p class='ocr_par' dir='ltr' id='par_1_23' title="bbox 1234 2186 2220 2364">
     <span class='ocr_line' id='line_1_84' title="bbox 1269 2186 2219 2220; baseline -0.004 -5"><span class='ocrx_word' id='word_1_538' title='bbox 1269 2191 1340 2216; x_wconf 81' lang='lat' dir='ltr'>Cum</span> <span class='ocrx_word' id='word_1_539' title='bbox 1359 2188 1504 2215; x_wconf 64' lang='lat' dir='ltr'>[tannerio</span> <span class='ocrx_word' id='word_1_540' title='bbox 1528 2188 1669 2214; x_wconf 83' lang='lat' dir='ltr'>canonico</span> <span class='ocrx_word' id='word_1_541' title='bbox 1690 2186 1859 2213; x_wconf 86' lang='lat' dir='ltr'>Florentino</span> <span class='ocrx_word' id='word_1_542' title='bbox 1876 2186 2036 2220; x_wconf 82' lang='lat' dir='ltr'>dispensat,</span> <span class='ocrx_word' id='word_1_543' title='bbox 2054 2188 2086 2212; x_wconf 88' lang='lat' dir='ltr'>ut</span> <span class='ocrx_word' id='word_1_544' title='bbox 2102 2188 2219 2219; x_wconf 79' lang='lat' dir='ltr'>praeter</span> 
     </span>
     <span class='ocr_line' id='line_1_85' title="bbox 1234 2233 2220 2269; baseline -0.005 -6"><span class='ocrx_word' id='word_1_545' title='bbox 1234 2236 1377 2263; x_wconf 85' lang='lat' dir='ltr'>beneficia</span> <span class='ocrx_word' id='word_1_546' title='bbox 1398 2236 1606 2267; x_wconf 83' lang='lat' dir='ltr'>ecclesiastica,</span> <span class='ocrx_word' id='word_1_547' title='bbox 1624 2243 1698 2269; x_wconf 87' lang='lat' dir='ltr'>quae</span> <span class='ocrx_word' id='word_1_548' title='bbox 1714 2243 1744 2261; x_wconf 88' lang='lat' dir='ltr'>se</span> <span class='ocrx_word' id='word_1_549' title='bbox 1761 2235 1903 2260; x_wconf 87' lang='lat' dir='ltr'>canonice</span> <span class='ocrx_word' id='word_1_550' title='bbox 1920 2233 2057 2268; x_wconf 90' lang='lat' dir='ltr'>proponit</span> <span class='ocrx_word' id='word_1_551' title='bbox 2071 2233 2220 2267; x_wconf 80' lang='lat' dir='ltr'>adeptum,</span> 
     </span>
     <span class='ocr_line' id='line_1_86' title="bbox 1235 2280 2218 2315; baseline -0.005 -4"><span class='ocrx_word' id='word_1_552' title='bbox 1235 2284 1355 2311; x_wconf 87' lang='lat' dir='ltr'>unicum</span> <span class='ocrx_word' id='word_1_553' title='bbox 1380 2283 1458 2310; x_wconf 85' lang='lat' dir='ltr'>aliud</span> <span class='ocrx_word' id='word_1_554' title='bbox 1484 2283 1673 2315; x_wconf 83' lang='lat' dir='ltr'>beneficium,</span> <span class='ocrx_word' id='word_1_555' title='bbox 1695 2282 1783 2308; x_wconf 88' lang='lat' dir='ltr'>etiam</span> <span class='ocrx_word' id='word_1_556' title='bbox 1796 2289 1896 2308; x_wconf 86' lang='lat' dir='ltr'>curam</span> <span class='ocrx_word' id='word_1_557' title='bbox 1917 2282 2083 2307; x_wconf 87' lang='lat' dir='ltr'>animarum</span> <span class='ocrx_word' id='word_1_558' title='bbox 2108 2280 2218 2307; x_wconf 86' lang='lat' dir='ltr'>habens</span> 
     </span>
     <span class='ocr_line' id='line_1_87' title="bbox 1234 2327 2217 2364; baseline -0.004 -6"><span class='ocrx_word' id='word_1_559' title='bbox 1234 2340 1392 2361; x_wconf 70' lang='lat' dir='ltr'>annexam,</span> <span class='ocrx_word' id='word_1_560' title='bbox 1408 2331 1484 2357; x_wconf 81' lang='lat' dir='ltr'>licite</span> <span class='ocrx_word' id='word_1_561' title='bbox 1499 2330 1630 2364; x_wconf 89' lang='lat' dir='ltr'>recipere</span> <span class='ocrx_word' id='word_1_562' title='bbox 1644 2329 1746 2356; x_wconf 84' lang='lat' dir='ltr'>valeat.</span> <span class='ocrx_word' id='word_1_563' title='bbox 1764 2330 1843 2363; x_wconf 69' lang='lat' dir='ltr'>(jum.</span> <span class='ocrx_word' id='word_1_564' title='bbox 1859 2331 1902 2361; x_wconf 70' lang='lat'>25,</span> <span class='ocrx_word' id='word_1_565' title='bbox 1919 2337 1945 2355; x_wconf 88' lang='lat' dir='ltr'>a.</span> <span class='ocrx_word' id='word_1_566' title='bbox 1964 2329 2010 2361; x_wconf 81' lang='grc' dir='ltr'>ΙΙΙ,</span> <span class='ocrx_word' id='word_1_567' title='bbox 2030 2337 2053 2355; x_wconf 88' lang='lat' dir='ltr'>c.</span> <span class='ocrx_word' id='word_1_568' title='bbox 2071 2330 2115 2360; x_wconf 68' lang='lat'>24,</span> <span class='ocrx_word' id='word_1_569' title='bbox 2130 2328 2150 2354; x_wconf 81' lang='lat' dir='ltr'>f.</span> <span class='ocrx_word' id='word_1_570' title='bbox 2165 2327 2217 2361; x_wconf 56' lang='lat'><em>3¹¹.)</em></span> 
     </span>
    </p>
   </div>
   <div class='ocr_carea' id='block_1_22' title="bbox 1234 2437 2219 2586">
    <p class='ocr_par' dir='ltr' id='par_1_24' title="bbox 1234 2437 2219 2586">
     <span class='ocr_line' id='line_1_88' title="bbox 1279 2437 2219 2472; baseline -0.004 0"><span class='ocrx_word' id='word_1_571' title='bbox 1279 2454 1294 2469; x_wconf 84' lang='lat'>«</span> <span class='ocrx_word' id='word_1_572' title='bbox 1320 2440 1491 2472; x_wconf 72' lang='lat' dir='ltr'>Ranm‘rz&#39;o</span> <span class='ocrx_word' id='word_1_573' title='bbox 1506 2439 1667 2472; x_wconf 71' lang='lat' dir='ltr'>canonico</span> <span class='ocrx_word' id='word_1_574' title='bbox 1679 2438 1886 2471; x_wconf 67' lang='lat' dir='ltr'>Florentius).</span> <span class='ocrx_word' id='word_1_575' title='bbox 1907 2440 1971 2470; x_wconf 87' lang='lat' dir='ltr'>Per</span> <span class='ocrx_word' id='word_1_576' title='bbox 1987 2438 2091 2469; x_wconf 86' lang='lat' dir='ltr'>studia</span> <span class='ocrx_word' id='word_1_577' title='bbox 2105 2437 2219 2469; x_wconf 87' lang='lat' dir='ltr'>lauda-</span> 
     </span>
     <span class='ocr_line' id='line_1_89' title="bbox 1234 2495 2218 2536; baseline -0.004 -8"><span class='ocrx_word' id='word_1_578' title='bbox 1234 2498 1305 2529; x_wconf 90' lang='lat' dir='ltr'>bilis</span> <span class='ocrx_word' id='word_1_579' title='bbox 1340 2517 1394 2528; x_wconf 94' lang='lat'>—.</span> <span class='ocrx_word' id='word_1_580' title='bbox 1436 2498 1507 2528; x_wconf 78' lang='lat' dir='ltr'>Dat.</span> <span class='ocrx_word' id='word_1_581' title='bbox 1556 2497 1720 2535; x_wconf 87' lang='lat' dir='ltr'>Laterani,</span> <span class='ocrx_word' id='word_1_582' title='bbox 1753 2497 1800 2528; x_wconf 90' lang='lat' dir='ltr'>VI</span> <span class='ocrx_word' id='word_1_583' title='bbox 1837 2495 1906 2527; x_wconf 84' lang='lat' dir='ltr'>idus</span> <span class='ocrx_word' id='word_1_584' title='bbox 1948 2495 2101 2536; x_wconf 81' lang='lat' dir='ltr'>januarii,</span> <span class='ocrx_word' id='word_1_585' title='bbox 2137 2504 2218 2525; x_wconf 89' lang='lat' dir='ltr'>anno</span> 
     </span>
     <span class='ocr_line' id='line_1_90' title="bbox 1234 2555 1383 2586; baseline -0.027 0"><span class='ocrx_word' id='word_1_586' title='bbox 1234 2555 1344 2586; x_wconf 56' lang='lat' dir='ltr'>tertio.</span> <span class='ocrx_word' id='word_1_587' title='bbox 1371 2569 1383 2582; x_wconf 83' lang='grc'>11</span> 
     </span>
    </p>
   </div>
   <div class='ocr_carea' id='block_1_23' title="bbox 1304 2692 2148 2726">
    <p class='ocr_par' dir='ltr' id='par_1_25' title="bbox 1304 2692 2148 2726">
     <span class='ocr_line' id='line_1_91' title="bbox 1304 2692 2148 2726; baseline -0.002 -6"><span class='ocrx_word' id='word_1_588' title='bbox 1304 2694 1403 2721; x_wconf 57' lang='lat'>159?</span> <span class='ocrx_word' id='word_1_589' title='bbox 1778 2693 1892 2725; x_wconf 81' lang='lat' dir='ltr'>Latran,</span> <span class='ocrx_word' id='word_1_590' title='bbox 1907 2694 1921 2718; x_wconf 92' lang='lat'>8</span> <span class='ocrx_word' id='word_1_591' title='bbox 1939 2692 2054 2726; x_wconf 87' lang='lat' dir='ltr'>janvier</span> <span class='ocrx_word' id='word_1_592' title='bbox 2072 2693 2148 2718; x_wconf 76' lang='lat'><strong>1257.</strong></span> 
     </span>
    </p>
   </div>
   <div class='ocr_carea' id='block_1_24' title="bbox 1232 2780 2218 2863">
    <p class='ocr_par' dir='ltr' id='par_1_26' title="bbox 1232 2780 2218 2863">
     <span class='ocr_line' id='line_1_92' title="bbox 1269 2780 2217 2817; baseline -0.001 -10"><span class='ocrx_word' id='word_1_593' title='bbox 1269 2784 1413 2810; x_wconf 67' lang='lat' dir='ltr'>statutum</span> <span class='ocrx_word' id='word_1_594' title='bbox 1435 2783 1581 2817; x_wconf 85' lang='lat' dir='ltr'>quoddam</span> <span class='ocrx_word' id='word_1_595' title='bbox 1610 2782 1713 2808; x_wconf 85' lang='lat' dir='ltr'>decani</span> <span class='ocrx_word' id='word_1_596' title='bbox 1743 2784 1771 2807; x_wconf 84' lang='lat' dir='ltr'>et</span> <span class='ocrx_word' id='word_1_597' title='bbox 1797 2781 1914 2815; x_wconf 87' lang='lat' dir='ltr'>capituli</span> <span class='ocrx_word' id='word_1_598' title='bbox 1937 2780 2217 2807; x_wconf 80' lang='lat' dir='ltr'>Catlialaunensium</span> 
     </span>
     <span class='ocr_line' id='line_1_93' title="bbox 1232 2827 2218 2863; baseline -0.004 -6"><span class='ocrx_word' id='word_1_599' title='bbox 1232 2831 1266 2857; x_wconf 89' lang='lat' dir='ltr'>de</span> <span class='ocrx_word' id='word_1_600' title='bbox 1281 2830 1377 2857; x_wconf 82' lang='lat' dir='ltr'>studio</span> <span class='ocrx_word' id='word_1_601' title='bbox 1392 2830 1602 2857; x_wconf 82' lang='lat' dir='ltr'>canonicorum</span> <span class='ocrx_word' id='word_1_602' title='bbox 1618 2829 1782 2855; x_wconf 82' lang='lat' dir='ltr'>confirmat.</span> <span class='ocrx_word' id='word_1_603' title='bbox 1798 2829 1876 2863; x_wconf 62' lang='lat' dir='ltr'>(lito.</span> <span class='ocrx_word' id='word_1_604' title='bbox 1891 2831 1934 2861; x_wconf 77' lang='lat'>25,</span> <span class='ocrx_word' id='word_1_605' title='bbox 1945 2837 1970 2855; x_wconf 84' lang='lat' dir='ltr'>a.</span> <span class='ocrx_word' id='word_1_606' title='bbox 1988 2829 2032 2861; x_wconf 83' lang='lat'>111,</span> <span class='ocrx_word' id='word_1_607' title='bbox 2044 2836 2067 2855; x_wconf 89' lang='lat' dir='ltr'>c.</span> <span class='ocrx_word' id='word_1_608' title='bbox 2081 2829 2124 2856; x_wconf 74' lang='lat'>25,</span> <span class='ocrx_word' id='word_1_609' title='bbox 2135 2827 2154 2853; x_wconf 86' lang='lat' dir='ltr'>s.</span> <span class='ocrx_word' id='word_1_610' title='bbox 2166 2828 2218 2861; x_wconf 66' lang='lat' dir='ltr'>SV.)</span> 
     </span>
    </p>
   </div>
   <div class='ocr_carea' id='block_1_25' title="bbox 1232 2915 2216 3017">
    <p class='ocr_par' dir='ltr' id='par_1_27' title="bbox 1232 2915 2216 3017">
     <span class='ocr_line' id='line_1_94' title="bbox 1277 2915 2216 2960; baseline -0.002 -13"><span class='ocrx_word' id='word_1_611' title='bbox 1277 2932 1291 2947; x_wconf 72' lang='lat' dir='ltr'>a</span> <span class='ocrx_word' id='word_1_612' title='bbox 1318 2944 1338 2949; x_wconf 90' lang='lat'>..</span> <span class='ocrx_word' id='word_1_613' title='bbox 1356 2916 1482 2950; x_wconf 76' lang='lat' dir='ltr'>decano</span> <span class='ocrx_word' id='word_1_614' title='bbox 1499 2924 1529 2949; x_wconf 86' lang='lat' dir='ltr'>el</span> <span class='ocrx_word' id='word_1_615' title='bbox 1550 2915 1699 2960; x_wconf 73' lang='lat' dir='ltr'>capitulo</span> <span class='ocrx_word' id='word_1_616' title='bbox 1718 2915 2058 2948; x_wconf 68' lang='lat' dir='ltr'>Catlzalazmensibns.</span> <span class='ocrx_word' id='word_1_617' title='bbox 2072 2915 2141 2945; x_wconf 90' lang='lat' dir='ltr'>Hiis</span> <span class='ocrx_word' id='word_1_618' title='bbox 2165 2915 2216 2955; x_wconf 91' lang='lat' dir='ltr'>qui</span> 
     </span>
     <span class='ocr_line' id='line_1_95' title="bbox 1232 2970 2216 3017; baseline -0.004 -11"><span class='ocrx_word' id='word_1_619' title='bbox 1232 2985 1288 3017; x_wconf 86' lang='lat' dir='ltr'>pro</span> <span class='ocrx_word' id='word_1_620' title='bbox 1317 2975 1528 3006; x_wconf 77' lang='lat' dir='ltr'>ecclesiarum</span> <span class='ocrx_word' id='word_1_621' title='bbox 1568 2973 1762 3005; x_wconf 87' lang='lat' dir='ltr'>utilitatibus</span> <span class='ocrx_word' id='word_1_622' title='bbox 1801 2991 1853 3003; x_wconf 85' lang='lat'>——.</span> <span class='ocrx_word' id='word_1_623' title='bbox 1883 2972 1959 3004; x_wconf 88' lang='lat' dir='ltr'>Cum</span> <span class='ocrx_word' id='word_1_624' title='bbox 1992 2973 2104 3013; x_wconf 83' lang='lat' dir='ltr'>igitur,</span> <span class='ocrx_word' id='word_1_625' title='bbox 2132 2970 2216 3002; x_wconf 86' lang='lat' dir='ltr'>sicut</span> 
     </span>
    </p>
   </div>
  </div>
 </body>
</html>
