<?xml version="1.0" encoding="UTF-8"?>
<!DOCTYPE html PUBLIC "-//W3C//DTD XHTML 1.0 Transitional//EN"
    "http://www.w3.org/TR/xhtml1/DTD/xhtml1-transitional.dtd">
<html xmlns="http://www.w3.org/1999/xhtml" xml:lang="en" lang="en">
 <head>
  <title>
</title>
<meta http-equiv="Content-Type" content="text/html;charset=utf-8" />
  <meta name='ocr-system' content='tesseract 3.04.00' />
  <meta name='ocr-capabilities' content='ocr_page ocr_carea ocr_par ocr_line ocrx_word'/>
</head>
<body>
  <div class='ocr_page' id='page_1' title='image "./lesregistresdegr02cathuoft_0355.png"; bbox 0 0 2477 3512; ppageno 0'>
   <div class='ocr_carea' id='block_1_1' title="bbox 931 285 2222 327">
    <p class='ocr_par' dir='ltr' id='par_1_1' title="bbox 931 285 2222 327">
     <span class='ocr_line' id='line_1_1' title="bbox 931 285 2222 327; baseline -0.001 -8"><span class='ocrx_word' id='word_1_1' title='bbox 931 285 1209 327; x_wconf 85' lang='lat' dir='ltr'><strong>QUATRIEME</strong></span> <span class='ocrx_word' id='word_1_2' title='bbox 1223 286 1387 319; x_wconf 92' lang='lat' dir='ltr'><strong>ANNEE</strong></span> <span class='ocrx_word' id='word_1_3' title='bbox 2156 290 2222 324; x_wconf 84' lang='grc'>819</span> 
     </span>
    </p>
   </div>
   <div class='ocr_carea' id='block_1_2' title="bbox 97 384 1107 895">
    <p class='ocr_par' dir='ltr' id='par_1_2' title="bbox 97 384 1107 895">
     <span class='ocr_line' id='line_1_2' title="bbox 99 384 1104 424; baseline 0 -11"><span class='ocrx_word' id='word_1_4' title='bbox 99 384 151 413; x_wconf 88' lang='lat' dir='ltr'>vel</span> <span class='ocrx_word' id='word_1_5' title='bbox 172 384 401 418; x_wconf 88' lang='lat' dir='ltr'>concedendas,</span> <span class='ocrx_word' id='word_1_6' title='bbox 423 384 522 424; x_wconf 82' lang='lat' dir='ltr'>etiam</span> <span class='ocrx_word' id='word_1_7' title='bbox 543 384 568 413; x_wconf 93' lang='lat' dir='ltr'>si</span> <span class='ocrx_word' id='word_1_8' title='bbox 582 384 787 414; x_wconf 87' lang='lat' dir='ltr'>contineatur</span> <span class='ocrx_word' id='word_1_9' title='bbox 803 384 835 413; x_wconf 90' lang='lat' dir='ltr'>in</span> <span class='ocrx_word' id='word_1_10' title='bbox 849 384 893 413; x_wconf 88' lang='lat' dir='ltr'>eis</span> <span class='ocrx_word' id='word_1_11' title='bbox 907 384 993 422; x_wconf 90' lang='lat' dir='ltr'>quod</span> <span class='ocrx_word' id='word_1_12' title='bbox 1015 384 1104 414; x_wconf 89' lang='lat' dir='ltr'>Sedis</span> 
     </span>
     <span class='ocr_line' id='line_1_3' title="bbox 99 436 1106 475; baseline -0.001 -9"><span class='ocrx_word' id='word_1_13' title='bbox 99 437 244 475; x_wconf 85' lang='lat' dir='ltr'>ejusdem</span> <span class='ocrx_word' id='word_1_14' title='bbox 258 437 419 466; x_wconf 81' lang='lat' dir='ltr'><strong>concessio</strong></span> <span class='ocrx_word' id='word_1_15' title='bbox 436 437 488 466; x_wconf 89' lang='lat' dir='ltr'>vel</span> <span class='ocrx_word' id='word_1_16' title='bbox 506 437 699 466; x_wconf 88' lang='lat' dir='ltr'>mandatum</span> <span class='ocrx_word' id='word_1_17' title='bbox 712 437 744 466; x_wconf 93' lang='lat' dir='ltr'>in</span> <span class='ocrx_word' id='word_1_18' title='bbox 764 437 883 466; x_wconf 90' lang='lat' dir='ltr'>eisdem</span> <span class='ocrx_word' id='word_1_19' title='bbox 901 436 1016 465; x_wconf 90' lang='lat' dir='ltr'>litteris</span> <span class='ocrx_word' id='word_1_20' title='bbox 1033 445 1106 466; x_wconf 92' lang='lat' dir='ltr'>con-</span> 
     </span>
     <span class='ocr_line' id='line_1_4' title="bbox 99 489 1106 528; baseline 0 -10"><span class='ocrx_word' id='word_1_21' title='bbox 99 492 228 519; x_wconf 78' lang='lat' dir='ltr'>tentum</span> <span class='ocrx_word' id='word_1_22' title='bbox 253 498 316 518; x_wconf 92' lang='lat' dir='ltr'>non</span> <span class='ocrx_word' id='word_1_23' title='bbox 342 490 492 519; x_wconf 88' lang='lat' dir='ltr'>obstante</span> <span class='ocrx_word' id='word_1_24' title='bbox 520 489 628 528; x_wconf 90' lang='lat' dir='ltr'>aliqua</span> <span class='ocrx_word' id='word_1_25' title='bbox 658 490 757 528; x_wconf 87' lang='lat' dir='ltr'>ipsius</span> <span class='ocrx_word' id='word_1_26' title='bbox 788 489 877 519; x_wconf 89' lang='lat' dir='ltr'>Sedis</span> <span class='ocrx_word' id='word_1_27' title='bbox 906 489 1106 527; x_wconf 84' lang='lat' dir='ltr'>indulgentia</span> 
     </span>
     <span class='ocr_line' id='line_1_5' title="bbox 99 541 1106 580; baseline 0 -9"><span class='ocrx_word' id='word_1_28' title='bbox 99 542 216 571; x_wconf 89' lang='lat' dir='ltr'>debeat</span> <span class='ocrx_word' id='word_1_29' title='bbox 237 542 414 580; x_wconf 87' lang='lat' dir='ltr'>adimpleri,</span> <span class='ocrx_word' id='word_1_30' title='bbox 439 543 480 571; x_wconf 89' lang='lat' dir='ltr'>ad</span> <span class='ocrx_word' id='word_1_31' title='bbox 499 542 714 571; x_wconf 89' lang='lat' dir='ltr'>exhibendam</span> <span class='ocrx_word' id='word_1_32' title='bbox 745 542 866 571; x_wconf 90' lang='lat' dir='ltr'>dictam</span> <span class='ocrx_word' id='word_1_33' title='bbox 888 541 1045 571; x_wconf 81' lang='lat' dir='ltr'>decimam</span> <span class='ocrx_word' id='word_1_34' title='bbox 1067 542 1106 571; x_wconf 90' lang='lat' dir='ltr'>de</span> 
     </span>
     <span class='ocr_line' id='line_1_6' title="bbox 99 594 1106 633; baseline -0.001 -9"><span class='ocrx_word' id='word_1_35' title='bbox 99 595 214 624; x_wconf 81' lang='lat' dir='ltr'>vestris</span> <span class='ocrx_word' id='word_1_36' title='bbox 236 595 447 633; x_wconf 82' lang='lat' dir='ltr'>proventibus</span> <span class='ocrx_word' id='word_1_37' title='bbox 468 595 519 624; x_wconf 89' lang='lat' dir='ltr'>vel</span> <span class='ocrx_word' id='word_1_38' title='bbox 540 595 810 624; x_wconf 86' lang='lat' dir='ltr'>contribuendum</span> <span class='ocrx_word' id='word_1_39' title='bbox 832 595 864 623; x_wconf 93' lang='lat' dir='ltr'>in</span> <span class='ocrx_word' id='word_1_40' title='bbox 885 594 954 632; x_wconf 91' lang='lat' dir='ltr'>ipsa</span> <span class='ocrx_word' id='word_1_41' title='bbox 975 594 1106 623; x_wconf 90' lang='lat' dir='ltr'>minime</span> 
     </span>
     <span class='ocr_line' id='line_1_7' title="bbox 98 647 1107 686; baseline 0 -10"><span class='ocrx_word' id='word_1_42' title='bbox 98 647 283 681; x_wconf 76' lang='lat' dir='ltr'>teneamini,</span> <span class='ocrx_word' id='word_1_43' title='bbox 305 657 362 677; x_wconf 92' lang='lat' dir='ltr'>nec</span> <span class='ocrx_word' id='word_1_44' title='bbox 382 648 423 676; x_wconf 93' lang='lat' dir='ltr'>ad</span> <span class='ocrx_word' id='word_1_45' title='bbox 444 656 480 676; x_wconf 89' lang='lat' dir='ltr'>ea</span> <span class='ocrx_word' id='word_1_46' title='bbox 502 647 649 685; x_wconf 91' lang='lat' dir='ltr'>compelli</span> <span class='ocrx_word' id='word_1_47' title='bbox 672 647 811 686; x_wconf 85' lang='lat' dir='ltr'>possitis,</span> <span class='ocrx_word' id='word_1_48' title='bbox 834 647 894 676; x_wconf 90' lang='lat' dir='ltr'>nisi</span> <span class='ocrx_word' id='word_1_49' title='bbox 920 647 1107 684; x_wconf 90' lang='lat' dir='ltr'>hujusmodi</span> 
     </span>
     <span class='ocr_line' id='line_1_8' title="bbox 98 699 1106 738; baseline -0.001 -9"><span class='ocrx_word' id='word_1_50' title='bbox 98 700 203 729; x_wconf 86' lang='lat' dir='ltr'>littere</span> <span class='ocrx_word' id='word_1_51' title='bbox 224 700 274 729; x_wconf 90' lang='lat' dir='ltr'>vel</span> <span class='ocrx_word' id='word_1_52' title='bbox 301 700 498 738; x_wconf 82' lang='lat' dir='ltr'>indulgentie</span> <span class='ocrx_word' id='word_1_53' title='bbox 520 700 694 738; x_wconf 86' lang='lat' dir='ltr'>apostolice</span> <span class='ocrx_word' id='word_1_54' title='bbox 724 700 925 738; x_wconf 90' lang='lat' dir='ltr'>impetrande</span> <span class='ocrx_word' id='word_1_55' title='bbox 941 700 979 729; x_wconf 90' lang='lat' dir='ltr'>de</span> <span class='ocrx_word' id='word_1_56' title='bbox 996 699 1106 729; x_wconf 85' lang='lat' dir='ltr'>ordine</span> 
     </span>
     <span class='ocr_line' id='line_1_9' title="bbox 97 752 1107 791; baseline 0 -10"><span class='ocrx_word' id='word_1_57' title='bbox 97 755 206 782; x_wconf 89' lang='lat' dir='ltr'>vestro</span> <span class='ocrx_word' id='word_1_58' title='bbox 225 755 257 781; x_wconf 91' lang='lat' dir='ltr'>et</span> <span class='ocrx_word' id='word_1_59' title='bbox 276 753 335 782; x_wconf 91' lang='lat' dir='ltr'>hac</span> <span class='ocrx_word' id='word_1_60' title='bbox 353 752 553 791; x_wconf 84' lang='lat' dir='ltr'>indulgentia</span> <span class='ocrx_word' id='word_1_61' title='bbox 572 753 700 791; x_wconf 87' lang='lat' dir='ltr'>plenam</span> <span class='ocrx_word' id='word_1_62' title='bbox 720 755 752 781; x_wconf 89' lang='lat' dir='ltr'>et</span> <span class='ocrx_word' id='word_1_63' title='bbox 771 761 953 790; x_wconf 85' lang='lat' dir='ltr'>expressam</span> <span class='ocrx_word' id='word_1_64' title='bbox 973 752 1107 781; x_wconf 84' lang='lat' dir='ltr'>fecerint</span> 
     </span>
     <span class='ocr_line' id='line_1_10' title="bbox 97 805 1105 835; baseline -0.001 -1"><span class='ocrx_word' id='word_1_65' title='bbox 97 805 304 835; x_wconf 89' lang='lat' dir='ltr'>mentionem.</span> <span class='ocrx_word' id='word_1_66' title='bbox 355 805 442 834; x_wconf 85' lang='lat' dir='ltr'>Nulli</span> <span class='ocrx_word' id='word_1_67' title='bbox 488 808 595 834; x_wconf 90' lang='lat' dir='ltr'>nostre</span> <span class='ocrx_word' id='word_1_68' title='bbox 652 805 863 834; x_wconf 88' lang='lat' dir='ltr'>concessionis</span> <span class='ocrx_word' id='word_1_69' title='bbox 915 807 975 834; x_wconf 89' lang='lat' dir='ltr'>etc.</span> <span class='ocrx_word' id='word_1_70' title='bbox 1029 805 1105 834; x_wconf 91' lang='lat' dir='ltr'>Dat.</span> 
     </span>
     <span class='ocr_line' id='line_1_11' title="bbox 97 857 914 895; baseline -0.004 -8"><span class='ocrx_word' id='word_1_71' title='bbox 97 858 244 892; x_wconf 88' lang='lat' dir='ltr'>Viterbii,</span> <span class='ocrx_word' id='word_1_72' title='bbox 275 857 336 887; x_wconf 88' lang='lat' dir='ltr'>XV</span> <span class='ocrx_word' id='word_1_73' title='bbox 366 858 428 887; x_wconf 89' lang='lat' dir='ltr'>kal.</span> <span class='ocrx_word' id='word_1_74' title='bbox 460 858 609 892; x_wconf 85' lang='lat' dir='ltr'>octobris,</span> <span class='ocrx_word' id='word_1_75' title='bbox 639 866 724 887; x_wconf 91' lang='lat' dir='ltr'>anno</span> <span class='ocrx_word' id='word_1_76' title='bbox 754 860 914 895; x_wconf 88' lang='lat' dir='ltr'>quarto.»</span> 
     </span>
    </p>
   </div>
   <div class='ocr_carea' id='block_1_3' title="bbox 178 1043 1025 1075">
    <p class='ocr_par' dir='ltr' id='par_1_3' title="bbox 178 1043 1025 1075">
     <span class='ocr_line' id='line_1_12' title="bbox 178 1043 1025 1075; baseline 0.001 -6"><span class='ocrx_word' id='word_1_77' title='bbox 178 1043 267 1069; x_wconf 76' lang='lat'><strong>2663</strong></span> <span class='ocrx_word' id='word_1_78' title='bbox 634 1044 773 1075; x_wconf 90' lang='lat' dir='ltr'>Viterbe‚</span> <span class='ocrx_word' id='word_1_79' title='bbox 798 1044 814 1070; x_wconf 94' lang='lat'><strong>7</strong></span> <span class='ocrx_word' id='word_1_80' title='bbox 838 1044 914 1070; x_wconf 71' lang='lat' dir='ltr'>aout</span> <span class='ocrx_word' id='word_1_81' title='bbox 939 1043 1025 1070; x_wconf 86' lang='lat'>1258.</span> 
     </span>
    </p>
   </div>
   <div class='ocr_carea' id='block_1_4' title="bbox 96 1096 1111 1406">
    <p class='ocr_par' dir='ltr' id='par_1_4' title="bbox 96 1096 1111 1406">
     <span class='ocr_line' id='line_1_13' title="bbox 139 1096 1107 1129; baseline 0 -7"><span class='ocrx_word' id='word_1_82' title='bbox 139 1096 288 1127; x_wconf 88' lang='lat' dir='ltr'>Johanni,</span> <span class='ocrx_word' id='word_1_83' title='bbox 309 1096 421 1122; x_wconf 86' lang='lat' dir='ltr'>rectori</span> <span class='ocrx_word' id='word_1_84' title='bbox 441 1096 587 1122; x_wconf 86' lang='lat' dir='ltr'>ecclesiae</span> <span class='ocrx_word' id='word_1_85' title='bbox 608 1096 637 1123; x_wconf 90' lang='lat' dir='ltr'>S.</span> <span class='ocrx_word' id='word_1_86' title='bbox 659 1096 874 1129; x_wconf 91' lang='lat' dir='ltr'>Christophori</span> <span class='ocrx_word' id='word_1_87' title='bbox 893 1097 983 1122; x_wconf 85' lang='lat' dir='ltr'>extra</span> <span class='ocrx_word' id='word_1_88' title='bbox 1003 1103 1107 1122; x_wconf 89' lang='lat' dir='ltr'>muros</span> 
     </span>
     <span class='ocr_line' id='line_1_14' title="bbox 96 1135 1108 1169; baseline 0 -8"><span class='ocrx_word' id='word_1_89' title='bbox 96 1135 237 1162; x_wconf 81' lang='lat' dir='ltr'>civitatis</span> <span class='ocrx_word' id='word_1_90' title='bbox 261 1135 441 1162; x_wconf 88' lang='lat' dir='ltr'>Leodiensis</span> <span class='ocrx_word' id='word_1_91' title='bbox 463 1137 495 1162; x_wconf 90' lang='lat' dir='ltr'>et</span> <span class='ocrx_word' id='word_1_92' title='bbox 517 1136 645 1161; x_wconf 81' lang='lat' dir='ltr'>filiabus</span> <span class='ocrx_word' id='word_1_93' title='bbox 669 1135 811 1169; x_wconf 85' lang='lat' dir='ltr'>beghinis</span> <span class='ocrx_word' id='word_1_94' title='bbox 834 1136 1054 1162; x_wconf 82' lang='lat' dir='ltr'>habitantibus</span> <span class='ocrx_word' id='word_1_95' title='bbox 1077 1136 1108 1162; x_wconf 93' lang='lat' dir='ltr'>in</span> 
     </span>
     <span class='ocr_line' id='line_1_15' title="bbox 97 1175 1109 1209; baseline 0 -8"><span class='ocrx_word' id='word_1_96' title='bbox 97 1175 262 1209; x_wconf 85' lang='lat' dir='ltr'>parrochia</span> <span class='ocrx_word' id='word_1_97' title='bbox 293 1175 391 1209; x_wconf 89' lang='lat' dir='ltr'>ipsius</span> <span class='ocrx_word' id='word_1_98' title='bbox 424 1175 571 1201; x_wconf 86' lang='lat' dir='ltr'>ecclesiae</span> <span class='ocrx_word' id='word_1_99' title='bbox 597 1175 740 1208; x_wconf 85' lang='lat' dir='ltr'>indulget</span> <span class='ocrx_word' id='word_1_100' title='bbox 766 1177 802 1201; x_wconf 91' lang='lat' dir='ltr'>ut</span> <span class='ocrx_word' id='word_1_101' title='bbox 829 1177 918 1201; x_wconf 87' lang='lat' dir='ltr'>extra</span> <span class='ocrx_word' id='word_1_102' title='bbox 945 1176 1109 1202; x_wconf 88' lang='lat' dir='ltr'>civitatem</span> 
     </span>
     <span class='ocr_line' id='line_1_16' title="bbox 98 1214 1108 1248; baseline 0 -7"><span class='ocrx_word' id='word_1_103' title='bbox 98 1214 305 1242; x_wconf 88' lang='lat' dir='ltr'>Leodiensem</span> <span class='ocrx_word' id='word_1_104' title='bbox 338 1215 422 1241; x_wconf 88' lang='lat' dir='ltr'>trahi</span> <span class='ocrx_word' id='word_1_105' title='bbox 449 1222 513 1241; x_wconf 90' lang='lat' dir='ltr'>non</span> <span class='ocrx_word' id='word_1_106' title='bbox 540 1215 664 1248; x_wconf 85' lang='lat' dir='ltr'>possint</span> <span class='ocrx_word' id='word_1_107' title='bbox 690 1215 722 1241; x_wconf 92' lang='lat' dir='ltr'>in</span> <span class='ocrx_word' id='word_1_108' title='bbox 750 1222 877 1241; x_wconf 87' lang='lat' dir='ltr'>causam</span> <span class='ocrx_word' id='word_1_109' title='bbox 905 1222 960 1248; x_wconf 90' lang='lat' dir='ltr'>per</span> <span class='ocrx_word' id='word_1_110' title='bbox 985 1215 1108 1241; x_wconf 87' lang='lat' dir='ltr'>litteras</span> 
     </span>
     <span class='ocr_line' id='line_1_17' title="bbox 97 1254 1110 1288; baseline 0 -8"><span class='ocrx_word' id='word_1_111' title='bbox 97 1254 185 1281; x_wconf 90' lang='lat' dir='ltr'>Sedis</span> <span class='ocrx_word' id='word_1_112' title='bbox 204 1254 405 1288; x_wconf 89' lang='lat' dir='ltr'>Apostolicae</span> <span class='ocrx_word' id='word_1_113' title='bbox 425 1254 474 1280; x_wconf 90' lang='lat' dir='ltr'>vel</span> <span class='ocrx_word' id='word_1_114' title='bbox 492 1254 669 1287; x_wconf 85' lang='lat' dir='ltr'>legatorum</span> <span class='ocrx_word' id='word_1_115' title='bbox 688 1254 795 1288; x_wconf 90' lang='lat' dir='ltr'>ipsius,</span> <span class='ocrx_word' id='word_1_116' title='bbox 812 1255 871 1280; x_wconf 92' lang='lat' dir='ltr'>nisi</span> <span class='ocrx_word' id='word_1_117' title='bbox 884 1254 1008 1280; x_wconf 85' lang='lat' dir='ltr'>litterae</span> <span class='ocrx_word' id='word_1_118' title='bbox 1023 1254 1110 1281; x_wconf 87' lang='lat' dir='ltr'>Sedis</span> 
     </span>
     <span class='ocr_line' id='line_1_18' title="bbox 96 1294 1110 1328; baseline 0 -8"><span class='ocrx_word' id='word_1_119' title='bbox 96 1294 237 1327; x_wconf 72' lang='lat' dir='ltr'>eiusdem</span> <span class='ocrx_word' id='word_1_120' title='bbox 267 1294 305 1320; x_wconf 89' lang='lat' dir='ltr'>de</span> <span class='ocrx_word' id='word_1_121' title='bbox 333 1294 531 1327; x_wconf 85' lang='lat' dir='ltr'>indulgentia</span> <span class='ocrx_word' id='word_1_122' title='bbox 559 1294 743 1327; x_wconf 88' lang='lat' dir='ltr'>hujusmodi</span> <span class='ocrx_word' id='word_1_123' title='bbox 771 1294 898 1328; x_wconf 90' lang='lat' dir='ltr'>plenam</span> <span class='ocrx_word' id='word_1_124' title='bbox 926 1296 958 1320; x_wconf 90' lang='lat' dir='ltr'>et</span> <span class='ocrx_word' id='word_1_125' title='bbox 986 1301 1110 1327; x_wconf 87' lang='lat' dir='ltr'>expres-</span> 
     </span>
     <span class='ocr_line' id='line_1_19' title="bbox 97 1333 1111 1367; baseline 0 -7"><span class='ocrx_word' id='word_1_126' title='bbox 97 1341 164 1360; x_wconf 91' lang='lat' dir='ltr'>sam</span> <span class='ocrx_word' id='word_1_127' title='bbox 177 1333 307 1360; x_wconf 84' lang='lat' dir='ltr'>fecerint</span> <span class='ocrx_word' id='word_1_128' title='bbox 320 1334 523 1365; x_wconf 87' lang='lat' dir='ltr'>mentionem,</span> <span class='ocrx_word' id='word_1_129' title='bbox 537 1334 755 1367; x_wconf 89' lang='lat' dir='ltr'>praesentibus</span> <span class='ocrx_word' id='word_1_130' title='bbox 771 1335 843 1367; x_wconf 87' lang='lat' dir='ltr'>post</span> <span class='ocrx_word' id='word_1_131' title='bbox 859 1333 1111 1366; x_wconf 88' lang='lat' dir='ltr'>quinquennium</span> 
     </span>
     <span class='ocr_line' id='line_1_20' title="bbox 98 1373 1074 1406; baseline 0 -7"><span class='ocrx_word' id='word_1_132' title='bbox 98 1373 227 1399; x_wconf 90' lang='lat' dir='ltr'>minime</span> <span class='ocrx_word' id='word_1_133' title='bbox 246 1373 400 1399; x_wconf 89' lang='lat' dir='ltr'>valituris.</span> <span class='ocrx_word' id='word_1_134' title='bbox 422 1373 519 1406; x_wconf 60' lang='lat' dir='ltr'>(Rae.</span> <span class='ocrx_word' id='word_1_135' title='bbox 541 1373 589 1404; x_wconf 85' lang='lat'>25,</span> <span class='ocrx_word' id='word_1_136' title='bbox 609 1373 630 1399; x_wconf 90' lang='lat' dir='ltr'>f.</span> <span class='ocrx_word' id='word_1_137' title='bbox 654 1373 710 1399; x_wconf 88' lang='lat'>152</span> <span class='ocrx_word' id='word_1_138' title='bbox 731 1376 777 1404; x_wconf 90' lang='lat' dir='ltr'>v0,</span> <span class='ocrx_word' id='word_1_139' title='bbox 799 1380 848 1399; x_wconf 88' lang='lat' dir='ltr'>an.</span> <span class='ocrx_word' id='word_1_140' title='bbox 873 1373 925 1404; x_wconf 89' lang='lat' dir='ltr'>IV,</span> <span class='ocrx_word' id='word_1_141' title='bbox 946 1380 971 1399; x_wconf 91' lang='grc'>6.</span> <span class='ocrx_word' id='word_1_142' title='bbox 993 1373 1074 1406; x_wconf 87' lang='lat'>220.)</span> 
     </span>
    </p>
   </div>
   <div class='ocr_carea' id='block_1_5' title="bbox 101 1476 1115 1726">
    <p class='ocr_par' dir='ltr' id='par_1_5' title="bbox 101 1476 1115 1726">
     <span class='ocr_line' id='line_1_21' title="bbox 141 1476 1112 1514; baseline 0.002 -11"><span class='ocrx_word' id='word_1_143' title='bbox 141 1488 153 1503; x_wconf 82' lang='lat'>«</span> <span class='ocrx_word' id='word_1_144' title='bbox 165 1476 317 1510; x_wconf 82' lang='lat' dir='ltr'>Johanni,</span> <span class='ocrx_word' id='word_1_145' title='bbox 330 1476 436 1505; x_wconf 77' lang='lat' dir='ltr'>rectori</span> <span class='ocrx_word' id='word_1_146' title='bbox 450 1476 570 1505; x_wconf 83' lang='lat' dir='ltr'>ecclesie</span> <span class='ocrx_word' id='word_1_147' title='bbox 592 1476 699 1505; x_wconf 80' lang='lat' dir='ltr'>Sancti</span> <span class='ocrx_word' id='word_1_148' title='bbox 716 1476 898 1514; x_wconf 79' lang='lat' dir='ltr'>Christosori</span> <span class='ocrx_word' id='word_1_149' title='bbox 914 1477 996 1505; x_wconf 71' lang='lat' dir='ltr'>extra</span> <span class='ocrx_word' id='word_1_150' title='bbox 1007 1485 1112 1505; x_wconf 87' lang='lat' dir='ltr'>muros</span> 
     </span>
     <span class='ocr_line' id='line_1_22' title="bbox 101 1528 1115 1566; baseline -0.001 -8"><span class='ocrx_word' id='word_1_151' title='bbox 101 1529 234 1558; x_wconf 83' lang='lat' dir='ltr'>civitatis</span> <span class='ocrx_word' id='word_1_152' title='bbox 268 1529 458 1563; x_wconf 79' lang='lat' dir='ltr'>Leodiensis,</span> <span class='ocrx_word' id='word_1_153' title='bbox 480 1530 506 1557; x_wconf 89' lang='lat' dir='ltr'>et</span> <span class='ocrx_word' id='word_1_154' title='bbox 539 1528 658 1558; x_wconf 84' lang='lat' dir='ltr'>dilectis</span> <span class='ocrx_word' id='word_1_155' title='bbox 683 1528 715 1558; x_wconf 84' lang='lat' dir='ltr'>in</span> <span class='ocrx_word' id='word_1_156' title='bbox 748 1528 870 1558; x_wconf 86' lang='lat' dir='ltr'>Christo</span> <span class='ocrx_word' id='word_1_157' title='bbox 897 1528 1030 1566; x_wconf 80' lang='lat' dir='ltr'>filiabus</span> <span class='ocrx_word' id='word_1_158' title='bbox 1067 1528 1115 1558; x_wconf 92' lang='lat' dir='ltr'>be-</span> 
     </span>
     <span class='ocr_line' id='line_1_23' title="bbox 102 1581 1114 1620; baseline -0.001 -9"><span class='ocrx_word' id='word_1_159' title='bbox 102 1581 203 1611; x_wconf 79' lang='lat' dir='ltr'>chinis</span> <span class='ocrx_word' id='word_1_160' title='bbox 214 1582 259 1620; x_wconf 87' lang='lat'>(1)</span> <span class='ocrx_word' id='word_1_161' title='bbox 280 1581 495 1611; x_wconf 80' lang='lat' dir='ltr'>habitantibus</span> <span class='ocrx_word' id='word_1_162' title='bbox 517 1581 548 1610; x_wconf 88' lang='lat' dir='ltr'>in</span> <span class='ocrx_word' id='word_1_163' title='bbox 569 1581 734 1620; x_wconf 79' lang='lat' dir='ltr'>parrochia</span> <span class='ocrx_word' id='word_1_164' title='bbox 752 1581 854 1619; x_wconf 84' lang='lat' dir='ltr'>ipsius</span> <span class='ocrx_word' id='word_1_165' title='bbox 875 1581 1004 1610; x_wconf 86' lang='lat' dir='ltr'>ecclesie.</span> <span class='ocrx_word' id='word_1_166' title='bbox 1024 1581 1114 1611; x_wconf 89' lang='lat' dir='ltr'>Desi—</span> 
     </span>
     <span class='ocr_line' id='line_1_24' title="bbox 102 1634 1112 1673; baseline -0.001 -9"><span class='ocrx_word' id='word_1_167' title='bbox 102 1634 196 1664; x_wconf 89' lang='lat' dir='ltr'>deriis</span> <span class='ocrx_word' id='word_1_168' title='bbox 225 1635 340 1664; x_wconf 90' lang='lat' dir='ltr'>vestris</span> <span class='ocrx_word' id='word_1_169' title='bbox 371 1634 403 1663; x_wconf 94' lang='lat' dir='ltr'>in</span> <span class='ocrx_word' id='word_1_170' title='bbox 441 1651 492 1662; x_wconf 90' lang='lat'>—.</span> <span class='ocrx_word' id='word_1_171' title='bbox 527 1634 604 1663; x_wconf 92' lang='lat' dir='ltr'>Dat.</span> <span class='ocrx_word' id='word_1_172' title='bbox 623 1634 770 1668; x_wconf 90' lang='lat' dir='ltr'>Viterbii,</span> <span class='ocrx_word' id='word_1_173' title='bbox 789 1634 853 1663; x_wconf 93' lang='lat' dir='ltr'>VII</span> <span class='ocrx_word' id='word_1_174' title='bbox 872 1634 943 1663; x_wconf 90' lang='lat' dir='ltr'>idus</span> <span class='ocrx_word' id='word_1_175' title='bbox 973 1634 1112 1673; x_wconf 83' lang='lat' dir='ltr'>augusti,</span> 
     </span>
     <span class='ocr_line' id='line_1_25' title="bbox 101 1689 346 1726; baseline -0.012 -9"><span class='ocrx_word' id='word_1_176' title='bbox 101 1696 186 1717; x_wconf 87' lang='lat' dir='ltr'>anno</span> <span class='ocrx_word' id='word_1_177' title='bbox 205 1689 346 1726; x_wconf 73' lang='lat' dir='ltr'>quarto.»</span> 
     </span>
    </p>
   </div>
   <div class='ocr_carea' id='block_1_6' title="bbox 181 1860 1031 1891">
    <p class='ocr_par' dir='ltr' id='par_1_6' title="bbox 181 1860 1031 1891">
     <span class='ocr_line' id='line_1_26' title="bbox 181 1860 1031 1891; baseline -0.001 -5"><span class='ocrx_word' id='word_1_178' title='bbox 181 1860 270 1886; x_wconf 78' lang='lat'>2664</span> <span class='ocrx_word' id='word_1_179' title='bbox 642 1860 780 1891; x_wconf 83' lang='lat' dir='ltr'>Viterbe,</span> <span class='ocrx_word' id='word_1_180' title='bbox 802 1860 838 1886; x_wconf 88' lang='lat'>17</span> <span class='ocrx_word' id='word_1_181' title='bbox 860 1860 923 1886; x_wconf 86' lang='lat' dir='ltr'>mai</span> <span class='ocrx_word' id='word_1_182' title='bbox 945 1860 1031 1886; x_wconf 83' lang='lat'>1258.</span> 
     </span>
    </p>
   </div>
   <div class='ocr_carea' id='block_1_7' title="bbox 102 1912 1115 1986">
    <p class='ocr_par' dir='ltr' id='par_1_7' title="bbox 102 1912 1115 1986">
     <span class='ocr_line' id='line_1_27' title="bbox 143 1912 1115 1946; baseline -0.001 -7"><span class='ocrx_word' id='word_1_183' title='bbox 143 1913 269 1940; x_wconf 88' lang='lat' dir='ltr'>Ordinis</span> <span class='ocrx_word' id='word_1_184' title='bbox 287 1913 443 1940; x_wconf 89' lang='lat' dir='ltr'>Florensis</span> <span class='ocrx_word' id='word_1_185' title='bbox 460 1913 679 1939; x_wconf 83' lang='lat' dir='ltr'>institutiones</span> <span class='ocrx_word' id='word_1_186' title='bbox 698 1912 867 1938; x_wconf 86' lang='lat' dir='ltr'>confirmat</span> <span class='ocrx_word' id='word_1_187' title='bbox 884 1913 1115 1946; x_wconf 86' lang='lat' dir='ltr'>nonnullasque</span> 
     </span>
     <span class='ocr_line' id='line_1_28' title="bbox 102 1952 1114 1986; baseline -0.001 -7"><span class='ocrx_word' id='word_1_188' title='bbox 102 1952 314 1986; x_wconf 84' lang='lat' dir='ltr'>indulgentias</span> <span class='ocrx_word' id='word_1_189' title='bbox 331 1953 358 1979; x_wconf 93' lang='lat' dir='ltr'>ei</span> <span class='ocrx_word' id='word_1_190' title='bbox 375 1952 530 1979; x_wconf 86' lang='lat' dir='ltr'>concedit.</span> <span class='ocrx_word' id='word_1_191' title='bbox 547 1953 644 1985; x_wconf 62' lang='grc' dir='ltr'>(ΗΒΕ.</span> <span class='ocrx_word' id='word_1_192' title='bbox 662 1952 709 1983; x_wconf 85' lang='grc'>25,</span> <span class='ocrx_word' id='word_1_193' title='bbox 726 1952 747 1978; x_wconf 80' lang='lat' dir='ltr'>f.</span> <span class='ocrx_word' id='word_1_194' title='bbox 767 1952 833 1984; x_wconf 84' lang='lat'>153,</span> <span class='ocrx_word' id='word_1_195' title='bbox 851 1959 900 1978; x_wconf 90' lang='lat' dir='ltr'>an.</span> <span class='ocrx_word' id='word_1_196' title='bbox 921 1952 972 1983; x_wconf 92' lang='lat' dir='ltr'>IV,</span> <span class='ocrx_word' id='word_1_197' title='bbox 990 1960 1014 1978; x_wconf 92' lang='grc'>6.</span> <span class='ocrx_word' id='word_1_198' title='bbox 1032 1952 1114 1985; x_wconf 87' lang='lat'>221.)</span> 
     </span>
    </p>
   </div>
   <div class='ocr_carea' id='block_1_8' title="bbox 102 2055 1118 2877">
    <p class='ocr_par' dir='ltr' id='par_1_8' title="bbox 102 2055 1118 2877">
     <span class='ocr_line' id='line_1_29' title="bbox 145 2055 1114 2093; baseline 0 -9"><span class='ocrx_word' id='word_1_199' title='bbox 145 2068 155 2082; x_wconf 76' lang='grc' dir='ltr'>ι</span> <span class='ocrx_word' id='word_1_200' title='bbox 171 2079 200 2090; x_wconf 83' lang='grc'>..,</span> <span class='ocrx_word' id='word_1_201' title='bbox 226 2055 332 2085; x_wconf 85' lang='lat' dir='ltr'>abbati</span> <span class='ocrx_word' id='word_1_202' title='bbox 356 2055 461 2085; x_wconf 86' lang='lat' dir='ltr'>Floris</span> <span class='ocrx_word' id='word_1_203' title='bbox 485 2057 511 2084; x_wconf 84' lang='lat' dir='ltr'>et</span> <span class='ocrx_word' id='word_1_204' title='bbox 536 2055 690 2085; x_wconf 81' lang='lat' dir='ltr'>universis</span> <span class='ocrx_word' id='word_1_205' title='bbox 715 2055 850 2093; x_wconf 80' lang='lat' dir='ltr'>ejusdem</span> <span class='ocrx_word' id='word_1_206' title='bbox 875 2055 995 2085; x_wconf 84' lang='lat' dir='ltr'>ordinis</span> <span class='ocrx_word' id='word_1_207' title='bbox 1020 2055 1114 2085; x_wconf 93' lang='lat' dir='ltr'>abba-</span> 
     </span>
     <span class='ocr_line' id='line_1_30' title="bbox 102 2108 1114 2147; baseline -0.002 -8"><span class='ocrx_word' id='word_1_208' title='bbox 102 2109 196 2143; x_wconf 83' lang='lat' dir='ltr'>tibus,</span> <span class='ocrx_word' id='word_1_209' title='bbox 214 2110 276 2138; x_wconf 88' lang='lat' dir='ltr'>tam</span> <span class='ocrx_word' id='word_1_210' title='bbox 295 2108 490 2147; x_wconf 84' lang='lat' dir='ltr'>presentibus</span> <span class='ocrx_word' id='word_1_211' title='bbox 508 2117 600 2147; x_wconf 87' lang='lat' dir='ltr'>quam</span> <span class='ocrx_word' id='word_1_212' title='bbox 620 2108 746 2146; x_wconf 78' lang='lat' dir='ltr'>suturis,</span> <span class='ocrx_word' id='word_1_213' title='bbox 764 2108 909 2137; x_wconf 86' lang='lat' dir='ltr'>canonice</span> <span class='ocrx_word' id='word_1_214' title='bbox 927 2108 1114 2137; x_wconf 84' lang='lat' dir='ltr'>substituen-</span> 
     </span>
     <span class='ocr_line' id='line_1_31' title="bbox 103 2161 1114 2200; baseline -0.001 -9"><span class='ocrx_word' id='word_1_215' title='bbox 103 2162 153 2192; x_wconf 84' lang='lat' dir='ltr'>dis</span> <span class='ocrx_word' id='word_1_216' title='bbox 165 2162 196 2191; x_wconf 88' lang='lat' dir='ltr'>in</span> <span class='ocrx_word' id='word_1_217' title='bbox 209 2162 359 2200; x_wconf 73' lang='lat' dir='ltr'>futurum.</span> <span class='ocrx_word' id='word_1_218' title='bbox 372 2162 587 2191; x_wconf 89' lang='lat' dir='ltr'>Attendentes</span> <span class='ocrx_word' id='word_1_219' title='bbox 600 2162 762 2200; x_wconf 90' lang='lat' dir='ltr'>quomodo</span> <span class='ocrx_word' id='word_1_220' title='bbox 780 2170 838 2191; x_wconf 92' lang='lat' dir='ltr'>vos</span> <span class='ocrx_word' id='word_1_221' title='bbox 860 2179 910 2190; x_wconf 86' lang='lat'>-—.</span> <span class='ocrx_word' id='word_1_222' title='bbox 923 2161 970 2190; x_wconf 90' lang='lat' dir='ltr'>Ea</span> <span class='ocrx_word' id='word_1_223' title='bbox 982 2164 1114 2200; x_wconf 88' lang='lat' dir='ltr'>propter</span> 
     </span>
     <span class='ocr_line' id='line_1_32' title="bbox 104 2214 1113 2252; baseline -0.001 -8"><span class='ocrx_word' id='word_1_224' title='bbox 104 2214 301 2244; x_wconf 85' lang='lat' dir='ltr'>dilectissimi</span> <span class='ocrx_word' id='word_1_225' title='bbox 327 2214 358 2243; x_wconf 93' lang='lat' dir='ltr'>in</span> <span class='ocrx_word' id='word_1_226' title='bbox 385 2214 525 2244; x_wconf 91' lang='lat' dir='ltr'>Domino</span> <span class='ocrx_word' id='word_1_227' title='bbox 552 2214 620 2248; x_wconf 86' lang='lat' dir='ltr'>filii,</span> <span class='ocrx_word' id='word_1_228' title='bbox 648 2214 723 2252; x_wconf 92' lang='lat' dir='ltr'>quia</span> <span class='ocrx_word' id='word_1_229' title='bbox 750 2223 807 2243; x_wconf 91' lang='lat' dir='ltr'>vos</span> <span class='ocrx_word' id='word_1_230' title='bbox 834 2214 929 2252; x_wconf 85' lang='lat' dir='ltr'>elegit</span> <span class='ocrx_word' id='word_1_231' title='bbox 956 2214 1113 2243; x_wconf 85' lang='lat' dir='ltr'>Dominus</span> 
     </span>
     <span class='ocr_line' id='line_1_33' title="bbox 103 2267 1113 2306; baseline -0.001 -9"><span class='ocrx_word' id='word_1_232' title='bbox 103 2267 136 2297; x_wconf 91' lang='lat' dir='ltr'>in</span> <span class='ocrx_word' id='word_1_233' title='bbox 160 2267 371 2297; x_wconf 88' lang='lat' dir='ltr'>hereditatem</span> <span class='ocrx_word' id='word_1_234' title='bbox 395 2267 455 2296; x_wconf 91' lang='lat' dir='ltr'>sibi</span> <span class='ocrx_word' id='word_1_235' title='bbox 478 2270 511 2296; x_wconf 88' lang='lat' dir='ltr'>et</span> <span class='ocrx_word' id='word_1_236' title='bbox 534 2276 552 2296; x_wconf 90' lang='lat' dir='ltr'>a</span> <span class='ocrx_word' id='word_1_237' title='bbox 576 2267 667 2306; x_wconf 90' lang='lat' dir='ltr'>longe</span> <span class='ocrx_word' id='word_1_238' title='bbox 692 2267 729 2296; x_wconf 93' lang='lat' dir='ltr'>de</span> <span class='ocrx_word' id='word_1_239' title='bbox 753 2267 819 2296; x_wconf 91' lang='lat' dir='ltr'>alto</span> <span class='ocrx_word' id='word_1_240' title='bbox 851 2267 1002 2305; x_wconf 84' lang='lat' dir='ltr'>respexit,</span> <span class='ocrx_word' id='word_1_241' title='bbox 1026 2276 1113 2296; x_wconf 87' lang='lat' dir='ltr'>sacre</span> 
     </span>
     <span class='ocr_line' id='line_1_34' title="bbox 105 2320 1115 2358; baseline -0.001 -8"><span class='ocrx_word' id='word_1_242' title='bbox 105 2321 256 2350; x_wconf 92' lang='lat' dir='ltr'>nimirum</span> <span class='ocrx_word' id='word_1_243' title='bbox 276 2320 436 2358; x_wconf 83' lang='lat' dir='ltr'>religionis</span> <span class='ocrx_word' id='word_1_244' title='bbox 456 2322 563 2349; x_wconf 89' lang='lat' dir='ltr'>vestre</span> <span class='ocrx_word' id='word_1_245' title='bbox 584 2320 733 2358; x_wconf 92' lang='lat' dir='ltr'>opinione</span> <span class='ocrx_word' id='word_1_246' title='bbox 752 2322 911 2358; x_wconf 86' lang='lat' dir='ltr'>tanquam</span> <span class='ocrx_word' id='word_1_247' title='bbox 932 2320 1028 2349; x_wconf 90' lang='lat' dir='ltr'>odore</span> <span class='ocrx_word' id='word_1_248' title='bbox 1047 2320 1115 2358; x_wconf 89' lang='lat' dir='ltr'>agri</span> 
     </span>
     <span class='ocr_line' id='line_1_35' title="bbox 104 2372 1115 2412; baseline -0.001 -10"><span class='ocrx_word' id='word_1_249' title='bbox 104 2373 190 2412; x_wconf 90' lang='lat' dir='ltr'>pleni</span> <span class='ocrx_word' id='word_1_250' title='bbox 212 2373 263 2402; x_wconf 93' lang='lat' dir='ltr'>cui</span> <span class='ocrx_word' id='word_1_251' title='bbox 286 2373 454 2402; x_wconf 88' lang='lat' dir='ltr'>benedixit</span> <span class='ocrx_word' id='word_1_252' title='bbox 475 2373 645 2406; x_wconf 87' lang='lat' dir='ltr'>Dominus,</span> <span class='ocrx_word' id='word_1_253' title='bbox 668 2372 848 2411; x_wconf 84' lang='lat' dir='ltr'>provocati,</span> <span class='ocrx_word' id='word_1_254' title='bbox 871 2372 1023 2411; x_wconf 83' lang='lat' dir='ltr'>religiosis</span> <span class='ocrx_word' id='word_1_255' title='bbox 1044 2381 1115 2411; x_wconf 81' lang='lat' dir='ltr'>pos—</span> 
     </span>
     <span class='ocr_line' id='line_1_36' title="bbox 106 2425 1114 2459; baseline -0.001 -4"><span class='ocrx_word' id='word_1_256' title='bbox 106 2425 317 2455; x_wconf 86' lang='lat' dir='ltr'>tulationibus</span> <span class='ocrx_word' id='word_1_257' title='bbox 356 2425 483 2459; x_wconf 88' lang='lat' dir='ltr'>vestris,</span> <span class='ocrx_word' id='word_1_258' title='bbox 524 2426 565 2454; x_wconf 90' lang='lat' dir='ltr'>ad</span> <span class='ocrx_word' id='word_1_259' title='bbox 606 2426 708 2455; x_wconf 88' lang='lat' dir='ltr'>instar</span> <span class='ocrx_word' id='word_1_260' title='bbox 746 2425 845 2454; x_wconf 87' lang='lat' dir='ltr'>felicis</span> <span class='ocrx_word' id='word_1_261' title='bbox 886 2425 1114 2454; x_wconf 83' lang='lat' dir='ltr'>recordationis</span> 
     </span>
     <span class='ocr_line' id='line_1_37' title="bbox 106 2478 1115 2517; baseline -0.001 -9"><span class='ocrx_word' id='word_1_262' title='bbox 106 2478 248 2517; x_wconf 87' lang='lat' dir='ltr'>Gregorii</span> <span class='ocrx_word' id='word_1_263' title='bbox 275 2487 369 2516; x_wconf 87' lang='lat' dir='ltr'>pape,</span> <span class='ocrx_word' id='word_1_264' title='bbox 399 2478 627 2516; x_wconf 87' lang='lat' dir='ltr'>predecessoris</span> <span class='ocrx_word' id='word_1_265' title='bbox 667 2478 778 2512; x_wconf 88' lang='lat' dir='ltr'>nostri,</span> <span class='ocrx_word' id='word_1_266' title='bbox 816 2478 989 2516; x_wconf 83' lang='lat' dir='ltr'>benignum</span> <span class='ocrx_word' id='word_1_267' title='bbox 1018 2480 1115 2516; x_wconf 82' lang='lat' dir='ltr'>prout</span> 
     </span>
     <span class='ocr_line' id='line_1_38' title="bbox 107 2531 1115 2569; baseline -0.001 -8"><span class='ocrx_word' id='word_1_268' title='bbox 107 2531 198 2561; x_wconf 86' lang='lat' dir='ltr'>decet</span> <span class='ocrx_word' id='word_1_269' title='bbox 225 2531 429 2569; x_wconf 89' lang='lat' dir='ltr'>impertimur</span> <span class='ocrx_word' id='word_1_270' title='bbox 456 2539 620 2560; x_wconf 88' lang='lat' dir='ltr'>assensum</span> <span class='ocrx_word' id='word_1_271' title='bbox 649 2533 681 2560; x_wconf 91' lang='lat' dir='ltr'>et</span> <span class='ocrx_word' id='word_1_272' title='bbox 709 2531 868 2569; x_wconf 86' lang='lat' dir='ltr'>regulares</span> <span class='ocrx_word' id='word_1_273' title='bbox 895 2531 1115 2560; x_wconf 85' lang='lat' dir='ltr'>institutiones</span> 
     </span>
     <span class='ocr_line' id='line_1_39' title="bbox 106 2583 1116 2622; baseline -0.001 -9"><span class='ocrx_word' id='word_1_274' title='bbox 106 2586 230 2613; x_wconf 90' lang='lat' dir='ltr'>vestras</span> <span class='ocrx_word' id='word_1_275' title='bbox 262 2584 459 2613; x_wconf 80' lang='lat' dir='ltr'>auctoritate</span> <span class='ocrx_word' id='word_1_276' title='bbox 491 2583 667 2622; x_wconf 88' lang='lat' dir='ltr'>apostolica</span> <span class='ocrx_word' id='word_1_277' title='bbox 700 2583 939 2617; x_wconf 80' lang='lat' dir='ltr'>confirmantes,</span> <span class='ocrx_word' id='word_1_278' title='bbox 972 2583 1116 2613; x_wconf 89' lang='lat' dir='ltr'>concedi-</span> 
     </span>
     <span class='ocr_line' id='line_1_40' title="bbox 108 2636 1115 2674; baseline 0 -9"><span class='ocrx_word' id='word_1_279' title='bbox 108 2645 178 2666; x_wconf 92' lang='lat' dir='ltr'>mus</span> <span class='ocrx_word' id='word_1_280' title='bbox 196 2639 229 2665; x_wconf 90' lang='lat' dir='ltr'>et</span> <span class='ocrx_word' id='word_1_281' title='bbox 246 2636 449 2674; x_wconf 83' lang='lat' dir='ltr'>indulgemus</span> <span class='ocrx_word' id='word_1_282' title='bbox 468 2636 560 2665; x_wconf 85' lang='lat' dir='ltr'>vobis</span> <span class='ocrx_word' id='word_1_283' title='bbox 579 2638 615 2665; x_wconf 91' lang='lat' dir='ltr'>ut</span> <span class='ocrx_word' id='word_1_284' title='bbox 633 2637 827 2666; x_wconf 86' lang='lat' dir='ltr'>monasteria</span> <span class='ocrx_word' id='word_1_285' title='bbox 847 2645 908 2674; x_wconf 84' lang='lat' dir='ltr'>que</span> <span class='ocrx_word' id='word_1_286' title='bbox 926 2637 967 2665; x_wconf 85' lang='lat' dir='ltr'>ab</span> <span class='ocrx_word' id='word_1_287' title='bbox 986 2636 1115 2665; x_wconf 68' lang='lat' dir='ltr'>ecclesia</span> 
     </span>
     <span class='ocr_line' id='line_1_41' title="bbox 107 2689 1118 2727; baseline 0 -9"><span class='ocrx_word' id='word_1_288' title='bbox 107 2689 249 2719; x_wconf 85' lang='lat' dir='ltr'>Florensi</span> <span class='ocrx_word' id='word_1_289' title='bbox 268 2691 301 2718; x_wconf 91' lang='lat' dir='ltr'>et</span> <span class='ocrx_word' id='word_1_290' title='bbox 319 2689 450 2718; x_wconf 85' lang='lat' dir='ltr'>filiabus</span> <span class='ocrx_word' id='word_1_291' title='bbox 470 2689 539 2726; x_wconf 88' lang='lat' dir='ltr'>ejus</span> <span class='ocrx_word' id='word_1_292' title='bbox 558 2689 695 2718; x_wconf 87' lang='lat' dir='ltr'>fundata</span> <span class='ocrx_word' id='word_1_293' title='bbox 715 2692 791 2718; x_wconf 91' lang='lat' dir='ltr'>sunt</span> <span class='ocrx_word' id='word_1_294' title='bbox 810 2689 859 2718; x_wconf 89' lang='lat' dir='ltr'>vel</span> <span class='ocrx_word' id='word_1_295' title='bbox 880 2689 918 2718; x_wconf 89' lang='lat' dir='ltr'>de</span> <span class='ocrx_word' id='word_1_296' title='bbox 938 2692 1042 2719; x_wconf 86' lang='lat' dir='ltr'>cetero</span> <span class='ocrx_word' id='word_1_297' title='bbox 1062 2698 1118 2727; x_wconf 89' lang='lat' dir='ltr'>per</span> 
     </span>
     <span class='ocr_line' id='line_1_42' title="bbox 109 2741 1117 2780; baseline -0.001 -9"><span class='ocrx_word' id='word_1_298' title='bbox 109 2742 341 2771; x_wconf 82' lang='lat' dir='ltr'>derivationem</span> <span class='ocrx_word' id='word_1_299' title='bbox 369 2744 428 2771; x_wconf 90' lang='lat' dir='ltr'>aut</span> <span class='ocrx_word' id='word_1_300' title='bbox 456 2742 696 2771; x_wconf 83' lang='lat' dir='ltr'>institutionem</span> <span class='ocrx_word' id='word_1_301' title='bbox 724 2741 846 2771; x_wconf 90' lang='lat' dir='ltr'>fuerint</span> <span class='ocrx_word' id='word_1_302' title='bbox 864 2744 1052 2780; x_wconf 88' lang='lat' dir='ltr'>propagata,</span> <span class='ocrx_word' id='word_1_303' title='bbox 1071 2751 1117 2771; x_wconf 81' lang='lat' dir='ltr'>rc-</span> 
     </span>
     <span class='ocr_line' id='line_1_43' title="bbox 108 2794 1117 2833; baseline 0 -10"><span class='ocrx_word' id='word_1_304' title='bbox 108 2795 210 2833; x_wconf 88' lang='lat' dir='ltr'>cipere</span> <span class='ocrx_word' id='word_1_305' title='bbox 239 2797 402 2833; x_wconf 87' lang='lat' dir='ltr'>nequeant</span> <span class='ocrx_word' id='word_1_306' title='bbox 430 2794 561 2823; x_wconf 87' lang='lat' dir='ltr'>alterius</span> <span class='ocrx_word' id='word_1_307' title='bbox 590 2794 710 2823; x_wconf 88' lang='lat' dir='ltr'>ordinis</span> <span class='ocrx_word' id='word_1_308' title='bbox 738 2794 899 2824; x_wconf 90' lang='lat' dir='ltr'>instituta.</span> <span class='ocrx_word' id='word_1_309' title='bbox 929 2795 1053 2823; x_wconf 86' lang='lat' dir='ltr'>Deinde</span> <span class='ocrx_word' id='word_1_310' title='bbox 1081 2798 1117 2823; x_wconf 83' lang='lat' dir='ltr'>ut</span> 
     </span>
     <span class='ocr_line' id='line_1_44' title="bbox 110 2847 1118 2877; baseline -0.001 -1"><span class='ocrx_word' id='word_1_311' title='bbox 110 2847 186 2877; x_wconf 83' lang='lat' dir='ltr'>ordo</span> <span class='ocrx_word' id='word_1_312' title='bbox 214 2847 414 2877; x_wconf 88' lang='lat' dir='ltr'>monasticus</span> <span class='ocrx_word' id='word_1_313' title='bbox 443 2848 620 2877; x_wconf 88' lang='lat' dir='ltr'>secundum</span> <span class='ocrx_word' id='word_1_314' title='bbox 649 2848 754 2876; x_wconf 89' lang='lat' dir='ltr'>Deum</span> <span class='ocrx_word' id='word_1_315' title='bbox 783 2850 815 2876; x_wconf 90' lang='lat' dir='ltr'>et</span> <span class='ocrx_word' id='word_1_316' title='bbox 841 2847 935 2877; x_wconf 85' lang='lat' dir='ltr'>Beati</span> <span class='ocrx_word' id='word_1_317' title='bbox 954 2848 1118 2876; x_wconf 72' lang='lat' dir='ltr'>Benedicti</span> 
     </span>
    </p>
   </div>
   <div class='ocr_carea' id='block_1_9' title="bbox 112 2950 1122 3016">
    <p class='ocr_par' dir='ltr' id='par_1_9' title="bbox 112 2950 1122 3016">
     <span class='ocr_line' id='line_1_45' title="bbox 146 2950 1122 2980; baseline 0.002 -7"><span class='ocrx_word' id='word_1_318' title='bbox 146 2951 168 2974; x_wconf 86' lang='lat'>1.</span> <span class='ocrx_word' id='word_1_319' title='bbox 190 2951 328 2976; x_wconf 82' lang='lat' dir='ltr'>L&#39;adresse</span> <span class='ocrx_word' id='word_1_320' title='bbox 348 2952 414 2975; x_wconf 85' lang='lat' dir='ltr'>mise</span> <span class='ocrx_word' id='word_1_321' title='bbox 433 2957 465 2974; x_wconf 81' lang='lat' dir='ltr'>en</span> <span class='ocrx_word' id='word_1_322' title='bbox 486 2956 590 2980; x_wconf 76' lang='lat' dir='ltr'>margo:</span> <span class='ocrx_word' id='word_1_323' title='bbox 610 2953 637 2975; x_wconf 79' lang='lat' dir='ltr'>et</span> <span class='ocrx_word' id='word_1_324' title='bbox 657 2951 682 2975; x_wconf 90' lang='lat' dir='ltr'>la</span> <span class='ocrx_word' id='word_1_325' title='bbox 700 2950 830 2980; x_wconf 85' lang='lat' dir='ltr'>rubrique</span> <span class='ocrx_word' id='word_1_326' title='bbox 849 2952 971 2975; x_wconf 85' lang='lat' dir='ltr'>donnent</span> <span class='ocrx_word' id='word_1_327' title='bbox 984 2952 1009 2975; x_wconf 87' lang='lat' dir='ltr'>la</span> <span class='ocrx_word' id='word_1_328' title='bbox 1018 2952 1122 2976; x_wconf 69' lang='lat' dir='ltr'>forme!</span> 
     </span>
     <span class='ocr_line' id='line_1_46' title="bbox 112 2984 548 3016; baseline 0 -7"><span class='ocrx_word' id='word_1_329' title='bbox 112 2984 238 3015; x_wconf 81' lang='lat' dir='ltr'>bechinis,</span> <span class='ocrx_word' id='word_1_330' title='bbox 262 2987 285 3010; x_wconf 85' lang='lat' dir='ltr'>le</span> <span class='ocrx_word' id='word_1_331' title='bbox 310 2988 386 3010; x_wconf 79' lang='lat' dir='ltr'>texte</span> <span class='ocrx_word' id='word_1_332' title='bbox 408 2994 412 3010; x_wconf 90' lang='lat'>:</span> <span class='ocrx_word' id='word_1_333' title='bbox 433 2986 548 3016; x_wconf 72' lang='lat' dir='ltr'>beyhine.</span> 
     </span>
    </p>
   </div>
   <div class='ocr_carea' id='block_1_10' title="bbox 1164 1353 1170 1947">
    <p class='ocr_par' dir='ltr' id='par_1_10' title="bbox 1164 1353 1170 1947">
     <span class='ocr_line' id='line_1_47' title="bbox 1164 1353 1170 1947; baseline 0 0"><span class='ocrx_word' id='word_1_334' title='bbox 1164 1353 1170 1947; x_wconf 95' lang='lat' dir='ltr'> </span> 
     </span>
    </p>
   </div>
   <div class='ocr_carea' id='block_1_11' title="bbox 1164 1353 1171 2148">
    <p class='ocr_par' dir='ltr' id='par_1_11' title="bbox 1164 1353 1171 2148">
     <span class='ocr_line' id='line_1_48' title="bbox 1164 1353 1171 2148; baseline 0 0"><span class='ocrx_word' id='word_1_335' title='bbox 1164 1353 1171 2148; x_wconf 95' lang='lat' dir='ltr'> </span> 
     </span>
    </p>
   </div>
   <div class='ocr_carea' id='block_1_12' title="bbox 1212 384 2236 2693">
    <p class='ocr_par' dir='ltr' id='par_1_12' title="bbox 1212 384 2235 1793">
     <span class='ocr_line' id='line_1_49' title="bbox 1213 384 2218 423; baseline 0.001 -10"><span class='ocrx_word' id='word_1_336' title='bbox 1213 384 1355 422; x_wconf 87' lang='lat' dir='ltr'>regulam</span> <span class='ocrx_word' id='word_1_337' title='bbox 1386 387 1485 423; x_wconf 85' lang='lat' dir='ltr'>atque</span> <span class='ocrx_word' id='word_1_338' title='bbox 1516 385 1754 414; x_wconf 88' lang='lat' dir='ltr'>institutionem</span> <span class='ocrx_word' id='word_1_339' title='bbox 1786 385 1985 414; x_wconf 88' lang='lat' dir='ltr'>Florensium</span> <span class='ocrx_word' id='word_1_340' title='bbox 2016 385 2154 415; x_wconf 81' lang='lat' dir='ltr'>fratrum</span> <span class='ocrx_word' id='word_1_341' title='bbox 2185 386 2218 415; x_wconf 93' lang='lat' dir='ltr'>in</span> 
     </span>
     <span class='ocr_line' id='line_1_50' title="bbox 1213 436 2222 476; baseline 0.001 -11"><span class='ocrx_word' id='word_1_342' title='bbox 1213 436 1332 466; x_wconf 90' lang='lat' dir='ltr'>eisdem</span> <span class='ocrx_word' id='word_1_343' title='bbox 1360 438 1561 466; x_wconf 88' lang='lat' dir='ltr'>monasteriis</span> <span class='ocrx_word' id='word_1_344' title='bbox 1590 438 1771 471; x_wconf 88' lang='lat' dir='ltr'>institutus,</span> <span class='ocrx_word' id='word_1_345' title='bbox 1800 437 1964 476; x_wconf 90' lang='lat' dir='ltr'>perpetuis</span> <span class='ocrx_word' id='word_1_346' title='bbox 1991 437 2112 466; x_wconf 89' lang='lat' dir='ltr'>ibidem</span> <span class='ocrx_word' id='word_1_347' title='bbox 2140 440 2222 467; x_wconf 89' lang='lat' dir='ltr'>tem-</span> 
     </span>
     <span class='ocr_line' id='line_1_51' title="bbox 1213 489 2224 528; baseline 0.001 -10"><span class='ocrx_word' id='word_1_348' title='bbox 1213 489 1343 527; x_wconf 88' lang='lat' dir='ltr'>poribus</span> <span class='ocrx_word' id='word_1_349' title='bbox 1363 490 1590 519; x_wconf 88' lang='lat' dir='ltr'>inviolabiliter</span> <span class='ocrx_word' id='word_1_350' title='bbox 1610 491 1807 520; x_wconf 83' lang='lat' dir='ltr'>observetur.</span> <span class='ocrx_word' id='word_1_351' title='bbox 1829 490 1904 519; x_wconf 89' lang='lat' dir='ltr'>Paci</span> <span class='ocrx_word' id='word_1_352' title='bbox 1925 490 2062 528; x_wconf 90' lang='lat' dir='ltr'>denique</span> <span class='ocrx_word' id='word_1_353' title='bbox 2082 492 2115 519; x_wconf 88' lang='lat' dir='ltr'>et</span> <span class='ocrx_word' id='word_1_354' title='bbox 2134 492 2224 519; x_wconf 89' lang='lat' dir='ltr'>tran-</span> 
     </span>
     <span class='ocr_line' id='line_1_52' title="bbox 1213 541 2221 581; baseline 0.001 -11"><span class='ocrx_word' id='word_1_355' title='bbox 1213 541 1367 580; x_wconf 88' lang='lat' dir='ltr'>quillitati</span> <span class='ocrx_word' id='word_1_356' title='bbox 1385 545 1501 577; x_wconf 85' lang='lat' dir='ltr'>vestre,</span> <span class='ocrx_word' id='word_1_357' title='bbox 1524 545 1684 581; x_wconf 90' lang='lat' dir='ltr'>quantum</span> <span class='ocrx_word' id='word_1_358' title='bbox 1712 543 1803 572; x_wconf 88' lang='lat' dir='ltr'>nobis</span> <span class='ocrx_word' id='word_1_359' title='bbox 1821 543 1925 581; x_wconf 90' lang='lat' dir='ltr'>gratia</span> <span class='ocrx_word' id='word_1_360' title='bbox 1945 543 2054 572; x_wconf 91' lang='lat' dir='ltr'>divina</span> <span class='ocrx_word' id='word_1_361' title='bbox 2074 543 2221 572; x_wconf 86' lang='lat' dir='ltr'>concedit</span> 
     </span>
     <span class='ocr_line' id='line_1_53' title="bbox 1212 594 2221 633; baseline 0 -9"><span class='ocrx_word' id='word_1_362' title='bbox 1212 594 1391 632; x_wconf 89' lang='lat' dir='ltr'>prospicere</span> <span class='ocrx_word' id='word_1_363' title='bbox 1412 595 1587 633; x_wconf 86' lang='lat' dir='ltr'>cupientes,</span> <span class='ocrx_word' id='word_1_364' title='bbox 1603 595 1779 633; x_wconf 88' lang='lat' dir='ltr'>apostolica</span> <span class='ocrx_word' id='word_1_365' title='bbox 1792 595 1885 624; x_wconf 89' lang='lat' dir='ltr'>vobis</span> <span class='ocrx_word' id='word_1_366' title='bbox 1898 595 2093 624; x_wconf 89' lang='lat' dir='ltr'>auctoritate</span> <span class='ocrx_word' id='word_1_367' title='bbox 2111 604 2221 624; x_wconf 87' lang='lat' dir='ltr'>conce-</span> 
     </span>
     <span class='ocr_line' id='line_1_54' title="bbox 1214 647 2221 687; baseline 0.001 -11"><span class='ocrx_word' id='word_1_368' title='bbox 1214 647 1319 676; x_wconf 90' lang='lat' dir='ltr'>dimus</span> <span class='ocrx_word' id='word_1_369' title='bbox 1340 649 1373 676; x_wconf 88' lang='lat' dir='ltr'>et</span> <span class='ocrx_word' id='word_1_370' title='bbox 1384 647 1586 686; x_wconf 82' lang='lat' dir='ltr'>indulgemus</span> <span class='ocrx_word' id='word_1_371' title='bbox 1599 650 1635 676; x_wconf 90' lang='lat' dir='ltr'>ut</span> <span class='ocrx_word' id='word_1_372' title='bbox 1646 648 1782 677; x_wconf 87' lang='lat' dir='ltr'>abbates</span> <span class='ocrx_word' id='word_1_373' title='bbox 1793 648 1893 677; x_wconf 90' lang='lat' dir='ltr'>vestri</span> <span class='ocrx_word' id='word_1_374' title='bbox 1905 648 2033 682; x_wconf 87' lang='lat' dir='ltr'>ordinis,</span> <span class='ocrx_word' id='word_1_375' title='bbox 2047 648 2101 687; x_wconf 92' lang='lat' dir='ltr'>qui</span> <span class='ocrx_word' id='word_1_376' title='bbox 2113 648 2221 686; x_wconf 92' lang='lat' dir='ltr'>aliquo</span> 
     </span>
     <span class='ocr_line' id='line_1_55' title="bbox 1214 699 2220 738; baseline 0.001 -10"><span class='ocrx_word' id='word_1_377' title='bbox 1214 699 1344 729; x_wconf 87' lang='lat' dir='ltr'>crimine</span> <span class='ocrx_word' id='word_1_378' title='bbox 1369 699 1455 729; x_wconf 91' lang='lat' dir='ltr'>fama</span> <span class='ocrx_word' id='word_1_379' title='bbox 1482 700 1610 738; x_wconf 88' lang='lat' dir='ltr'>publica</span> <span class='ocrx_word' id='word_1_380' title='bbox 1635 700 1769 738; x_wconf 88' lang='lat' dir='ltr'>respersi</span> <span class='ocrx_word' id='word_1_381' title='bbox 1793 703 1851 729; x_wconf 87' lang='lat' dir='ltr'>aut</span> <span class='ocrx_word' id='word_1_382' title='bbox 1876 700 2001 738; x_wconf 89' lang='lat' dir='ltr'>publice</span> <span class='ocrx_word' id='word_1_383' title='bbox 2026 700 2176 735; x_wconf 89' lang='lat' dir='ltr'>convicti,</span> <span class='ocrx_word' id='word_1_384' title='bbox 2202 709 2220 730; x_wconf 92' lang='lat' dir='ltr'>a</span> 
     </span>
     <span class='ocr_line' id='line_1_56' title="bbox 1214 752 2221 790; baseline 0.001 -9"><span class='ocrx_word' id='word_1_385' title='bbox 1214 752 1360 790; x_wconf 90' lang='lat' dir='ltr'>patribus</span> <span class='ocrx_word' id='word_1_386' title='bbox 1383 753 1558 782; x_wconf 83' lang='lat' dir='ltr'>abbatibus</span> <span class='ocrx_word' id='word_1_387' title='bbox 1580 753 1757 781; x_wconf 87' lang='lat' dir='ltr'>secundum</span> <span class='ocrx_word' id='word_1_388' title='bbox 1779 753 1917 782; x_wconf 84' lang='lat' dir='ltr'>formam</span> <span class='ocrx_word' id='word_1_389' title='bbox 1940 753 2058 782; x_wconf 92' lang='lat' dir='ltr'>ordinis</span> <span class='ocrx_word' id='word_1_390' title='bbox 2081 762 2221 782; x_wconf 90' lang='lat' dir='ltr'>commo-</span> 
     </span>
     <span class='ocr_line' id='line_1_57' title="bbox 1214 805 2222 843; baseline 0.002 -10"><span class='ocrx_word' id='word_1_391' title='bbox 1214 805 1284 839; x_wconf 88' lang='lat' dir='ltr'>niti,</span> <span class='ocrx_word' id='word_1_392' title='bbox 1304 814 1360 834; x_wconf 89' lang='lat' dir='ltr'>sue</span> <span class='ocrx_word' id='word_1_393' title='bbox 1379 805 1551 843; x_wconf 89' lang='lat' dir='ltr'>prolationi</span> <span class='ocrx_word' id='word_1_394' title='bbox 1577 808 1692 843; x_wconf 91' lang='lat' dir='ltr'>sponte</span> <span class='ocrx_word' id='word_1_395' title='bbox 1718 806 1828 834; x_wconf 88' lang='lat' dir='ltr'>cedere</span> <span class='ocrx_word' id='word_1_396' title='bbox 1854 806 2015 835; x_wconf 90' lang='lat' dir='ltr'>noluerint</span> <span class='ocrx_word' id='word_1_397' title='bbox 2046 806 2087 835; x_wconf 91' lang='lat' dir='ltr'>ad</span> <span class='ocrx_word' id='word_1_398' title='bbox 2108 806 2222 835; x_wconf 90' lang='lat' dir='ltr'>Sedem</span> 
     </span>
     <span class='ocr_line' id='line_1_58' title="bbox 1213 857 2223 896; baseline 0.002 -10"><span class='ocrx_word' id='word_1_399' title='bbox 1213 858 1433 895; x_wconf 89' lang='lat' dir='ltr'>Apostolicam</span> <span class='ocrx_word' id='word_1_400' title='bbox 1462 858 1646 896; x_wconf 88' lang='lat' dir='ltr'>appellandi</span> <span class='ocrx_word' id='word_1_401' title='bbox 1683 857 1872 887; x_wconf 88' lang='lat' dir='ltr'>facultatem</span> <span class='ocrx_word' id='word_1_402' title='bbox 1902 867 1965 886; x_wconf 91' lang='lat' dir='ltr'>non</span> <span class='ocrx_word' id='word_1_403' title='bbox 1994 859 2136 887; x_wconf 86' lang='lat' dir='ltr'>habeant</span> <span class='ocrx_word' id='word_1_404' title='bbox 2164 860 2223 888; x_wconf 85' lang='lat' dir='ltr'>aut</span> 
     </span>
     <span class='ocr_line' id='line_1_59' title="bbox 1214 910 2223 949; baseline 0.001 -10"><span class='ocrx_word' id='word_1_405' title='bbox 1214 919 1308 939; x_wconf 93' lang='lat' dir='ltr'>suum</span> <span class='ocrx_word' id='word_1_406' title='bbox 1337 912 1463 939; x_wconf 91' lang='lat' dir='ltr'>reatum</span> <span class='ocrx_word' id='word_1_407' title='bbox 1493 919 1549 948; x_wconf 92' lang='lat' dir='ltr'>per</span> <span class='ocrx_word' id='word_1_408' title='bbox 1578 919 1730 948; x_wconf 88' lang='lat' dir='ltr'>personas</span> <span class='ocrx_word' id='word_1_409' title='bbox 1759 910 1883 949; x_wconf 89' lang='lat' dir='ltr'>aliquas</span> <span class='ocrx_word' id='word_1_410' title='bbox 1913 910 2115 939; x_wconf 88' lang='lat' dir='ltr'>defendendi.</span> <span class='ocrx_word' id='word_1_411' title='bbox 2146 912 2223 941; x_wconf 88' lang='lat' dir='ltr'>San-</span> 
     </span>
     <span class='ocr_line' id='line_1_60' title="bbox 1215 963 2224 1001; baseline 0.001 -10"><span class='ocrx_word' id='word_1_412' title='bbox 1215 963 1315 992; x_wconf 90' lang='lat' dir='ltr'>cimus</span> <span class='ocrx_word' id='word_1_413' title='bbox 1338 965 1482 1000; x_wconf 89' lang='lat' dir='ltr'>preterea</span> <span class='ocrx_word' id='word_1_414' title='bbox 1505 965 1542 992; x_wconf 90' lang='lat' dir='ltr'>ut</span> <span class='ocrx_word' id='word_1_415' title='bbox 1563 963 1589 991; x_wconf 90' lang='lat' dir='ltr'>si</span> <span class='ocrx_word' id='word_1_416' title='bbox 1611 963 1751 1001; x_wconf 87' lang='lat' dir='ltr'>episcopi</span> <span class='ocrx_word' id='word_1_417' title='bbox 1772 963 1869 992; x_wconf 86' lang='lat' dir='ltr'>tertio</span> <span class='ocrx_word' id='word_1_418' title='bbox 1892 972 1964 992; x_wconf 87' lang='lat' dir='ltr'>eum</span> <span class='ocrx_word' id='word_1_419' title='bbox 1987 963 2169 992; x_wconf 90' lang='lat' dir='ltr'>humilitate</span> <span class='ocrx_word' id='word_1_420' title='bbox 2191 966 2224 992; x_wconf 92' lang='lat' dir='ltr'>et</span> 
     </span>
     <span class='ocr_line' id='line_1_61' title="bbox 1216 1015 2223 1053; baseline 0.001 -9"><span class='ocrx_word' id='word_1_421' title='bbox 1216 1015 1398 1049; x_wconf 89' lang='lat' dir='ltr'>devotione,</span> <span class='ocrx_word' id='word_1_422' title='bbox 1422 1015 1506 1044; x_wconf 90' lang='lat' dir='ltr'>sicut</span> <span class='ocrx_word' id='word_1_423' title='bbox 1523 1015 1685 1049; x_wconf 86' lang='lat' dir='ltr'>convenit,</span> <span class='ocrx_word' id='word_1_424' title='bbox 1702 1015 1858 1053; x_wconf 86' lang='lat' dir='ltr'>requisiti,</span> <span class='ocrx_word' id='word_1_425' title='bbox 1877 1016 2071 1044; x_wconf 90' lang='lat' dir='ltr'>substitutos</span> <span class='ocrx_word' id='word_1_426' title='bbox 2089 1016 2223 1045; x_wconf 85' lang='lat' dir='ltr'>abbates</span> 
     </span>
     <span class='ocr_line' id='line_1_62' title="bbox 1215 1067 2225 1101; baseline 0 -4"><span class='ocrx_word' id='word_1_427' title='bbox 1215 1068 1401 1097; x_wconf 87' lang='lat' dir='ltr'>benedicere</span> <span class='ocrx_word' id='word_1_428' title='bbox 1435 1067 1518 1097; x_wconf 87' lang='lat' dir='ltr'>forte</span> <span class='ocrx_word' id='word_1_429' title='bbox 1552 1068 1727 1101; x_wconf 91' lang='lat' dir='ltr'>renuerint,</span> <span class='ocrx_word' id='word_1_430' title='bbox 1769 1068 1888 1097; x_wconf 86' lang='lat' dir='ltr'>eisdem</span> <span class='ocrx_word' id='word_1_431' title='bbox 1922 1068 2096 1097; x_wconf 90' lang='lat' dir='ltr'>abbatibus</span> <span class='ocrx_word' id='word_1_432' title='bbox 2130 1068 2225 1097; x_wconf 88' lang='lat' dir='ltr'>liceat</span> 
     </span>
     <span class='ocr_line' id='line_1_63' title="bbox 1216 1121 2227 1159; baseline 0 -10"><span class='ocrx_word' id='word_1_433' title='bbox 1216 1121 1356 1150; x_wconf 92' lang='lat' dir='ltr'>novitios</span> <span class='ocrx_word' id='word_1_434' title='bbox 1380 1121 1524 1159; x_wconf 90' lang='lat' dir='ltr'>proprios</span> <span class='ocrx_word' id='word_1_435' title='bbox 1547 1121 1744 1155; x_wconf 88' lang='lat' dir='ltr'>benedicere,</span> <span class='ocrx_word' id='word_1_436' title='bbox 1768 1123 1801 1149; x_wconf 92' lang='lat' dir='ltr'>et</span> <span class='ocrx_word' id='word_1_437' title='bbox 1822 1121 1884 1150; x_wconf 88' lang='lat' dir='ltr'>alia</span> <span class='ocrx_word' id='word_1_438' title='bbox 1907 1130 1969 1159; x_wconf 91' lang='lat' dir='ltr'>que</span> <span class='ocrx_word' id='word_1_439' title='bbox 1991 1121 2032 1150; x_wconf 94' lang='lat' dir='ltr'>ad</span> <span class='ocrx_word' id='word_1_440' title='bbox 2054 1121 2131 1149; x_wconf 90' lang='lat' dir='ltr'>illud</span> <span class='ocrx_word' id='word_1_441' title='bbox 2155 1121 2227 1150; x_wconf 83' lang='lat' dir='ltr'>offi-</span> 
     </span>
     <span class='ocr_line' id='line_1_64' title="bbox 1217 1173 2227 1212; baseline -0.001 -9"><span class='ocrx_word' id='word_1_442' title='bbox 1217 1173 1301 1203; x_wconf 88' lang='lat' dir='ltr'>cium</span> <span class='ocrx_word' id='word_1_443' title='bbox 1327 1173 1491 1212; x_wconf 89' lang='lat' dir='ltr'>pertinent</span> <span class='ocrx_word' id='word_1_444' title='bbox 1515 1183 1671 1207; x_wconf 87' lang='lat' dir='ltr'>exercere,</span> <span class='ocrx_word' id='word_1_445' title='bbox 1698 1174 1798 1202; x_wconf 89' lang='lat' dir='ltr'>donec</span> <span class='ocrx_word' id='word_1_446' title='bbox 1823 1173 1884 1211; x_wconf 91' lang='lat' dir='ltr'>ipsi</span> <span class='ocrx_word' id='word_1_447' title='bbox 1909 1173 2048 1212; x_wconf 85' lang='lat' dir='ltr'>episcopi</span> <span class='ocrx_word' id='word_1_448' title='bbox 2074 1173 2227 1203; x_wconf 90' lang='lat' dir='ltr'>duritiam</span> 
     </span>
     <span class='ocr_line' id='line_1_65' title="bbox 1217 1226 2227 1264; baseline 0 -9"><span class='ocrx_word' id='word_1_449' title='bbox 1217 1235 1309 1255; x_wconf 88' lang='lat' dir='ltr'>suam</span> <span class='ocrx_word' id='word_1_450' title='bbox 1332 1226 1510 1264; x_wconf 83' lang='lat' dir='ltr'>recogitent</span> <span class='ocrx_word' id='word_1_451' title='bbox 1532 1229 1564 1255; x_wconf 89' lang='lat' dir='ltr'>et</span> <span class='ocrx_word' id='word_1_452' title='bbox 1587 1226 1722 1255; x_wconf 87' lang='lat' dir='ltr'>abbates</span> <span class='ocrx_word' id='word_1_453' title='bbox 1745 1226 1932 1255; x_wconf 86' lang='lat' dir='ltr'>benedictos</span> <span class='ocrx_word' id='word_1_454' title='bbox 1955 1226 2141 1255; x_wconf 87' lang='lat' dir='ltr'>benedicere</span> <span class='ocrx_word' id='word_1_455' title='bbox 2164 1236 2227 1255; x_wconf 93' lang='lat' dir='ltr'>non</span> 
     </span>
     <span class='ocr_line' id='line_1_66' title="bbox 1218 1279 2230 1318; baseline 0 -10"><span class='ocrx_word' id='word_1_456' title='bbox 1218 1282 1375 1308; x_wconf 88' lang='lat' dir='ltr'>recusent.</span> <span class='ocrx_word' id='word_1_457' title='bbox 1398 1279 1491 1313; x_wconf 87' lang='lat' dir='ltr'>Sane,</span> <span class='ocrx_word' id='word_1_458' title='bbox 1513 1279 1539 1308; x_wconf 92' lang='lat' dir='ltr'>si</span> <span class='ocrx_word' id='word_1_459' title='bbox 1560 1279 1700 1317; x_wconf 89' lang='lat' dir='ltr'>episcopi</span> <span class='ocrx_word' id='word_1_460' title='bbox 1721 1279 1762 1308; x_wconf 90' lang='lat' dir='ltr'>ab</span> <span class='ocrx_word' id='word_1_461' title='bbox 1784 1279 1959 1308; x_wconf 89' lang='lat' dir='ltr'>abbatibus</span> <span class='ocrx_word' id='word_1_462' title='bbox 1980 1279 2101 1318; x_wconf 88' lang='lat' dir='ltr'>aliquid</span> <span class='ocrx_word' id='word_1_463' title='bbox 2123 1282 2230 1317; x_wconf 85' lang='lat' dir='ltr'>preter</span> 
     </span>
     <span class='ocr_line' id='line_1_67' title="bbox 1219 1331 2231 1370; baseline -0.001 -9"><span class='ocrx_word' id='word_1_464' title='bbox 1219 1331 1438 1361; x_wconf 83' lang='lat' dir='ltr'>obedientiam</span> <span class='ocrx_word' id='word_1_465' title='bbox 1462 1332 1616 1365; x_wconf 88' lang='lat' dir='ltr'>debitam,</span> <span class='ocrx_word' id='word_1_466' title='bbox 1640 1334 1752 1361; x_wconf 84' lang='lat' dir='ltr'>contra</span> <span class='ocrx_word' id='word_1_467' title='bbox 1775 1332 1957 1361; x_wconf 89' lang='lat' dir='ltr'>libertatem</span> <span class='ocrx_word' id='word_1_468' title='bbox 1981 1331 2099 1361; x_wconf 91' lang='lat' dir='ltr'>ordinis</span> <span class='ocrx_word' id='word_1_469' title='bbox 2120 1341 2138 1361; x_wconf 89' lang='lat' dir='ltr'>a</span> <span class='ocrx_word' id='word_1_470' title='bbox 2161 1341 2231 1370; x_wconf 89' lang='lat' dir='ltr'>pre-</span> 
     </span>
     <span class='ocr_line' id='line_1_68' title="bbox 1220 1385 2230 1423; baseline -0.001 -9"><span class='ocrx_word' id='word_1_471' title='bbox 1220 1385 1438 1414; x_wconf 86' lang='lat' dir='ltr'>decessoribus</span> <span class='ocrx_word' id='word_1_472' title='bbox 1474 1385 1590 1414; x_wconf 91' lang='lat' dir='ltr'>nostris</span> <span class='ocrx_word' id='word_1_473' title='bbox 1625 1387 1657 1414; x_wconf 91' lang='lat' dir='ltr'>et</span> <span class='ocrx_word' id='word_1_474' title='bbox 1692 1385 1784 1414; x_wconf 91' lang='lat' dir='ltr'>nobis</span> <span class='ocrx_word' id='word_1_475' title='bbox 1818 1385 1989 1418; x_wconf 87' lang='lat' dir='ltr'>indultam,</span> <span class='ocrx_word' id='word_1_476' title='bbox 2025 1385 2230 1423; x_wconf 86' lang='lat' dir='ltr'>expetierint,</span> 
     </span>
     <span class='ocr_line' id='line_1_69' title="bbox 1219 1437 2231 1475; baseline 0 -9"><span class='ocrx_word' id='word_1_477' title='bbox 1219 1438 1355 1467; x_wconf 88' lang='lat' dir='ltr'>liberum</span> <span class='ocrx_word' id='word_1_478' title='bbox 1389 1438 1431 1466; x_wconf 87' lang='lat' dir='ltr'>sit</span> <span class='ocrx_word' id='word_1_479' title='bbox 1463 1438 1582 1466; x_wconf 89' lang='lat' dir='ltr'>eisdem</span> <span class='ocrx_word' id='word_1_480' title='bbox 1616 1437 1792 1466; x_wconf 90' lang='lat' dir='ltr'>abbatibus</span> <span class='ocrx_word' id='word_1_481' title='bbox 1825 1437 2021 1466; x_wconf 88' lang='lat' dir='ltr'>auctoritate</span> <span class='ocrx_word' id='word_1_482' title='bbox 2053 1437 2231 1475; x_wconf 90' lang='lat' dir='ltr'>apostolica</span> 
     </span>
     <span class='ocr_line' id='line_1_70' title="bbox 1221 1490 2233 1529; baseline 0 -10"><span class='ocrx_word' id='word_1_483' title='bbox 1221 1490 1377 1529; x_wconf 85' lang='lat' dir='ltr'>denegare</span> <span class='ocrx_word' id='word_1_484' title='bbox 1397 1491 1483 1529; x_wconf 90' lang='lat' dir='ltr'>quod</span> <span class='ocrx_word' id='word_1_485' title='bbox 1504 1490 1636 1528; x_wconf 89' lang='lat' dir='ltr'>petitur,</span> <span class='ocrx_word' id='word_1_486' title='bbox 1658 1499 1696 1519; x_wconf 89' lang='lat' dir='ltr'>ne</span> <span class='ocrx_word' id='word_1_487' title='bbox 1717 1490 1882 1519; x_wconf 85' lang='lat' dir='ltr'>occasione</span> <span class='ocrx_word' id='word_1_488' title='bbox 1910 1490 1972 1519; x_wconf 90' lang='lat' dir='ltr'>ista</span> <span class='ocrx_word' id='word_1_489' title='bbox 1993 1490 2070 1519; x_wconf 93' lang='lat' dir='ltr'>ordo</span> <span class='ocrx_word' id='word_1_490' title='bbox 2090 1490 2157 1528; x_wconf 90' lang='lat' dir='ltr'>ipse</span> <span class='ocrx_word' id='word_1_491' title='bbox 2177 1490 2233 1528; x_wconf 91' lang='lat' dir='ltr'>qui</span> 
     </span>
     <span class='ocr_line' id='line_1_71' title="bbox 1221 1542 2231 1581; baseline -0.001 -9"><span class='ocrx_word' id='word_1_492' title='bbox 1221 1543 1377 1572; x_wconf 90' lang='lat' dir='ltr'>hactenus</span> <span class='ocrx_word' id='word_1_493' title='bbox 1403 1543 1482 1572; x_wconf 89' lang='lat' dir='ltr'>liber</span> <span class='ocrx_word' id='word_1_494' title='bbox 1507 1543 1628 1577; x_wconf 89' lang='lat' dir='ltr'>extitit,</span> <span class='ocrx_word' id='word_1_495' title='bbox 1656 1545 1810 1581; x_wconf 89' lang='lat' dir='ltr'>perpetue</span> <span class='ocrx_word' id='word_1_496' title='bbox 1836 1542 2003 1572; x_wconf 90' lang='lat' dir='ltr'>servitutis</span> <span class='ocrx_word' id='word_1_497' title='bbox 2025 1542 2140 1581; x_wconf 86' lang='lat' dir='ltr'>laqueo</span> <span class='ocrx_word' id='word_1_498' title='bbox 2163 1542 2231 1572; x_wconf 88' lang='lat' dir='ltr'>vin-</span> 
     </span>
     <span class='ocr_line' id='line_1_72' title="bbox 1222 1595 2234 1634; baseline -0.001 -9"><span class='ocrx_word' id='word_1_499' title='bbox 1222 1596 1335 1625; x_wconf 90' lang='lat' dir='ltr'>ciatur.</span> <span class='ocrx_word' id='word_1_500' title='bbox 1352 1596 1444 1632; x_wconf 88' lang='lat' dir='ltr'>Quod</span> <span class='ocrx_word' id='word_1_501' title='bbox 1459 1596 1484 1624; x_wconf 92' lang='lat' dir='ltr'>si</span> <span class='ocrx_word' id='word_1_502' title='bbox 1498 1596 1639 1634; x_wconf 88' lang='lat' dir='ltr'>episcopi</span> <span class='ocrx_word' id='word_1_503' title='bbox 1653 1595 1795 1634; x_wconf 89' lang='lat' dir='ltr'>aliquam</span> <span class='ocrx_word' id='word_1_504' title='bbox 1809 1598 1942 1634; x_wconf 91' lang='lat' dir='ltr'>propter</span> <span class='ocrx_word' id='word_1_505' title='bbox 1955 1595 2015 1624; x_wconf 90' lang='lat' dir='ltr'>hoc</span> <span class='ocrx_word' id='word_1_506' title='bbox 2036 1595 2068 1624; x_wconf 92' lang='lat' dir='ltr'>in</span> <span class='ocrx_word' id='word_1_507' title='bbox 2082 1604 2234 1633; x_wconf 88' lang='lat' dir='ltr'>personas</span> 
     </span>
     <span class='ocr_line' id='line_1_73' title="bbox 1221 1648 2235 1687; baseline -0.001 -9"><span class='ocrx_word' id='word_1_508' title='bbox 1221 1649 1273 1678; x_wconf 95' lang='lat' dir='ltr'>vel</span> <span class='ocrx_word' id='word_1_509' title='bbox 1299 1648 1446 1678; x_wconf 90' lang='lat' dir='ltr'>eeclesias</span> <span class='ocrx_word' id='word_1_510' title='bbox 1473 1651 1598 1677; x_wconf 88' lang='lat' dir='ltr'>vestras</span> <span class='ocrx_word' id='word_1_511' title='bbox 1624 1649 1819 1678; x_wconf 87' lang='lat' dir='ltr'>sententiam</span> <span class='ocrx_word' id='word_1_512' title='bbox 1846 1648 2134 1687; x_wconf 85' lang='lat' dir='ltr'>promulgaverint,</span> <span class='ocrx_word' id='word_1_513' title='bbox 2161 1657 2235 1677; x_wconf 87' lang='lat' dir='ltr'>ean-</span> 
     </span>
     <span class='ocr_line' id='line_1_74' title="bbox 1223 1701 2235 1740; baseline -0.002 -9"><span class='ocrx_word' id='word_1_514' title='bbox 1223 1702 1296 1731; x_wconf 90' lang='lat' dir='ltr'>dem</span> <span class='ocrx_word' id='word_1_515' title='bbox 1332 1701 1529 1731; x_wconf 85' lang='lat' dir='ltr'>sententiam</span> <span class='ocrx_word' id='word_1_516' title='bbox 1566 1704 1736 1740; x_wconf 92' lang='lat' dir='ltr'>tamquam</span> <span class='ocrx_word' id='word_1_517' title='bbox 1773 1703 1886 1730; x_wconf 89' lang='lat' dir='ltr'>contra</span> <span class='ocrx_word' id='word_1_518' title='bbox 1923 1701 2107 1739; x_wconf 85' lang='lat' dir='ltr'>Apostolice</span> <span class='ocrx_word' id='word_1_519' title='bbox 2145 1701 2235 1730; x_wconf 89' lang='lat' dir='ltr'>Sedis</span> 
     </span>
     <span class='ocr_line' id='line_1_75' title="bbox 1221 1754 2001 1793; baseline -0.001 -10"><span class='ocrx_word' id='word_1_520' title='bbox 1221 1754 1349 1784; x_wconf 88' lang='lat' dir='ltr'>indulta</span> <span class='ocrx_word' id='word_1_521' title='bbox 1378 1754 1549 1793; x_wconf 89' lang='lat' dir='ltr'>prolatam,</span> <span class='ocrx_word' id='word_1_522' title='bbox 1579 1754 1704 1783; x_wconf 93' lang='lat' dir='ltr'>irritam</span> <span class='ocrx_word' id='word_1_523' title='bbox 1732 1754 1800 1783; x_wconf 87' lang='lat' dir='ltr'>fore</span> <span class='ocrx_word' id='word_1_524' title='bbox 1829 1754 2001 1783; x_wconf 90' lang='lat' dir='ltr'>sancimus.</span> 
     </span>
    </p>

    <p class='ocr_par' dir='ltr' id='par_1_13' title="bbox 1220 1806 2236 2693">
     <span class='ocr_line' id='line_1_76' title="bbox 1264 1806 2234 1845; baseline -0.001 -9"><span class='ocrx_word' id='word_1_525' title='bbox 1264 1807 1473 1837; x_wconf 89' lang='lat' dir='ltr'>Decernimus</span> <span class='ocrx_word' id='word_1_526' title='bbox 1496 1815 1569 1845; x_wconf 85' lang='lat' dir='ltr'>ergo</span> <span class='ocrx_word' id='word_1_527' title='bbox 1592 1809 1628 1835; x_wconf 90' lang='lat' dir='ltr'>ut</span> <span class='ocrx_word' id='word_1_528' title='bbox 1651 1807 1729 1836; x_wconf 91' lang='lat' dir='ltr'>nulli</span> <span class='ocrx_word' id='word_1_529' title='bbox 1752 1807 1919 1836; x_wconf 91' lang='lat' dir='ltr'>hominum</span> <span class='ocrx_word' id='word_1_530' title='bbox 1941 1806 2116 1845; x_wconf 88' lang='lat' dir='ltr'>aliquando</span> <span class='ocrx_word' id='word_1_531' title='bbox 2139 1806 2234 1835; x_wconf 84' lang='lat' dir='ltr'>liceat</span> 
     </span>
     <span class='ocr_line' id='line_1_77' title="bbox 1222 1859 2236 1899; baseline -0.001 -10"><span class='ocrx_word' id='word_1_532' title='bbox 1222 1860 1282 1889; x_wconf 88' lang='lat' dir='ltr'>hiis</span> <span class='ocrx_word' id='word_1_533' title='bbox 1300 1869 1362 1899; x_wconf 91' lang='lat' dir='ltr'>que</span> <span class='ocrx_word' id='word_1_534' title='bbox 1378 1860 1411 1889; x_wconf 90' lang='lat' dir='ltr'>in</span> <span class='ocrx_word' id='word_1_535' title='bbox 1429 1860 1488 1889; x_wconf 90' lang='lat' dir='ltr'>hac</span> <span class='ocrx_word' id='word_1_536' title='bbox 1506 1860 1622 1898; x_wconf 88' lang='lat' dir='ltr'>pagina</span> <span class='ocrx_word' id='word_1_537' title='bbox 1639 1869 1679 1888; x_wconf 85' lang='lat' dir='ltr'>ex</span> <span class='ocrx_word' id='word_1_538' title='bbox 1693 1859 1889 1889; x_wconf 88' lang='lat' dir='ltr'>auctoritate</span> <span class='ocrx_word' id='word_1_539' title='bbox 1904 1859 2134 1898; x_wconf 89' lang='lat' dir='ltr'>Apostolorum</span> <span class='ocrx_word' id='word_1_540' title='bbox 2150 1859 2236 1897; x_wconf 90' lang='lat' dir='ltr'>prin-</span> 
     </span>
     <span class='ocr_line' id='line_1_78' title="bbox 1222 1912 2233 1951; baseline -0.001 -9"><span class='ocrx_word' id='word_1_541' title='bbox 1222 1913 1300 1951; x_wconf 89' lang='lat' dir='ltr'>cipis</span> <span class='ocrx_word' id='word_1_542' title='bbox 1326 1922 1344 1942; x_wconf 91' lang='lat' dir='ltr'>a</span> <span class='ocrx_word' id='word_1_543' title='bbox 1370 1913 1462 1942; x_wconf 88' lang='lat' dir='ltr'>nobis</span> <span class='ocrx_word' id='word_1_544' title='bbox 1488 1913 1677 1946; x_wconf 84' lang='lat' dir='ltr'>constituta,</span> <span class='ocrx_word' id='word_1_545' title='bbox 1698 1912 1890 1941; x_wconf 86' lang='lat' dir='ltr'>confirmata</span> <span class='ocrx_word' id='word_1_546' title='bbox 1912 1914 1945 1941; x_wconf 89' lang='lat' dir='ltr'>et</span> <span class='ocrx_word' id='word_1_547' title='bbox 1970 1921 2119 1941; x_wconf 88' lang='lat' dir='ltr'>concessa</span> <span class='ocrx_word' id='word_1_548' title='bbox 2144 1914 2233 1945; x_wconf 89' lang='lat' dir='ltr'>sunt,</span> 
     </span>
     <span class='ocr_line' id='line_1_79' title="bbox 1222 1965 2232 2003; baseline -0.002 -8"><span class='ocrx_word' id='word_1_549' title='bbox 1222 1975 1302 1995; x_wconf 91' lang='lat' dir='ltr'>ausu</span> <span class='ocrx_word' id='word_1_550' title='bbox 1332 1966 1503 1995; x_wconf 90' lang='lat' dir='ltr'>temerario</span> <span class='ocrx_word' id='word_1_551' title='bbox 1534 1965 1693 1995; x_wconf 87' lang='lat' dir='ltr'>contraire</span> <span class='ocrx_word' id='word_1_552' title='bbox 1723 1974 1761 1994; x_wconf 90' lang='lat' dir='ltr'>ac</span> <span class='ocrx_word' id='word_1_553' title='bbox 1791 1967 1899 1994; x_wconf 90' lang='lat' dir='ltr'>nostre</span> <span class='ocrx_word' id='word_1_554' title='bbox 1930 1965 2026 2003; x_wconf 88' lang='lat' dir='ltr'>hujus</span> <span class='ocrx_word' id='word_1_555' title='bbox 2057 1965 2232 1994; x_wconf 88' lang='lat' dir='ltr'>sanctionis</span> 
     </span>
     <span class='ocr_line' id='line_1_80' title="bbox 1221 2017 2231 2057; baseline -0.002 -9"><span class='ocrx_word' id='word_1_556' title='bbox 1221 2020 1365 2057; x_wconf 85' lang='lat' dir='ltr'>vigorem</span> <span class='ocrx_word' id='word_1_557' title='bbox 1387 2019 1494 2057; x_wconf 91' lang='lat' dir='ltr'>aliqua</span> <span class='ocrx_word' id='word_1_558' title='bbox 1516 2018 1758 2056; x_wconf 87' lang='lat' dir='ltr'>presumptione</span> <span class='ocrx_word' id='word_1_559' title='bbox 1780 2017 1960 2055; x_wconf 87' lang='lat' dir='ltr'>infringere.</span> <span class='ocrx_word' id='word_1_560' title='bbox 1980 2017 2012 2047; x_wconf 87' lang='lat' dir='ltr'>Si</span> <span class='ocrx_word' id='word_1_561' title='bbox 2034 2018 2105 2056; x_wconf 90' lang='lat' dir='ltr'>quis</span> <span class='ocrx_word' id='word_1_562' title='bbox 2121 2019 2231 2046; x_wconf 90' lang='lat' dir='ltr'>autem</span> 
     </span>
     <span class='ocr_line' id='line_1_81' title="bbox 1222 2070 2234 2111; baseline -0.002 -10"><span class='ocrx_word' id='word_1_563' title='bbox 1222 2071 1282 2101; x_wconf 90' lang='lat' dir='ltr'>hoc</span> <span class='ocrx_word' id='word_1_564' title='bbox 1300 2074 1497 2110; x_wconf 89' lang='lat' dir='ltr'>attemptare</span> <span class='ocrx_word' id='word_1_565' title='bbox 1516 2071 1733 2109; x_wconf 85' lang='lat' dir='ltr'>presumserit,</span> <span class='ocrx_word' id='word_1_566' title='bbox 1748 2108 1750 2111; x_wconf 20' lang='lat' dir='ltr'>v</span> <span class='ocrx_word' id='word_1_567' title='bbox 1767 2073 1800 2100; x_wconf 93' lang='lat' dir='ltr'>et</span> <span class='ocrx_word' id='word_1_568' title='bbox 1832 2071 1960 2109; x_wconf 89' lang='lat' dir='ltr'>culpam</span> <span class='ocrx_word' id='word_1_569' title='bbox 1979 2079 2070 2099; x_wconf 91' lang='lat' dir='ltr'>suam</span> <span class='ocrx_word' id='word_1_570' title='bbox 2088 2070 2234 2100; x_wconf 88' lang='lat' dir='ltr'>satisfac-</span> 
     </span>
     <span class='ocr_line' id='line_1_82' title="bbox 1221 2123 2234 2163; baseline -0.002 -9"><span class='ocrx_word' id='word_1_571' title='bbox 1221 2125 1310 2154; x_wconf 85' lang='lat' dir='ltr'>tione</span> <span class='ocrx_word' id='word_1_572' title='bbox 1346 2132 1486 2163; x_wconf 82' lang='lat' dir='ltr'>congrua</span> <span class='ocrx_word' id='word_1_573' title='bbox 1533 2124 1763 2162; x_wconf 87' lang='lat' dir='ltr'>contempserit</span> <span class='ocrx_word' id='word_1_574' title='bbox 1789 2124 1970 2157; x_wconf 83' lang='lat' dir='ltr'>emendare,</span> <span class='ocrx_word' id='word_1_575' title='bbox 2006 2123 2114 2152; x_wconf 91' lang='lat' dir='ltr'>divine</span> <span class='ocrx_word' id='word_1_576' title='bbox 2131 2123 2234 2152; x_wconf 88' lang='lat' dir='ltr'>anim-</span> 
     </span>
     <span class='ocr_line' id='line_1_83' title="bbox 1221 2175 2232 2215; baseline -0.003 -8"><span class='ocrx_word' id='word_1_577' title='bbox 1221 2177 1419 2207; x_wconf 87' lang='lat' dir='ltr'>adversionis</span> <span class='ocrx_word' id='word_1_578' title='bbox 1448 2177 1569 2215; x_wconf 87' lang='lat' dir='ltr'>judicio</span> <span class='ocrx_word' id='word_1_579' title='bbox 1598 2186 1631 2206; x_wconf 89' lang='lat' dir='ltr'>se</span> <span class='ocrx_word' id='word_1_580' title='bbox 1649 2176 1775 2205; x_wconf 89' lang='lat' dir='ltr'>noverit</span> <span class='ocrx_word' id='word_1_581' title='bbox 1788 2177 1963 2214; x_wconf 88' lang='lat' dir='ltr'>subjacere.</span> <span class='ocrx_word' id='word_1_582' title='bbox 1979 2175 2109 2205; x_wconf 87' lang='lat' dir='ltr'>Cunctis</span> <span class='ocrx_word' id='word_1_583' title='bbox 2122 2177 2232 2204; x_wconf 89' lang='lat' dir='ltr'>autem</span> 
     </span>
     <span class='ocr_line' id='line_1_84' title="bbox 1222 2228 2231 2267; baseline -0.003 -7"><span class='ocrx_word' id='word_1_584' title='bbox 1222 2231 1286 2260; x_wconf 86' lang='lat' dir='ltr'>ista</span> <span class='ocrx_word' id='word_1_585' title='bbox 1300 2230 1505 2260; x_wconf 85' lang='lat' dir='ltr'>servantibus</span> <span class='ocrx_word' id='word_1_586' title='bbox 1519 2229 1560 2259; x_wconf 90' lang='lat' dir='ltr'>sit</span> <span class='ocrx_word' id='word_1_587' title='bbox 1574 2229 1678 2267; x_wconf 85' lang='lat' dir='ltr'>gratia</span> <span class='ocrx_word' id='word_1_588' title='bbox 1693 2232 1726 2258; x_wconf 89' lang='lat' dir='ltr'>et</span> <span class='ocrx_word' id='word_1_589' title='bbox 1738 2238 1803 2267; x_wconf 89' lang='lat' dir='ltr'>pax</span> <span class='ocrx_word' id='word_1_590' title='bbox 1816 2238 1834 2258; x_wconf 91' lang='lat' dir='ltr'>a</span> <span class='ocrx_word' id='word_1_591' title='bbox 1846 2229 1914 2258; x_wconf 89' lang='lat' dir='ltr'>Deo</span> <span class='ocrx_word' id='word_1_592' title='bbox 1928 2231 1960 2258; x_wconf 91' lang='lat' dir='ltr'>et</span> <span class='ocrx_word' id='word_1_593' title='bbox 1971 2228 2110 2258; x_wconf 92' lang='lat' dir='ltr'>Domino</span> <span class='ocrx_word' id='word_1_594' title='bbox 2122 2231 2231 2258; x_wconf 91' lang='lat' dir='ltr'>nostro</span> 
     </span>
     <span class='ocr_line' id='line_1_85' title="bbox 1220 2281 2232 2321; baseline -0.003 -8"><span class='ocrx_word' id='word_1_595' title='bbox 1220 2283 1322 2313; x_wconf 90' lang='lat' dir='ltr'>Jhesu</span> <span class='ocrx_word' id='word_1_596' title='bbox 1347 2283 1473 2312; x_wconf 85' lang='lat' dir='ltr'>Christo</span> <span class='ocrx_word' id='word_1_597' title='bbox 1498 2285 1659 2321; x_wconf 88' lang='lat' dir='ltr'>quatenus</span> <span class='ocrx_word' id='word_1_598' title='bbox 1683 2284 1716 2311; x_wconf 92' lang='lat' dir='ltr'>et</span> <span class='ocrx_word' id='word_1_599' title='bbox 1740 2282 1791 2311; x_wconf 91' lang='lat' dir='ltr'>hic</span> <span class='ocrx_word' id='word_1_600' title='bbox 1815 2281 1958 2311; x_wconf 86' lang='lat' dir='ltr'>fructum</span> <span class='ocrx_word' id='word_1_601' title='bbox 1975 2281 2025 2320; x_wconf 91' lang='lat' dir='ltr'>pie</span> <span class='ocrx_word' id='word_1_602' title='bbox 2051 2281 2232 2310; x_wconf 89' lang='lat' dir='ltr'>devotionis</span> 
     </span>
     <span class='ocr_line' id='line_1_86' title="bbox 1221 2334 2231 2373; baseline -0.003 -7"><span class='ocrx_word' id='word_1_603' title='bbox 1221 2346 1258 2366; x_wconf 92' lang='lat' dir='ltr'>ac</span> <span class='ocrx_word' id='word_1_604' title='bbox 1271 2336 1407 2366; x_wconf 92' lang='lat' dir='ltr'>actionis</span> <span class='ocrx_word' id='word_1_605' title='bbox 1420 2336 1503 2365; x_wconf 90' lang='lat' dir='ltr'>bone</span> <span class='ocrx_word' id='word_1_606' title='bbox 1514 2335 1704 2373; x_wconf 86' lang='lat' dir='ltr'>percipiant,</span> <span class='ocrx_word' id='word_1_607' title='bbox 1718 2337 1750 2364; x_wconf 88' lang='lat' dir='ltr'>et</span> <span class='ocrx_word' id='word_1_608' title='bbox 1763 2335 1850 2373; x_wconf 90' lang='lat' dir='ltr'>apud</span> <span class='ocrx_word' id='word_1_609' title='bbox 1864 2343 2072 2373; x_wconf 89' lang='lat' dir='ltr'>suppremum</span> <span class='ocrx_word' id='word_1_610' title='bbox 2081 2334 2231 2363; x_wconf 70' lang='lat' dir='ltr'>,Iudicem</span> 
     </span>
     <span class='ocr_line' id='line_1_87' title="bbox 1221 2386 2232 2428; baseline -0.004 -9"><span class='ocrx_word' id='word_1_611' title='bbox 1221 2389 1342 2428; x_wconf 89' lang='lat' dir='ltr'>premia</span> <span class='ocrx_word' id='word_1_612' title='bbox 1365 2391 1473 2418; x_wconf 84' lang='lat' dir='ltr'>eterne</span> <span class='ocrx_word' id='word_1_613' title='bbox 1495 2388 1583 2426; x_wconf 89' lang='lat' dir='ltr'>pacis</span> <span class='ocrx_word' id='word_1_614' title='bbox 1604 2388 1782 2417; x_wconf 88' lang='lat' dir='ltr'>inveniant.</span> <span class='ocrx_word' id='word_1_615' title='bbox 1805 2388 1919 2416; x_wconf 91' lang='lat' dir='ltr'>Amen.</span> <span class='ocrx_word' id='word_1_616' title='bbox 1942 2387 2056 2416; x_wconf 87' lang='lat' dir='ltr'>Amen.</span> <span class='ocrx_word' id='word_1_617' title='bbox 2079 2387 2155 2416; x_wconf 89' lang='lat' dir='ltr'>Dat.</span> <span class='ocrx_word' id='word_1_618' title='bbox 2178 2386 2232 2416; x_wconf 89' lang='lat' dir='ltr'>Vi-</span> 
     </span>
     <span class='ocr_line' id='line_1_88' title="bbox 1221 2440 2231 2480; baseline -0.004 -8"><span class='ocrx_word' id='word_1_619' title='bbox 1221 2442 1316 2472; x_wconf 91' lang='lat' dir='ltr'>terbii</span> <span class='ocrx_word' id='word_1_620' title='bbox 1346 2451 1402 2480; x_wconf 90' lang='lat' dir='ltr'>per</span> <span class='ocrx_word' id='word_1_621' title='bbox 1432 2450 1565 2470; x_wconf 89' lang='lat' dir='ltr'>manum</span> <span class='ocrx_word' id='word_1_622' title='bbox 1595 2441 1741 2479; x_wconf 90' lang='lat' dir='ltr'>magistri</span> <span class='ocrx_word' id='word_1_623' title='bbox 1771 2440 1917 2474; x_wconf 79' lang='lat' dir='ltr'>Jordani,</span> <span class='ocrx_word' id='word_1_624' title='bbox 1944 2440 2060 2469; x_wconf 89' lang='lat' dir='ltr'>Sancte</span> <span class='ocrx_word' id='word_1_625' title='bbox 2084 2440 2231 2469; x_wconf 82' lang='lat' dir='ltr'>Romane</span> 
     </span>
     <span class='ocr_line' id='line_1_89' title="bbox 1223 2492 2233 2527; baseline -0.004 -2"><span class='ocrx_word' id='word_1_626' title='bbox 1223 2495 1363 2525; x_wconf 88' lang='lat' dir='ltr'>Ecclesie</span> <span class='ocrx_word' id='word_1_627' title='bbox 1386 2494 1503 2524; x_wconf 90' lang='lat' dir='ltr'>notarii</span> <span class='ocrx_word' id='word_1_628' title='bbox 1525 2496 1557 2523; x_wconf 91' lang='lat' dir='ltr'>et</span> <span class='ocrx_word' id='word_1_629' title='bbox 1579 2493 1840 2527; x_wconf 84' lang='lat' dir='ltr'>vicecancellarii,</span> <span class='ocrx_word' id='word_1_630' title='bbox 1865 2493 1925 2522; x_wconf 88' lang='lat' dir='ltr'>XV</span> <span class='ocrx_word' id='word_1_631' title='bbox 1948 2493 2011 2522; x_wconf 89' lang='lat' dir='ltr'>kal.</span> <span class='ocrx_word' id='word_1_632' title='bbox 2028 2492 2115 2526; x_wconf 83' lang='lat' dir='ltr'>maii,</span> <span class='ocrx_word' id='word_1_633' title='bbox 2133 2492 2233 2521; x_wconf 88' lang='lat' dir='ltr'>indic-</span> 
     </span>
     <span class='ocr_line' id='line_1_90' title="bbox 1221 2545 2231 2582; baseline -0.004 -4"><span class='ocrx_word' id='word_1_634' title='bbox 1221 2549 1310 2578; x_wconf 89' lang='lat' dir='ltr'>tione</span> <span class='ocrx_word' id='word_1_635' title='bbox 1335 2548 1357 2582; x_wconf 87' lang='grc' dir='ltr'>Ι,</span> <span class='ocrx_word' id='word_1_636' title='bbox 1384 2547 1618 2577; x_wconf 88' lang='lat' dir='ltr'>Incarnationis</span> <span class='ocrx_word' id='word_1_637' title='bbox 1652 2546 1810 2576; x_wconf 88' lang='lat' dir='ltr'>dominice</span> <span class='ocrx_word' id='word_1_638' title='bbox 1831 2555 1916 2575; x_wconf 90' lang='lat' dir='ltr'>anno</span> <span class='ocrx_word' id='word_1_639' title='bbox 1937 2546 1988 2576; x_wconf 79' lang='grc' dir='ltr'>ΜΟ</span> <span class='ocrx_word' id='word_1_640' title='bbox 2009 2545 2073 2575; x_wconf 89' lang='lat' dir='ltr'>CC0</span> <span class='ocrx_word' id='word_1_641' title='bbox 2094 2545 2231 2578; x_wconf 89' lang='lat' dir='ltr'><strong>LVIII⁰‚</strong></span> 
     </span>
     <span class='ocr_line' id='line_1_91' title="bbox 1222 2598 2232 2640; baseline -0.004 -10"><span class='ocrx_word' id='word_1_642' title='bbox 1222 2600 1434 2640; x_wconf 84' lang='lat' dir='ltr'>pontificatus</span> <span class='ocrx_word' id='word_1_643' title='bbox 1472 2609 1547 2629; x_wconf 87' lang='lat' dir='ltr'>vero</span> <span class='ocrx_word' id='word_1_644' title='bbox 1583 2599 1703 2629; x_wconf 90' lang='lat' dir='ltr'>domini</span> <span class='ocrx_word' id='word_1_645' title='bbox 1731 2599 1904 2628; x_wconf 81' lang='lat' dir='ltr'>Alexandri</span> <span class='ocrx_word' id='word_1_646' title='bbox 1931 2607 2013 2636; x_wconf 91' lang='lat' dir='ltr'>pape</span> <span class='ocrx_word' id='word_1_647' title='bbox 2043 2598 2120 2631; x_wconf 87' lang='lat'>1111,</span> <span class='ocrx_word' id='word_1_648' title='bbox 2148 2606 2232 2626; x_wconf 92' lang='lat' dir='ltr'>anno</span> 
     </span>
     <span class='ocr_line' id='line_1_92' title="bbox 1225 2656 1367 2693; baseline -0.021 -10"><span class='ocrx_word' id='word_1_649' title='bbox 1225 2656 1367 2693; x_wconf 79' lang='lat' dir='ltr'>quarto.»</span> 
     </span>
    </p>
   </div>
   <div class='ocr_carea' id='block_1_13' title="bbox 1308 2846 2154 2880">
    <p class='ocr_par' dir='ltr' id='par_1_14' title="bbox 1308 2846 2154 2880">
     <span class='ocr_line' id='line_1_93' title="bbox 1308 2846 2154 2880; baseline -0.004 -6"><span class='ocrx_word' id='word_1_650' title='bbox 1308 2849 1396 2874; x_wconf 82' lang='lat'>2665</span> <span class='ocrx_word' id='word_1_651' title='bbox 1694 2848 1832 2879; x_wconf 85' lang='lat' dir='ltr'>Viterbe,</span> <span class='ocrx_word' id='word_1_652' title='bbox 1847 2847 1863 2873; x_wconf 86' lang='lat'>5</span> <span class='ocrx_word' id='word_1_653' title='bbox 1878 2846 2053 2880; x_wconf 83' lang='lat' dir='ltr'>septembre</span> <span class='ocrx_word' id='word_1_654' title='bbox 2068 2846 2154 2872; x_wconf 85' lang='lat'>1258.</span> 
     </span>
    </p>
   </div>
   <div class='ocr_carea' id='block_1_14' title="bbox 1231 2898 2242 3012">
    <p class='ocr_par' dir='ltr' id='par_1_15' title="bbox 1231 2898 2242 3012">
     <span class='ocr_line' id='line_1_94' title="bbox 1269 2898 2238 2933; baseline -0.005 -5"><span class='ocrx_word' id='word_1_655' title='bbox 1269 2902 1424 2928; x_wconf 88' lang='lat' dir='ltr'>Willelmo</span> <span class='ocrx_word' id='word_1_656' title='bbox 1443 2902 1480 2927; x_wconf 86' lang='lat' dir='ltr'>de</span> <span class='ocrx_word' id='word_1_657' title='bbox 1499 2900 1645 2929; x_wconf 71' lang='lat' dir='ltr'>Asncriis.</span> <span class='ocrx_word' id='word_1_658' title='bbox 1664 2900 1824 2933; x_wconf 83' lang='lat' dir='ltr'>capellano</span> <span class='ocrx_word' id='word_1_659' title='bbox 1843 2907 1908 2931; x_wconf 84' lang='lat' dir='ltr'>suo,</span> <span class='ocrx_word' id='word_1_660' title='bbox 1926 2899 2068 2931; x_wconf 88' lang='lat' dir='ltr'>indulget</span> <span class='ocrx_word' id='word_1_661' title='bbox 2086 2899 2121 2924; x_wconf 93' lang='lat' dir='ltr'>ut</span> <span class='ocrx_word' id='word_1_662' title='bbox 2139 2898 2238 2931; x_wconf 83' lang='lat' dir='ltr'>possit</span> 
     </span>
     <span class='ocr_line' id='line_1_95' title="bbox 1231 2938 2238 2968; baseline -0.005 0"><span class='ocrx_word' id='word_1_663' title='bbox 1231 2942 1419 2968; x_wconf 86' lang='lat' dir='ltr'>decanatum</span> <span class='ocrx_word' id='word_1_664' title='bbox 1450 2940 1673 2966; x_wconf 81' lang='lat' dir='ltr'>Lexovienscm</span> <span class='ocrx_word' id='word_1_665' title='bbox 1703 2947 1774 2965; x_wconf 90' lang='lat' dir='ltr'>cum</span> <span class='ocrx_word' id='word_1_666' title='bbox 1803 2939 1931 2965; x_wconf 80' lang='lat' dir='ltr'>ccclesia</span> <span class='ocrx_word' id='word_1_667' title='bbox 1960 2945 2015 2964; x_wconf 87' lang='lat' dir='ltr'>sua</span> <span class='ocrx_word' id='word_1_668' title='bbox 2045 2938 2074 2964; x_wconf 91' lang='lat' dir='ltr'>S.</span> <span class='ocrx_word' id='word_1_669' title='bbox 2104 2938 2238 2964; x_wconf 83' lang='lat' dir='ltr'>Aidoeni</span> 
     </span>
     <span class='ocr_line' id='line_1_96' title="bbox 1232 2977 2242 3012; baseline -0.004 -5"><span class='ocrx_word' id='word_1_670' title='bbox 1232 2982 1269 3008; x_wconf 88' lang='lat' dir='ltr'>de</span> <span class='ocrx_word' id='word_1_671' title='bbox 1296 2980 1491 3012; x_wconf 76' lang='lat' dir='ltr'>Morenvffla,</span> <span class='ocrx_word' id='word_1_672' title='bbox 1520 2979 1721 3005; x_wconf 83' lang='lat' dir='ltr'>Lexovicnsis</span> <span class='ocrx_word' id='word_1_673' title='bbox 1748 2979 1888 3010; x_wconf 83' lang='lat' dir='ltr'>diocesis,</span> <span class='ocrx_word' id='word_1_674' title='bbox 1916 2978 2013 3005; x_wconf 87' lang='lat' dir='ltr'>etiam</span> <span class='ocrx_word' id='word_1_675' title='bbox 2041 2984 2146 3004; x_wconf 89' lang='lat' dir='ltr'>curam</span> <span class='ocrx_word' id='word_1_676' title='bbox 2175 2977 2242 3003; x_wconf 88' lang='lat' dir='ltr'>ani·-</span> 
     </span>
    </p>
   </div>
  </div>
 </body>
</html>
