2477 3512
995 275 1200 315 SIXIEME
1226 276 1392 313 ANNEE
2193 288 2254 321 129

183 402 194 417 «
223 389 320 420 Petro
354 389 534 430 Greqorh'i,
563 388 742 430 canoni'1co
769 389 807 420 cle
838 388 937 421 Urbe.
967 389 1142 428 Quoniam

135 432 163 464 si
188 433 244 474 jus
269 452 323 464 —.
350 433 433 464 Dat.
459 433 636 469 Laterani,
665 433 697 464 X
722 433 790 464 kal.
817 433 1021 469 decembris,
1048 441 1141 464 anno

135 488 248 518 sexto.
270 497 284 514 ι)

216 623 305 649 3199
646 625 779 659 Anagni,
802 625 820 652 9
841 625 944 658 juillet
968 624 1055 652 1260.

177 676 269 702 Petro
286 676 399 704 Fidelis
415 677 558 710 indulget
574 680 610 704 ut
626 678 788 705 ecclesiam
805 678 834 705 S.
852 677 969 705 Mariae
986 676 1024 704 de
1048 676 1139 703 Ulme
1191 711 1192 714 Ἴ

135 721 166 746 et
187 719 365 754 portionem
385 727 480 754 quam
501 720 533 747 in
554 721 682 748 ecclesia
701 721 737 748 B.
759 721 876 748 Mariae
897 721 934 748 de
955 720 1053 747 Portu
1075 720 1142 746 Mo-

135 763 236 790 larum
258 764 392 795 obtinet,
416 771 551 798 quarum
573 767 746 799 proventus
768 765 864 792 annui
887 772 941 791 sex
963 771 1140 791 marcarum

135 807 257 841 argenti
280 808 419 834 valorem
443 809 497 835 vix
520 809 676 835 excedunt
700 809 831 835 retinere
855 809 964 842 possit,
988 808 1142 834 constitu-

135 851 221 878 tione
244 859 263 879 a
286 852 386 878 bonae
410 853 578 879 memoriae
601 852 630 879 J.
656 852 819 879 Sabinensi
842 852 987 886 episcopo
1010 854 1087 879 tune
1110 852 1141 878 in

135 895 308 929 Hispaniae
327 895 472 930 partibus
491 896 605 929 legato,
625 895 691 923 lata
711 903 773 923 non
794 896 951 923 obstante.
973 896 1070 930 (Bm.
1092 896 1141 929 25,
1192 892 1193 907 ¹

134 939 155 966 t.
175 939 233 967 260
250 943 298 973 vo.
316 947 367 967 an.
386 939 442 972 VI,
461 947 487 967 c.
508 940 591 974 131.)

180 1039 193 1056 α
221 1026 321 1059 Petro
350 1026 493 1064 Fidelis,
525 1026 659 1070 rec[tori
691 1027 839 1070 ecclesie]
873 1027 995 1060 Sancte
1024 1027 1141 1061 Marie

134 1079 172 1111 de
196 1078 339 1122 Ul[me],
358 1079 570 1122 portionario
588 1079 848 1124 par[r0chialis]
870 1079 1002 1113 ecclesie
1020 1080 1142 1114 Sancte

134 1132 251 1165 Marie
273 1132 312 1165 de
338 1131 474 1175 [Portu]
500 1132 689 1171 Molarum,
720 1133 964 1167 Ulixbonensis
986 1133 1139 1167 diocesis.

134 1179 208 1217 T'ue
229 1185 428 1218 devotionis
449 1185 575 1218 merita
595 1206 650 1219 -—.
673 1187 758 1220 Dat.
778 1187 949 1229 Anagnie,
972 1186 1042 1218 VII
1062 1186 1141 1218 idus

132 1238 223 1280 julii,
245 1247 337 1270 anno
357 1241 470 1271 sexto.
493 1252 506 1268 »

215 1384 304 1411 3200
489 1387 539 1412 Au
561 1385 691 1419 Latran,
714 1386 752 1413 26
776 1386 948 1413 novembre
972 1385 1059 1413 1260.

175 1436 347 1464 Ecclesiam
368 1438 397 1465 S.
418 1438 573 1465 Leonardi
593 1439 631 1465 de
651 1438 882 1471 Lamabolaria,
902 1439 943 1465 ad
963 1438 1141 1466 Romanam

135 1480 308 1508 Ecclesiam
323 1481 408 1508 nullo
424 1482 528 1509 medio
544 1483 766 1517 pertinentem,
783 1483 899 1509 ordinis
916 1482 945 1510 S.
962 1482 1142 1516 Augustini,

135 1524 318 1558 Sipontinae
337 1525 478 1558 diocesis,
496 1527 627 1560 propter
644 1526 801 1553 maliciam
819 1526 971 1560 temporis
990 1528 1022 1553 et
1040 1526 1143 1553 incur-

133 1575 203 1595 sum
229 1568 471 1596 Sarracenorum
497 1570 535 1596 de
560 1569 679 1596 Lucera
694 1568 707 1588 1
732 1570 914 1604 collapsam,
940 1570 1143 1604 inquisitione

133 1619 152 1640 a
176 1612 345 1640 Melfitensi
369 1613 515 1648 episcopo
541 1615 572 1640 et
597 1614 699 1648 priore
724 1614 859 1641 fratrum
885 1614 1142 1641 praedicatorum

135 1657 173 1684 de
198 1656 325 1689 Barulo,
353 1657 482 1684 diocesis
510 1658 687 1691 Tranensis,
715 1658 811 1691 iacta,
839 1658 941 1685 ordini
969 1658 998 1685 S.
1027 1657 1144 1685 Mariae

133 1700 402 1728 Theutonicorum
432 1701 666 1729 reformandam
698 1702 778 1729 unit.
810 1702 907 1737 (REO.
939 1702 988 1735 25,
1020 1703 1040 1729 f.
1073 1702 1143 1735 261,

135 1752 185 1771 an.
203 1744 260 1778 Vi,
278 1752 303 1772 c.
324 1745 403 1778 132;
422 1746 646 1778 RODENBERG,
663 1748 688 1773 t.
711 1746 770 1779 111,
788 1750 825 1773 110
842 1746 925 1781 510.)

182 1846 195 1863 «
214 1858 234 1866 ..
255 1833 418 1875 magistro
437 1835 466 1866 et
483 1833 651 1876 [ratribus
669 1833 866 1877 Hospitalis
886 1834 1007 1866 Sancte
1026 1833 1144 1866 Marte

139 1885 416 1919 Theolonicorum
451 1886 737 1919 Jerosolimitani.
774 1887 989 1919 Provisionis
1024 1889 1143 1919 nostre

135 1939 318 1980 prevenire
346 1957 401 1972 —.
432 1939 516 1972 Dat.
546 1939 725 1978 Laterani,
755 1940 805 1971 VI
835 1940 904 1971 kal.
935 1939 1140 1976 decembris,

136 2001 230 2025 anno
246 1994 360 2024 sexto.
379 2004 392 2021 »

217 2140 300 2166 8201
492 2141 542 2167 Au
565 2141 694 2173 Latran,
717 2142 755 2168 22
778 2142 948 2168 novembre
973 2142 1059 2169 1260.

177 2193 331 2220 praefatis
355 2193 523 2220 Melt'itensi
547 2193 693 2228 episcopo
717 2195 749 2220 et
772 2194 868 2228 priori
891 2194 1026 2221 fratrum
1051 2194 1143 2221 Prae-

136 2237 312 2263 dicatorum
340 2237 378 2263 de
403 2237 519 2264 Barulo
545 2238 680 2265 mandat
706 2240 743 2265 ut
770 2238 871 2265 dictos
898 2239 1085 2272 magistrum
1112 2240 1144 2265 et

136 2280 248 2307 fratres
275 2280 307 2307 in
334 2281 475 2314 ejusdem
503 2281 532 2308 S.
560 2281 717 2309 Leonardi
743 2281 890 2310 ecclesiae
916 2283 1144 2317 possessionem

138 2324 303 2352 inducant.
321 2325 419 2358 (ΒΕΘ.
436 2325 486 2358 25,
502 2325 525 2353 f.
542 2325 612 2357 261,
629 2332 680 2352 an.
697 2325 754 2359 VI,
771 2326 802 2353 d.
819 2327 860 2361 c.)

184 2427 197 2444 «
221 2440 240 2447 ..
266 2415 422 2457 episcopo
446 2415 638 2457 Meljitensi
663 2417 714 2447 el..
738 2416 848 2458 priori
872 2416 911 2449 cle
934 2417 1052 2448 ordine
1074 2417 1144 2458 sra-

137 2469 225 2500 lrum
254 2468 508 2501 I’reiliccilorum
536 2468 574 2500 cle
601 2468 741 2506 Burulo,
774 2469 961 2502 Tranensis
988 2470 1142 2502 diocesis.

138 2520 352 2552 Provisionis
386 2524 503 2553 nostre
538 2521 721 2563 provenire
755 2541 808 2553 —.
844 2523 927 2555 Dat.
964 2523 1141 2561 Laterani,

138 2573 172 2606 X
195 2573 264 2606 kal.
289 2574 493 2611 decembris,
518 2584 611 2606 anno
634 2577 746 2606 sexto.
773 2588 784 2603 »

222 2723 310 2750 3202
499 2726 547 2751 Au
572 2725 701 2758 Latran,
724 2726 761 2752 27
785 2727 955 2754 novembre
979 2728 1066 2755 1260.

183 2778 388 2805 collationem
419 2778 578 2813 prioratus
608 2779 646 2806 de
678 2779 762 2811 Sera,
793 2780 976 2808 Viennensis
1007 2781 1148 2815 diocesis,

141 2821 269 2856 Hugoni
295 2823 334 2850 de
359 2823 524 2856 Brissiaco,
551 2823 700 2850 canonico
727 2824 906 2857 Viennensi,
924 2825 1052 2853 iactam
1077 2834 1152 2853 con·

140 2866 259 2894 firmat.
277 2867 374 2901 (Rau.
394 2867 443 2900 25,
461 2868 482 2895 1.
501 2868 558 2895 261
577 2871 625 2900 v0,
643 2875 693 2895 an.
712 2868 768 2901 VI,
786 2876 811 2896 c.
831 2869 911 2902 133;
927 2869 1150 2904 BnnuouiLLi,

140 2913 177 2937 n⁰
197 2910 281 2945 685.)

173 3005 195 3025 1.
214 3004 276 3030 neg.
290 3011 296 3027 1
312 3006 412 3029 Lucem.

1294 402 1305 416 «z
1326 389 1469 430 Iquoni
1490 390 1528 420 dc
1549 390 1734 427 Brissiaco,
1758 393 1920 423 canonico
1947 393 2144 426 Viennensi.
2166 396 2251 426 (lum

1247 453 1265 474 a
1288 444 1387 475 nobis
1408 444 1541 485 petitur
1560 448 1626 476 etc.
1649 456 1758 486 usque
1779 447 1821 476 ad
1843 448 2023 479 ellectum.
2046 449 2135 480 Sane
2157 449 2253 481 exhi-

1248 498 1321 529 bita
1343 499 1442 529 nobis
1463 502 1523 529 tua
1545 500 1669 539 petitio
1690 501 1893 531 continebat
1916 503 2020 542 quod,
2043 513 2122 534 eum
2143 504 2250 535 felicis

1246 551 1499 583 recordationis
1533 552 1758 583 Innocentius
1789 562 1891 593 papa,
1924 554 2146 594 predecessor
2175 566 2249 587 nos>

1247 608 1309 640 ter.
1349 606 1477 637 dilecto
1516 606 1611 637 filio..
1653 607 1755 647 priori
1795 608 1835 638 de
1875 608 2080 645 (lorbellino,
2121 611 2251 642 ordinis

1247 661 1369 692 Sancti
1404 661 1603 700 Augustini,
1638 660 1840 692 Bcllicensis
1864 662 2019 699 diocesis,
2047 664 2116 695 suis
2142 665 2252 696 dedis-

1246 717 1298 746 set
1320 715 1492 746 litterisin
1507 716 1685 746 mandatis
1707 719 1739 746 nt
1757 716 1820 746 tibi
1841 717 1875 747 in
1895 716 2011 758 aliqua
2031 719 2253 751 ecclesiarum

1248 770 1493 810 Lugdunensis
1521 773 1583 801 aut.
1610 769 1817 802 Viennensis
1844 771 2034 803 civitatum
2062 773 2116 803 vel
2144 774 2255 805 dioce-

1247 824 1335 855 sinm
1356 835 1415 856 scu
1435 825 1709 866 provinciarum,
1730 826 1771 856 de
1792 826 1965 866 dignitate
1984 837 2042 857 sen
2064 832 2253 868 personatu

1248 882 1311 911 aut
1338 880 1509 911 beneficio
1536 880 1741 922 prebendali
1768 881 1822 911 vel
1849 881 1916 912 alio
1944 882 1988 912 ad
2015 882 2256 924 cujuscunque

1248 934 1474 967 collationem
1504 937 1689 976 spectante
1720 935 1905 976 providere
1936 939 2086 973 curaret,
2118 940 2258 969 contra-

1248 990 1401 1022 dictores
1428 992 1495 1021 etc.
1526 999 1636 1030 usque
1664 991 1930 1031 compescendo,
1963 991 2111 1022 dilectus
2138 991 2255 1024 silius..

1248 1045 1342 1088 prior
1358 1045 1401 1077 de
1418 1045 1629 1081 Martianco,
1648 1045 1779 1076 ordinis
1798 1045 1918 1077 Sancti
1936 1046 2135 1086 Augustini,
2154 1046 2258 1079 Vien-

1248 1102 1364 1133 nensis
1390 1101 1546 1137 diocesis,
1573 1102 1628 1134 cui
1655 1101 1834 1143 predictus
1860 1102 1954 1143 prior
1980 1104 2021 1135 de
2047 1104 2256 1142 CorbellinO,

1249 1159 1355 1198 prout
1378 1166 1421 1188 ex
1444 1156 1557 1188 forma
1582 1157 1782 1188 litterarum
1806 1157 1962 1199 ipsarum
1987 1162 2138 1199 poterat,
2163 1170 2257 1192 com-

1248 1212 1393 1244 miserat
1417 1221 1522 1253 super
1546 1212 1611 1244 hoc
1636 1212 1729 1244 vices
1754 1221 1846 1249 snas,
1873 1213 2070 1254 prioratum
2095 1214 2137 1245 de
2163 1215 2255 1252 Sera,

1248 1266 1407 1308 ejusdem
1436 1266 1643 1299 Viennensis
1671 1268 1828 1304 diocesis,
1858 1270 1944 1299 tunc
1975 1272 2164 1301 vacantem
2193 1270 2257 1301 tibi

1248 1322 1410 1359 contulit,
1444 1332 1483 1353 ac
1517 1325 1551 1353 te
1583 1323 1617 1353 in
1650 1322 1759 1364 ipsius
1792 1323 1970 1364 prioratus
2002 1324 2256 1365 possessionem

1247 1376 1400 1413 induxit,
1427 1380 1531 1418 prout
1556 1378 1590 1408 iu
1616 1377 1743 1409 litteris
1768 1378 1926 1418 ejusdem
1952 1379 2076 1420 prioris
2101 1380 2143 1411 de
2167 1380 2259 1412 Mar-

1248 1432 1365 1463 tianco
1388 1432 1470 1463 inde
1493 1432 1664 1464 confectis
1687 1433 1796 1474 ipsius
1818 1433 1928 1474 sigillo
1952 1434 2098 1465 munitis
2121 1435 2257 1475 plenius

1249 1487 1378 1519 dicitur
1402 1487 1585 1519 contineri.
1613 1487 1685 1518 Nos
1713 1488 1845 1529 itaque,
1873 1488 2023 1519 obtentu
2051 1489 2168 1520 dilecti
2195 1489 2256 1521 filii

1250 1542 1407 1583 magistri
1442 1542 1618 1573 Johannis
1652 1543 1693 1573 de
1728 1542 1857 1574 Sancto
1893 1543 2079 1581 Germano,
2114 1544 2258 1576 subdia-

1250 1597 1327 1628 coni
1351 1599 1385 1627 et
1411 1597 1537 1627 notarii
1564 1598 1684 1634 nostri,
1709 1597 1810 1638 cujus
1834 1598 1955 1629 existis
1978 1599 2133 1635 clericus,
2158 1599 2259 1631 nobis

1249 1662 1311 1693 pro
1335 1654 1366 1682 te
1387 1652 1631 1692 supplicantis,
1657 1652 1725 1683 tuis
1746 1653 1884 1684 devotis
1906 1654 2066 1694 precibus
2087 1654 2256 1691 inclinati,

1249 1707 1475 1738 collationem
1508 1706 1713 1747 hujusmodi
1733 1710 1847 1739 ratam
1866 1711 1899 1739 et
1918 1711 2057 1749 gratam
2076 1708 2257 1746 habentes,

1249 1771 1327 1793 eam
1359 1762 1576 1793 auctoritate
1608 1762 1801 1804 apostoliea
1834 1763 2087 1795 confirmamus
2117 1766 2153 1795 et
2183 1774 2260 1806 pre-

1249 1817 1359 1848 sentis
1390 1816 1512 1858 scripti
1545 1817 1742 1857 patrocinio
1774 1818 2045 1855 communimus,
2080 1829 2148 1850 non
2181 1820 2259 1851 obs-

1249 1872 1412 1903 tantibus
1445 1872 1538 1912 quod
1573 1872 1689 1903 dictus
1722 1872 1900 1913 prioratus
1933 1883 2002 1904 non
2036 1874 2258 1905 consueverit

1249 1926 1381 1958 clericis
1403 1927 1618 1958 secularibus
1642 1927 1821 1968 assignari,
1846 1938 1906 1959 seu
1930 1928 2108 1969 aliquibus
2130 1929 2257 1960 litteris

1248 1982 1393 2013 veritati
1421 1985 1456 2013 et
1482 1982 1620 2023 justitie
1648 1982 1955 2024 prejudicantibus
1983 1994 2002 2015 a
2031 1984 2117 2016 Sede
2146 1985 2257 2026 Apos-

1249 2037 1354 2068 tolica
1379 2037 1591 2079 impetratis,
1618 2037 1667 2069 ita
1693 2040 1813 2069 tamen
1840 2039 1945 2079 quod,
1972 2041 2007 2070 te
2032 2040 2177 2071 cedente
2202 2040 2256 2072 vel

1250 2091 1452 2129 decedente,
1487 2092 1603 2124 dictus
1636 2093 1813 2134 prioratus
1846 2094 1890 2125 ad
1924 2094 2178 2125 monasterium
2212 2096 2256 2127 ad

1250 2148 1344 2189 quod
1370 2148 1524 2189 pertinet
1547 2148 1653 2180 libere
1678 2151 1889 2180 revertatur.
1916 2149 2009 2180 Nulli
2036 2152 2152 2181 nostre
2177 2160 2258 2182 con-

1250 2203 1463 2234 firmationis
1488 2206 1554 2234 etc.
1583 2204 1666 2235 Dat.
1695 2204 1871 2237 Laterani.
1901 2204 1929 2235 V
1956 2205 2024 2235 kal.
2052 2205 2256 2242 decembris,

1250 2267 1343 2289 anno
1364 2261 1477 2290 sexto.
1500 2272 1512 2286 »

1335 2436 1425 2462 3203
1638 2436 1687 2462 Au
1710 2436 1839 2468 Latran,
1863 2436 1880 2462 8
1903 2436 2067 2463 decembre
2091 2436 2177 2463 1260.

1292 2490 1447 2524 Episcopo
1473 2490 1687 2516 Lemovicensi
1711 2490 1884 2516 committit
1906 2491 1943 2516 ut
1967 2490 2004 2516 de
2029 2490 2128 2517 Ponte
2152 2490 2256 2516 Riomi

1251 2538 1283 2563 et
1300 2536 1466 2563 Tauront¹
1490 2536 1624 2563 ecclesiis
1642 2536 1884 2570 resignationem
1903 2544 1921 2563 a
1940 2537 2089 2569 magistro
2108 2535 2201 2563 Petro
2221 2536 2257 2562 de

1250 2583 1443 2614 Benevento,
1461 2582 1611 2609 canonico
1630 2582 1854 2614 Lemovicensi‚
1873 2583 1927 2616 qui
1944 2583 1975 2608 in
1993 2583 2035 2609 eis
2053 2582 2259 2616 personaletir

1251 2629 1383 2656 residere
1412 2636 1474 2655 non
1502 2630 1618 2663 potest,
1647 2629 1776 2663 recipiat
1804 2636 1918 2662 easque
1947 2629 2087 2662 ydoneae
2115 2629 2257 2654 conferat

1253 2683 1412 2710 personae.
1433 2676 1530 2709 (Rea.
1552 2676 1600 2707 25,
1621 2675 1641 2702 f.
1663 2675 1718 2702 261
1741 2679 1787 2707 vo,
1808 2683 1858 2702 an.
1879 2675 1934 2707 VI,
1954 2682 1979 2701 c.
2002 2673 2075 2701 1332
2095 2674 2257 2701 recentiori

1253 2722 1374 2755 manu.)

1301 2835 1313 2851 ‹<
1343 2848 1361 2854 ..
1391 2822 1547 2864 episcopo
1576 2821 1817 2853 Lemovicensi.
1847 2821 1903 2852 Ex
1929 2823 2030 2863 parte
2058 2819 2175 2851 dilecti
2203 2838 2257 2850 —.

1255 2878 1337 2909 Dat.
1360 2877 1537 2914 Laterani,
1561 2877 1607 2908 Vl
1629 2876 1708 2908 idus
1728 2876 1936 2913 decembris,
1960 2885 2051 2907 anno
2072 2877 2183 2907 sexto.
2206 2886 2219 2903 »

1287 3009 1309 3030 ².
1328 3008 1390 3034 fleg.
1405 3014 1411 3030 ι
1429 3008 1540 3030 Tamna.
