<?xml version="1.0" encoding="UTF-8"?>
<!DOCTYPE html PUBLIC "-//W3C//DTD XHTML 1.0 Transitional//EN"
    "http://www.w3.org/TR/xhtml1/DTD/xhtml1-transitional.dtd">
<html xmlns="http://www.w3.org/1999/xhtml" xml:lang="en" lang="en">
 <head>
  <title>
</title>
<meta http-equiv="Content-Type" content="text/html;charset=utf-8" />
  <meta name='ocr-system' content='tesseract 3.04.00' />
  <meta name='ocr-capabilities' content='ocr_page ocr_carea ocr_par ocr_line ocrx_word'/>
</head>
<body>
  <div class='ocr_page' id='page_1' title='image "./lesregistresdegr02cathuoft_0427.png"; bbox 0 0 2477 3512; ppageno 0'>
   <div class='ocr_carea' id='block_1_1' title="bbox 949 271 2231 320">
    <p class='ocr_par' dir='ltr' id='par_1_1' title="bbox 949 271 2231 320">
     <span class='ocr_line' id='line_1_1' title="bbox 949 271 2231 320; baseline -0.005 -7"><span class='ocrx_word' id='word_1_1' title='bbox 949 272 1221 320; x_wconf 86' lang='lat' dir='ltr'><strong>CINQUIEME</strong></span> <span class='ocrx_word' id='word_1_2' title='bbox 1246 271 1412 309; x_wconf 84' lang='lat' dir='ltr'>ANNEE</span> <span class='ocrx_word' id='word_1_3' title='bbox 2189 275 2231 307; x_wconf 74' lang='lat'>43</span> 
     </span>
    </p>
   </div>
   <div class='ocr_carea' id='block_1_2' title="bbox 200 381 1043 417">
    <p class='ocr_par' dir='ltr' id='par_1_2' title="bbox 200 381 1043 417">
     <span class='ocr_line' id='line_1_2' title="bbox 200 381 1043 417; baseline -0.007 -4"><span class='ocrx_word' id='word_1_4' title='bbox 200 387 289 413; x_wconf 75' lang='lat'>2894</span> <span class='ocrx_word' id='word_1_5' title='bbox 648 383 782 417; x_wconf 85' lang='lat' dir='ltr'>Anagni‚</span> <span class='ocrx_word' id='word_1_6' title='bbox 805 382 843 409; x_wconf 91' lang='lat'>22</span> <span class='ocrx_word' id='word_1_7' title='bbox 864 382 933 415; x_wconf 78' lang='lat' dir='ltr'>iuin</span> <span class='ocrx_word' id='word_1_8' title='bbox 957 381 1043 408; x_wconf 87' lang='grc'><strong>1259.</strong></span> 
     </span>
    </p>
   </div>
   <div class='ocr_carea' id='block_1_3' title="bbox 121 434 1127 601">
    <p class='ocr_par' dir='ltr' id='par_1_3' title="bbox 121 434 1127 601">
     <span class='ocr_line' id='line_1_3' title="bbox 163 434 1127 474; baseline -0.007 -7"><span class='ocrx_word' id='word_1_9' title='bbox 163 442 241 468; x_wconf 90' lang='lat' dir='ltr'>Cum</span> <span class='ocrx_word' id='word_1_10' title='bbox 261 439 346 474; x_wconf 89' lang='lat' dir='ltr'>prior</span> <span class='ocrx_word' id='word_1_11' title='bbox 362 440 394 465; x_wconf 86' lang='lat' dir='ltr'>et</span> <span class='ocrx_word' id='word_1_12' title='bbox 413 438 588 472; x_wconf 85' lang='lat' dir='ltr'>capitulum</span> <span class='ocrx_word' id='word_1_13' title='bbox 606 436 752 464; x_wconf 88' lang='lat' dir='ltr'>ecclesiae</span> <span class='ocrx_word' id='word_1_14' title='bbox 771 435 947 469; x_wconf 88' lang='lat' dir='ltr'>Helyensis,</span> <span class='ocrx_word' id='word_1_15' title='bbox 966 434 1127 461; x_wconf 81' lang='lat' dir='ltr'>occasione</span> 
     </span>
     <span class='ocr_line' id='line_1_4' title="bbox 123 478 1126 514; baseline -0.008 -2"><span class='ocrx_word' id='word_1_16' title='bbox 123 484 282 512; x_wconf 89' lang='lat' dir='ltr'>electionis</span> <span class='ocrx_word' id='word_1_17' title='bbox 301 485 332 510; x_wconf 84' lang='lat' dir='ltr'>et</span> <span class='ocrx_word' id='word_1_18' title='bbox 353 482 601 509; x_wconf 79' lang='lat' dir='ltr'>confirmationis</span> <span class='ocrx_word' id='word_1_19' title='bbox 620 480 774 514; x_wconf 85' lang='lat' dir='ltr'>Hugonis‚</span> <span class='ocrx_word' id='word_1_20' title='bbox 794 479 930 513; x_wconf 83' lang='lat' dir='ltr'>episcopi</span> <span class='ocrx_word' id='word_1_21' title='bbox 951 478 1126 511; x_wconf 86' lang='lat' dir='ltr'>Helyensis,</span> 
     </span>
     <span class='ocr_line' id='line_1_5' title="bbox 122 523 1127 562; baseline -0.008 -6"><span class='ocrx_word' id='word_1_22' title='bbox 122 535 239 562; x_wconf 88' lang='lat' dir='ltr'>magna</span> <span class='ocrx_word' id='word_1_23' title='bbox 265 535 359 554; x_wconf 89' lang='lat' dir='ltr'>onera</span> <span class='ocrx_word' id='word_1_24' title='bbox 384 526 547 558; x_wconf 84' lang='lat' dir='ltr'>subierint,</span> <span class='ocrx_word' id='word_1_25' title='bbox 574 525 797 558; x_wconf 82' lang='lat' dir='ltr'>obligationem</span> <span class='ocrx_word' id='word_1_26' title='bbox 824 523 863 550; x_wconf 89' lang='lat' dir='ltr'>ab</span> <span class='ocrx_word' id='word_1_27' title='bbox 890 523 956 557; x_wconf 89' lang='lat' dir='ltr'>ipso</span> <span class='ocrx_word' id='word_1_28' title='bbox 983 523 1127 556; x_wconf 89' lang='lat' dir='ltr'>episcopo</span> 
     </span>
     <span class='ocr_line' id='line_1_6' title="bbox 121 567 1127 601; baseline -0.008 -1"><span class='ocrx_word' id='word_1_29' title='bbox 121 573 161 601; x_wconf 86' lang='lat' dir='ltr'>ad</span> <span class='ocrx_word' id='word_1_30' title='bbox 187 571 444 599; x_wconf 85' lang='lat' dir='ltr'>satisfaciendum</span> <span class='ocrx_word' id='word_1_31' title='bbox 469 570 512 596; x_wconf 92' lang='lat' dir='ltr'>eis</span> <span class='ocrx_word' id='word_1_32' title='bbox 536 570 732 596; x_wconf 87' lang='lat' dir='ltr'>contractam</span> <span class='ocrx_word' id='word_1_33' title='bbox 758 567 935 594; x_wconf 79' lang='lat' dir='ltr'>confirmat.</span> <span class='ocrx_word' id='word_1_34' title='bbox 962 567 1058 600; x_wconf 71' lang='lat' dir='ltr'>(Rea.</span> <span class='ocrx_word' id='word_1_35' title='bbox 1079 567 1127 597; x_wconf 87' lang='lat'>25,</span> 
     </span>
    </p>
   </div>
   <div class='ocr_carea' id='block_1_4' title="bbox 121 614 502 648">
    <p class='ocr_par' dir='ltr' id='par_1_4' title="bbox 121 614 502 648">
     <span class='ocr_line' id='line_1_7' title="bbox 121 614 502 648; baseline -0.013 -3"><span class='ocrx_word' id='word_1_36' title='bbox 121 618 143 645; x_wconf 75' lang='grc'>1.</span> <span class='ocrx_word' id='word_1_37' title='bbox 162 617 231 648; x_wconf 86' lang='lat'>209,</span> <span class='ocrx_word' id='word_1_38' title='bbox 251 624 300 643; x_wconf 85' lang='lat' dir='ltr'>an.</span> <span class='ocrx_word' id='word_1_39' title='bbox 318 615 356 647; x_wconf 78' lang='lat' dir='ltr'>v,</span> <span class='ocrx_word' id='word_1_40' title='bbox 375 622 400 642; x_wconf 86' lang='lat' dir='ltr'>c.</span> <span class='ocrx_word' id='word_1_41' title='bbox 420 614 502 647; x_wconf 88' lang='lat'><strong>131.)</strong></span> 
     </span>
    </p>
   </div>
   <div class='ocr_carea' id='block_1_5' title="bbox 119 698 1126 850">
    <p class='ocr_par' dir='ltr' id='par_1_5' title="bbox 119 698 1126 850">
     <span class='ocr_line' id='line_1_8' title="bbox 165 698 1126 745; baseline -0.006 -10"><span class='ocrx_word' id='word_1_42' title='bbox 165 717 178 732; x_wconf 90' lang='lat'>«</span> <span class='ocrx_word' id='word_1_43' title='bbox 205 729 225 735; x_wconf 91' lang='lat'>..</span> <span class='ocrx_word' id='word_1_44' title='bbox 252 702 361 745; x_wconf 79' lang='lat' dir='ltr'>priori</span> <span class='ocrx_word' id='word_1_45' title='bbox 387 704 416 733; x_wconf 82' lang='lat' dir='ltr'>et</span> <span class='ocrx_word' id='word_1_46' title='bbox 441 700 589 743; x_wconf 79' lang='lat' dir='ltr'>capitulo</span> <span class='ocrx_word' id='word_1_47' title='bbox 615 700 747 731; x_wconf 81' lang='lat' dir='ltr'>ecclesie</span> <span class='ocrx_word' id='word_1_48' title='bbox 772 699 967 740; x_wconf 81' lang='lat' dir='ltr'>Helyensis‚</span> <span class='ocrx_word' id='word_1_49' title='bbox 996 698 1126 730; x_wconf 81' lang='lat' dir='ltr'>ordinis</span> 
     </span>
     <span class='ocr_line' id='line_1_9' title="bbox 122 751 1125 789; baseline -0.006 -1"><span class='ocrx_word' id='word_1_50' title='bbox 122 756 238 789; x_wconf 80' lang='lat' dir='ltr'>Sancti</span> <span class='ocrx_word' id='word_1_51' title='bbox 274 754 459 787; x_wconf 78' lang='lat' dir='ltr'>Benedicti.</span> <span class='ocrx_word' id='word_1_52' title='bbox 496 753 684 785; x_wconf 88' lang='lat' dir='ltr'>Desideriis</span> <span class='ocrx_word' id='word_1_53' title='bbox 718 752 844 784; x_wconf 81' lang='lat' dir='ltr'>vestris</span> <span class='ocrx_word' id='word_1_54' title='bbox 879 752 913 783; x_wconf 94' lang='lat' dir='ltr'>in</span> <span class='ocrx_word' id='word_1_55' title='bbox 950 770 1005 783; x_wconf 88' lang='lat'>—.</span> <span class='ocrx_word' id='word_1_56' title='bbox 1042 751 1125 782; x_wconf 87' lang='lat' dir='ltr'>Dat.</span> 
     </span>
     <span class='ocr_line' id='line_1_10' title="bbox 119 805 877 850; baseline -0.009 -9"><span class='ocrx_word' id='word_1_57' title='bbox 119 809 289 850; x_wconf 82' lang='lat' dir='ltr'>Anagnie,</span> <span class='ocrx_word' id='word_1_58' title='bbox 316 808 350 839; x_wconf 88' lang='lat' dir='ltr'><strong>X</strong></span> <span class='ocrx_word' id='word_1_59' title='bbox 374 807 443 839; x_wconf 87' lang='lat' dir='ltr'>kal.</span> <span class='ocrx_word' id='word_1_60' title='bbox 468 806 556 848; x_wconf 88' lang='lat' dir='ltr'>julii,</span> <span class='ocrx_word' id='word_1_61' title='bbox 583 816 676 838; x_wconf 89' lang='lat' dir='ltr'>anno</span> <span class='ocrx_word' id='word_1_62' title='bbox 702 805 838 847; x_wconf 87' lang='lat' dir='ltr'>quinto.</span> <span class='ocrx_word' id='word_1_63' title='bbox 865 817 877 833; x_wconf 82' lang='lat'>»</span> 
     </span>
    </p>
   </div>
   <div class='ocr_carea' id='block_1_6' title="bbox 199 954 1044 988">
    <p class='ocr_par' dir='ltr' id='par_1_6' title="bbox 199 954 1044 988">
     <span class='ocr_line' id='line_1_11' title="bbox 199 954 1044 988; baseline -0.004 -5"><span class='ocrx_word' id='word_1_64' title='bbox 199 957 290 983; x_wconf 77' lang='lat'><strong>2895</strong></span> <span class='ocrx_word' id='word_1_65' title='bbox 633 955 767 988; x_wconf 78' lang='lat' dir='ltr'>Anagni,</span> <span class='ocrx_word' id='word_1_66' title='bbox 792 955 826 981; x_wconf 93' lang='lat'>11</span> <span class='ocrx_word' id='word_1_67' title='bbox 851 962 933 981; x_wconf 88' lang='lat' dir='ltr'>mars</span> <span class='ocrx_word' id='word_1_68' title='bbox 958 954 1044 981; x_wconf 86' lang='lat'>1259.</span> 
     </span>
    </p>
   </div>
   <div class='ocr_carea' id='block_1_7' title="bbox 118 1007 1128 1131">
    <p class='ocr_par' dir='ltr' id='par_1_7' title="bbox 118 1007 1128 1131">
     <span class='ocr_line' id='line_1_12' title="bbox 160 1007 1128 1041; baseline -0.005 -3"><span class='ocrx_word' id='word_1_69' title='bbox 160 1011 317 1038; x_wconf 66' lang='lat' dir='ltr'>,Iacobum</span> <span class='ocrx_word' id='word_1_70' title='bbox 343 1010 380 1037; x_wconf 91' lang='lat' dir='ltr'>de</span> <span class='ocrx_word' id='word_1_71' title='bbox 406 1009 593 1037; x_wconf 89' lang='lat' dir='ltr'>Castellione</span> <span class='ocrx_word' id='word_1_72' title='bbox 619 1009 651 1035; x_wconf 93' lang='lat' dir='ltr'>in</span> <span class='ocrx_word' id='word_1_73' title='bbox 677 1008 815 1041; x_wconf 80' lang='lat' dir='ltr'>Reginae</span> <span class='ocrx_word' id='word_1_74' title='bbox 841 1007 986 1034; x_wconf 87' lang='lat' dir='ltr'>ecclesiae</span> <span class='ocrx_word' id='word_1_75' title='bbox 1012 1007 1128 1034; x_wconf 88' lang='lat' dir='ltr'>archie-</span> 
     </span>
     <span class='ocr_line' id='line_1_13' title="bbox 118 1051 1124 1090; baseline -0.005 -8"><span class='ocrx_word' id='word_1_76' title='bbox 118 1056 282 1090; x_wconf 88' lang='lat' dir='ltr'>piscopum</span> <span class='ocrx_word' id='word_1_77' title='bbox 310 1054 463 1088; x_wconf 86' lang='lat' dir='ltr'>praeficit.</span> <span class='ocrx_word' id='word_1_78' title='bbox 493 1053 590 1087; x_wconf 81' lang='lat' dir='ltr'>(REG.</span> <span class='ocrx_word' id='word_1_79' title='bbox 619 1053 668 1084; x_wconf 87' lang='lat'>25,</span> <span class='ocrx_word' id='word_1_80' title='bbox 697 1053 717 1079; x_wconf 87' lang='lat' dir='ltr'>f.</span> <span class='ocrx_word' id='word_1_81' title='bbox 747 1052 815 1084; x_wconf 84' lang='lat'>209,</span> <span class='ocrx_word' id='word_1_82' title='bbox 845 1059 894 1078; x_wconf 88' lang='lat' dir='ltr'>an.</span> <span class='ocrx_word' id='word_1_83' title='bbox 923 1051 961 1083; x_wconf 83' lang='lat' dir='ltr'>V,</span> <span class='ocrx_word' id='word_1_84' title='bbox 990 1059 1014 1078; x_wconf 94' lang='lat' dir='ltr'>c.</span> <span class='ocrx_word' id='word_1_85' title='bbox 1046 1052 1124 1083; x_wconf 88' lang='lat'>132;</span> 
     </span>
     <span class='ocr_line' id='line_1_14' title="bbox 120 1098 437 1131; baseline -0.006 -5"><span class='ocrx_word' id='word_1_86' title='bbox 120 1100 292 1126; x_wconf 71' lang='lat' dir='ltr'>PorrnAsr</span> <span class='ocrx_word' id='word_1_87' title='bbox 317 1098 437 1131; x_wconf 89' lang='grc'>17510.)</span> 
     </span>
    </p>
   </div>
   <div class='ocr_carea' id='block_1_8' title="bbox 120 1183 1128 1281">
    <p class='ocr_par' dir='ltr' id='par_1_8' title="bbox 120 1183 1128 1281">
     <span class='ocr_line' id='line_1_15' title="bbox 165 1183 1127 1227; baseline 0 -12"><span class='ocrx_word' id='word_1_88' title='bbox 165 1199 178 1215; x_wconf 86' lang='lat'>«</span> <span class='ocrx_word' id='word_1_89' title='bbox 212 1185 383 1227; x_wconf 66' lang='lat' dir='ltr'>Illoqistro</span> <span class='ocrx_word' id='word_1_90' title='bbox 409 1185 537 1217; x_wconf 80' lang='lat' dir='ltr'>Jacobo</span> <span class='ocrx_word' id='word_1_91' title='bbox 570 1185 609 1216; x_wconf 81' lang='lat' dir='ltr'>de</span> <span class='ocrx_word' id='word_1_92' title='bbox 643 1183 853 1220; x_wconf 80' lang='lat' dir='ltr'>Castellione,</span> <span class='ocrx_word' id='word_1_93' title='bbox 874 1184 1127 1225; x_wconf 71' lang='lat' dir='ltr'>consanquineo</span> 
     </span>
     <span class='ocr_line' id='line_1_16' title="bbox 120 1237 1128 1281; baseline -0.003 -10"><span class='ocrx_word' id='word_1_94' title='bbox 120 1242 149 1272; x_wconf 82' lang='lat' dir='ltr'>el</span> <span class='ocrx_word' id='word_1_95' title='bbox 177 1239 352 1281; x_wconf 81' lang='lat' dir='ltr'>capellano</span> <span class='ocrx_word' id='word_1_96' title='bbox 380 1240 502 1275; x_wconf 83' lang='lat' dir='ltr'>nostro,</span> <span class='ocrx_word' id='word_1_97' title='bbox 532 1237 627 1269; x_wconf 78' lang='lat' dir='ltr'>electo</span> <span class='ocrx_word' id='word_1_98' title='bbox 656 1237 798 1279; x_wconf 72' lang='lat' dir='ltr'>Reqino.</span> <span class='ocrx_word' id='word_1_99' title='bbox 829 1237 1023 1269; x_wconf 72' lang='lat' dir='ltr'>Evidentes</span> <span class='ocrx_word' id='word_1_100' title='bbox 1050 1247 1128 1279; x_wconf 90' lang='lat' dir='ltr'>pro-</span> 
     </span>
    </p>
   </div>
   <div class='ocr_carea' id='block_1_9' title="bbox 121 1290 1127 1525">
    <p class='ocr_par' dir='ltr' id='par_1_9' title="bbox 121 1290 1127 1525">
     <span class='ocr_line' id='line_1_17' title="bbox 121 1290 1127 1332; baseline -0.003 -8"><span class='ocrx_word' id='word_1_101' title='bbox 121 1293 236 1324; x_wconf 85' lang='lat' dir='ltr'>fectus</span> <span class='ocrx_word' id='word_1_102' title='bbox 262 1295 298 1324; x_wconf 89' lang='lat' dir='ltr'>et</span> <span class='ocrx_word' id='word_1_103' title='bbox 323 1311 378 1323; x_wconf 65' lang='lat'>—.</span> <span class='ocrx_word' id='word_1_104' title='bbox 406 1292 490 1323; x_wconf 90' lang='lat' dir='ltr'>Dat.</span> <span class='ocrx_word' id='word_1_105' title='bbox 518 1291 687 1332; x_wconf 83' lang='lat' dir='ltr'>Anagnie‚</span> <span class='ocrx_word' id='word_1_106' title='bbox 716 1291 745 1321; x_wconf 73' lang='lat' dir='ltr'>V</span> <span class='ocrx_word' id='word_1_107' title='bbox 772 1290 851 1321; x_wconf 90' lang='lat' dir='ltr'>idus</span> <span class='ocrx_word' id='word_1_108' title='bbox 878 1290 1006 1327; x_wconf 80' lang='lat' dir='ltr'>martii,</span> <span class='ocrx_word' id='word_1_109' title='bbox 1035 1300 1127 1322; x_wconf 90' lang='lat' dir='ltr'>anno</span> 
     </span>
     <span class='ocr_line' id='line_1_18' title="bbox 123 1345 304 1388; baseline -0.022 -10"><span class='ocrx_word' id='word_1_110' title='bbox 123 1345 261 1388; x_wconf 91' lang='lat' dir='ltr'>quinto.</span> <span class='ocrx_word' id='word_1_111' title='bbox 291 1358 304 1374; x_wconf 88' lang='lat'>»</span> 
     </span>
     <span class='ocr_line' id='line_1_19' title="bbox 200 1491 1045 1525; baseline -0.001 -7"><span class='ocrx_word' id='word_1_112' title='bbox 200 1492 289 1518; x_wconf 79' lang='grc'><strong>2898</strong></span> <span class='ocrx_word' id='word_1_113' title='bbox 674 1491 808 1525; x_wconf 83' lang='lat' dir='ltr'>Anagni,</span> <span class='ocrx_word' id='word_1_114' title='bbox 831 1491 849 1517; x_wconf 90' lang='grc'>6</span> <span class='ocrx_word' id='word_1_115' title='bbox 871 1491 935 1518; x_wconf 87' lang='lat' dir='ltr'>mai</span> <span class='ocrx_word' id='word_1_116' title='bbox 959 1491 1045 1518; x_wconf 86' lang='lat'>1259.</span> 
     </span>
    </p>
   </div>
   <div class='ocr_carea' id='block_1_10' title="bbox 118 1545 1126 1800">
    <p class='ocr_par' dir='ltr' id='par_1_10' title="bbox 118 1545 1126 1800">
     <span class='ocr_line' id='line_1_20' title="bbox 160 1545 1126 1578; baseline -0.001 -6"><span class='ocrx_word' id='word_1_117' title='bbox 160 1545 271 1572; x_wconf 90' lang='lat' dir='ltr'>Eidem</span> <span class='ocrx_word' id='word_1_118' title='bbox 295 1545 416 1572; x_wconf 85' lang='lat' dir='ltr'>Jacobo</span> <span class='ocrx_word' id='word_1_119' title='bbox 440 1545 584 1572; x_wconf 88' lang='lat' dir='ltr'>concedit</span> <span class='ocrx_word' id='word_1_120' title='bbox 608 1547 644 1572; x_wconf 81' lang='lat' dir='ltr'>ut</span> <span class='ocrx_word' id='word_1_121' title='bbox 668 1545 708 1572; x_wconf 89' lang='lat' dir='ltr'>ad</span> <span class='ocrx_word' id='word_1_122' title='bbox 733 1545 918 1571; x_wconf 86' lang='lat' dir='ltr'>diaconatus</span> <span class='ocrx_word' id='word_1_123' title='bbox 943 1546 974 1571; x_wconf 90' lang='lat' dir='ltr'>et</span> <span class='ocrx_word' id='word_1_124' title='bbox 998 1545 1126 1578; x_wconf 89' lang='lat' dir='ltr'>presby-</span> 
     </span>
     <span class='ocr_line' id='line_1_21' title="bbox 119 1589 1126 1624; baseline -0.001 -7"><span class='ocrx_word' id='word_1_125' title='bbox 119 1591 240 1617; x_wconf 83' lang='lat' dir='ltr'>teratus</span> <span class='ocrx_word' id='word_1_126' title='bbox 264 1589 387 1616; x_wconf 89' lang='lat' dir='ltr'>ordines</span> <span class='ocrx_word' id='word_1_127' title='bbox 410 1590 589 1624; x_wconf 91' lang='lat' dir='ltr'>promoveri</span> <span class='ocrx_word' id='word_1_128' title='bbox 612 1591 643 1616; x_wconf 87' lang='lat' dir='ltr'>et</span> <span class='ocrx_word' id='word_1_129' title='bbox 668 1590 708 1616; x_wconf 89' lang='lat' dir='ltr'>ad</span> <span class='ocrx_word' id='word_1_130' title='bbox 732 1589 943 1623; x_wconf 86' lang='lat' dir='ltr'>recipiendam</span> <span class='ocrx_word' id='word_1_131' title='bbox 967 1596 1126 1616; x_wconf 86' lang='lat' dir='ltr'>consecra-</span> 
     </span>
     <span class='ocr_line' id='line_1_22' title="bbox 118 1633 1125 1667; baseline -0.002 -6"><span class='ocrx_word' id='word_1_132' title='bbox 118 1634 237 1662; x_wconf 83' lang='lat' dir='ltr'>tionem</span> <span class='ocrx_word' id='word_1_133' title='bbox 258 1633 386 1661; x_wconf 89' lang='lat' dir='ltr'>minime</span> <span class='ocrx_word' id='word_1_134' title='bbox 406 1635 563 1666; x_wconf 90' lang='lat' dir='ltr'>teneatur,</span> <span class='ocrx_word' id='word_1_135' title='bbox 586 1634 685 1660; x_wconf 90' lang='lat' dir='ltr'>donec</span> <span class='ocrx_word' id='word_1_136' title='bbox 705 1633 846 1667; x_wconf 87' lang='lat' dir='ltr'>ejusdem</span> <span class='ocrx_word' id='word_1_137' title='bbox 867 1633 1023 1665; x_wconf 88' lang='lat' dir='ltr'>ecclesiae,</span> <span class='ocrx_word' id='word_1_138' title='bbox 1046 1640 1125 1667; x_wconf 88' lang='lat' dir='ltr'>quae</span> 
     </span>
     <span class='ocr_line' id='line_1_23' title="bbox 119 1677 1126 1712; baseline -0.002 -7"><span class='ocrx_word' id='word_1_139' title='bbox 119 1685 137 1706; x_wconf 88' lang='lat' dir='ltr'>a</span> <span class='ocrx_word' id='word_1_140' title='bbox 155 1678 318 1705; x_wconf 84' lang='lat' dir='ltr'>Manfredo</span> <span class='ocrx_word' id='word_1_141' title='bbox 338 1678 499 1712; x_wconf 88' lang='lat' dir='ltr'>quondam</span> <span class='ocrx_word' id='word_1_142' title='bbox 516 1678 656 1712; x_wconf 89' lang='lat' dir='ltr'>principe</span> <span class='ocrx_word' id='word_1_143' title='bbox 675 1677 845 1704; x_wconf 90' lang='lat' dir='ltr'>Tarentino</span> <span class='ocrx_word' id='word_1_144' title='bbox 864 1677 1022 1709; x_wconf 86' lang='lat' dir='ltr'>turbatur,</span> <span class='ocrx_word' id='word_1_145' title='bbox 1042 1678 1126 1711; x_wconf 89' lang='lat' dir='ltr'>paci-</span> 
     </span>
     <span class='ocr_line' id='line_1_24' title="bbox 119 1721 1125 1756; baseline 0 -7"><span class='ocrx_word' id='word_1_146' title='bbox 119 1722 213 1750; x_wconf 77' lang='lat' dir='ltr'>ficam</span> <span class='ocrx_word' id='word_1_147' title='bbox 239 1724 400 1749; x_wconf 88' lang='lat' dir='ltr'>assecutus</span> <span class='ocrx_word' id='word_1_148' title='bbox 426 1722 521 1749; x_wconf 86' lang='lat' dir='ltr'>fuerit</span> <span class='ocrx_word' id='word_1_149' title='bbox 545 1722 782 1756; x_wconf 87' lang='lat' dir='ltr'>possessionem.</span> <span class='ocrx_word' id='word_1_150' title='bbox 809 1722 906 1755; x_wconf 72' lang='lat' dir='ltr'>(Bm.</span> <span class='ocrx_word' id='word_1_151' title='bbox 934 1721 982 1753; x_wconf 86' lang='lat'>25,</span> <span class='ocrx_word' id='word_1_152' title='bbox 1008 1722 1029 1748; x_wconf 84' lang='lat' dir='ltr'>f.</span> <span class='ocrx_word' id='word_1_153' title='bbox 1057 1722 1125 1754; x_wconf 87' lang='lat'>209,</span> 
     </span>
     <span class='ocr_line' id='line_1_25' title="bbox 119 1766 832 1800; baseline -0.001 -6"><span class='ocrx_word' id='word_1_154' title='bbox 119 1774 170 1794; x_wconf 88' lang='lat' dir='ltr'>an.</span> <span class='ocrx_word' id='word_1_155' title='bbox 189 1767 226 1799; x_wconf 89' lang='lat' dir='ltr'>V,</span> <span class='ocrx_word' id='word_1_156' title='bbox 244 1767 315 1800; x_wconf 87' lang='lat' dir='ltr'>d.c.,</span> <span class='ocrx_word' id='word_1_157' title='bbox 333 1767 557 1799; x_wconf 67' lang='lat' dir='ltr'>Ronssmmno,</span> <span class='ocrx_word' id='word_1_158' title='bbox 574 1768 598 1793; x_wconf 87' lang='lat' dir='ltr'>t.</span> <span class='ocrx_word' id='word_1_159' title='bbox 620 1767 678 1799; x_wconf 89' lang='grc' dir='ltr'><strong>ΙΙΙ,</strong></span> <span class='ocrx_word' id='word_1_160' title='bbox 697 1769 733 1792; x_wconf 86' lang='lat' dir='ltr'>n⁰</span> <span class='ocrx_word' id='word_1_161' title='bbox 750 1766 832 1799; x_wconf 85' lang='lat'><strong>494.)</strong></span> 
     </span>
    </p>
   </div>
   <div class='ocr_carea' id='block_1_11' title="bbox 117 1854 1126 2743">
    <p class='ocr_par' dir='ltr' id='par_1_11' title="bbox 117 1854 1126 2743">
     <span class='ocr_line' id='line_1_26' title="bbox 165 1854 1125 1896; baseline -0.002 -9"><span class='ocrx_word' id='word_1_162' title='bbox 165 1868 177 1883; x_wconf 70' lang='grc' dir='ltr'>ι(</span> <span class='ocrx_word' id='word_1_163' title='bbox 204 1855 376 1896; x_wconf 68' lang='lat' dir='ltr'>AIayistro</span> <span class='ocrx_word' id='word_1_164' title='bbox 404 1855 533 1887; x_wconf 82' lang='lat' dir='ltr'>Jacobo</span> <span class='ocrx_word' id='word_1_165' title='bbox 561 1855 600 1886; x_wconf 87' lang='lat' dir='ltr'>de</span> <span class='ocrx_word' id='word_1_166' title='bbox 629 1854 842 1891; x_wconf 76' lang='lat' dir='ltr'>Castellione,</span> <span class='ocrx_word' id='word_1_167' title='bbox 873 1854 1125 1896; x_wconf 76' lang='lat' dir='ltr'>consanyuineo</span> 
     </span>
     <span class='ocr_line' id='line_1_27' title="bbox 119 1908 1125 1949; baseline 0 -10"><span class='ocrx_word' id='word_1_168' title='bbox 119 1910 241 1945; x_wconf 77' lang='lat' dir='ltr'>nostro,</span> <span class='ocrx_word' id='word_1_169' title='bbox 285 1908 380 1940; x_wconf 76' lang='lat' dir='ltr'>electo</span> <span class='ocrx_word' id='word_1_170' title='bbox 422 1908 565 1949; x_wconf 76' lang='lat' dir='ltr'>Reyino.</span> <span class='ocrx_word' id='word_1_171' title='bbox 609 1908 707 1944; x_wconf 89' lang='lat' dir='ltr'>Cum,</span> <span class='ocrx_word' id='word_1_172' title='bbox 752 1910 897 1949; x_wconf 86' lang='lat' dir='ltr'>propter</span> <span class='ocrx_word' id='word_1_173' title='bbox 938 1908 1125 1939; x_wconf 82' lang='lat' dir='ltr'>adversam</span> 
     </span>
     <span class='ocr_line' id='line_1_28' title="bbox 120 1960 1125 2003; baseline -0.001 -11"><span class='ocrx_word' id='word_1_174' title='bbox 120 1960 304 1998; x_wconf 85' lang='lat' dir='ltr'>Mansredi,</span> <span class='ocrx_word' id='word_1_175' title='bbox 343 1962 523 2003; x_wconf 89' lang='lat' dir='ltr'>quondam</span> <span class='ocrx_word' id='word_1_176' title='bbox 560 1961 726 2003; x_wconf 87' lang='lat' dir='ltr'>principis</span> <span class='ocrx_word' id='word_1_177' title='bbox 762 1960 955 1997; x_wconf 80' lang='lat' dir='ltr'>Tarentini,</span> <span class='ocrx_word' id='word_1_178' title='bbox 993 1961 1053 2002; x_wconf 92' lang='lat' dir='ltr'>qui</span> <span class='ocrx_word' id='word_1_179' title='bbox 1089 1971 1125 1992; x_wconf 85' lang='lat' dir='ltr'>se</span> 
     </span>
     <span class='ocr_line' id='line_1_29' title="bbox 119 2013 1124 2056; baseline -0.002 -10"><span class='ocrx_word' id='word_1_180' title='bbox 119 2013 205 2046; x_wconf 84' lang='lat' dir='ltr'>facit</span> <span class='ocrx_word' id='word_1_181' title='bbox 242 2023 358 2056; x_wconf 82' lang='lat' dir='ltr'>regem</span> <span class='ocrx_word' id='word_1_182' title='bbox 397 2014 522 2055; x_wconf 83' lang='lat' dir='ltr'>Sycilie</span> <span class='ocrx_word' id='word_1_183' title='bbox 561 2014 741 2056; x_wconf 90' lang='lat' dir='ltr'>appellari,</span> <span class='ocrx_word' id='word_1_184' title='bbox 781 2013 991 2055; x_wconf 88' lang='lat' dir='ltr'>potentiam,</span> <span class='ocrx_word' id='word_1_185' title='bbox 1031 2024 1124 2045; x_wconf 90' lang='lat' dir='ltr'>com-</span> 
     </span>
     <span class='ocr_line' id='line_1_30' title="bbox 120 2066 1123 2108; baseline -0.002 -9"><span class='ocrx_word' id='word_1_186' title='bbox 120 2067 263 2099; x_wconf 87' lang='lat' dir='ltr'>missam</span> <span class='ocrx_word' id='word_1_187' title='bbox 305 2067 371 2099; x_wconf 89' lang='lat' dir='ltr'>tibi</span> <span class='ocrx_word' id='word_1_188' title='bbox 414 2067 587 2108; x_wconf 82' lang='lat' dir='ltr'>Reginam</span> <span class='ocrx_word' id='word_1_189' title='bbox 629 2066 811 2098; x_wconf 88' lang='lat' dir='ltr'>ecclesiam</span> <span class='ocrx_word' id='word_1_190' title='bbox 854 2066 927 2098; x_wconf 89' lang='lat' dir='ltr'>sine</span> <span class='ocrx_word' id='word_1_191' title='bbox 970 2066 1123 2108; x_wconf 84' lang='lat' dir='ltr'>periculo</span> 
     </span>
     <span class='ocr_line' id='line_1_31' title="bbox 118 2120 1123 2162; baseline 0 -10"><span class='ocrx_word' id='word_1_192' title='bbox 118 2129 265 2162; x_wconf 86' lang='lat' dir='ltr'>persone</span> <span class='ocrx_word' id='word_1_193' title='bbox 287 2120 383 2152; x_wconf 90' lang='lat' dir='ltr'>adire</span> <span class='ocrx_word' id='word_1_194' title='bbox 406 2130 445 2152; x_wconf 89' lang='lat' dir='ltr'>ac</span> <span class='ocrx_word' id='word_1_195' title='bbox 467 2120 502 2151; x_wconf 90' lang='lat' dir='ltr'>in</span> <span class='ocrx_word' id='word_1_196' title='bbox 525 2129 564 2151; x_wconf 90' lang='lat' dir='ltr'>ea</span> <span class='ocrx_word' id='word_1_197' title='bbox 588 2120 764 2162; x_wconf 84' lang='lat' dir='ltr'>pastorale</span> <span class='ocrx_word' id='word_1_198' title='bbox 788 2129 942 2160; x_wconf 76' lang='lat' dir='ltr'>nequeas</span> <span class='ocrx_word' id='word_1_199' title='bbox 964 2129 1123 2152; x_wconf 83' lang='lat' dir='ltr'>exercere</span> 
     </span>
     <span class='ocr_line' id='line_1_32' title="bbox 118 2172 1122 2215; baseline 0 -11"><span class='ocrx_word' id='word_1_200' title='bbox 118 2173 288 2210; x_wconf 77' lang='lat' dir='ltr'>officium,</span> <span class='ocrx_word' id='word_1_201' title='bbox 316 2173 386 2205; x_wconf 92' lang='lat' dir='ltr'>tuis</span> <span class='ocrx_word' id='word_1_202' title='bbox 413 2173 732 2215; x_wconf 84' lang='lat' dir='ltr'>supplicationibus</span> <span class='ocrx_word' id='word_1_203' title='bbox 758 2172 928 2209; x_wconf 87' lang='lat' dir='ltr'>inclinati,</span> <span class='ocrx_word' id='word_1_204' title='bbox 957 2173 1051 2214; x_wconf 92' lang='lat' dir='ltr'>quod</span> <span class='ocrx_word' id='word_1_205' title='bbox 1079 2173 1122 2204; x_wconf 91' lang='lat' dir='ltr'>ad</span> 
     </span>
     <span class='ocr_line' id='line_1_33' title="bbox 119 2225 1122 2268; baseline -0.002 -10"><span class='ocrx_word' id='word_1_206' title='bbox 119 2226 328 2258; x_wconf 82' lang='lat' dir='ltr'>diaconatus</span> <span class='ocrx_word' id='word_1_207' title='bbox 365 2229 401 2258; x_wconf 89' lang='lat' dir='ltr'>et</span> <span class='ocrx_word' id='word_1_208' title='bbox 439 2226 695 2268; x_wconf 85' lang='lat' dir='ltr'>presbiteratus</span> <span class='ocrx_word' id='word_1_209' title='bbox 733 2225 872 2257; x_wconf 82' lang='lat' dir='ltr'>ordines</span> <span class='ocrx_word' id='word_1_210' title='bbox 912 2226 1122 2267; x_wconf 89' lang='lat' dir='ltr'>promoveri,</span> 
     </span>
     <span class='ocr_line' id='line_1_34' title="bbox 118 2278 1123 2321; baseline -0.001 -11"><span class='ocrx_word' id='word_1_211' title='bbox 118 2281 154 2310; x_wconf 91' lang='lat' dir='ltr'>et</span> <span class='ocrx_word' id='word_1_212' title='bbox 185 2279 230 2311; x_wconf 88' lang='lat' dir='ltr'>ad</span> <span class='ocrx_word' id='word_1_213' title='bbox 262 2279 502 2321; x_wconf 87' lang='lat' dir='ltr'>recipiendum</span> <span class='ocrx_word' id='word_1_214' title='bbox 534 2278 808 2310; x_wconf 87' lang='lat' dir='ltr'>consecrationis</span> <span class='ocrx_word' id='word_1_215' title='bbox 840 2288 979 2315; x_wconf 89' lang='lat' dir='ltr'>munus,</span> <span class='ocrx_word' id='word_1_216' title='bbox 1014 2279 1123 2310; x_wconf 88' lang='lat' dir='ltr'>donec</span> 
     </span>
     <span class='ocr_line' id='line_1_35' title="bbox 117 2330 1124 2374; baseline -0.001 -11"><span class='ocrx_word' id='word_1_217' title='bbox 117 2332 304 2374; x_wconf 86' lang='lat' dir='ltr'>pacificam</span> <span class='ocrx_word' id='word_1_218' title='bbox 331 2334 367 2363; x_wconf 85' lang='lat' dir='ltr'>et</span> <span class='ocrx_word' id='word_1_219' title='bbox 395 2331 553 2374; x_wconf 83' lang='lat' dir='ltr'>quietam</span> <span class='ocrx_word' id='word_1_220' title='bbox 581 2331 739 2373; x_wconf 88' lang='lat' dir='ltr'>ejusdem</span> <span class='ocrx_word' id='word_1_221' title='bbox 767 2330 908 2362; x_wconf 86' lang='lat' dir='ltr'>ecclesie</span> <span class='ocrx_word' id='word_1_222' title='bbox 936 2331 1124 2373; x_wconf 89' lang='lat' dir='ltr'>possessio-</span> 
     </span>
     <span class='ocr_line' id='line_1_36' title="bbox 121 2384 1125 2424; baseline -0.001 -8"><span class='ocrx_word' id='word_1_223' title='bbox 121 2395 201 2416; x_wconf 89' lang='lat' dir='ltr'>nem</span> <span class='ocrx_word' id='word_1_224' title='bbox 228 2385 334 2416; x_wconf 77' lang='lat' dir='ltr'>fueris</span> <span class='ocrx_word' id='word_1_225' title='bbox 361 2387 553 2421; x_wconf 88' lang='lat' dir='ltr'>assecutus,</span> <span class='ocrx_word' id='word_1_226' title='bbox 582 2384 726 2424; x_wconf 80' lang='lat' dir='ltr'>minime</span> <span class='ocrx_word' id='word_1_227' title='bbox 753 2384 916 2421; x_wconf 84' lang='lat' dir='ltr'>tenearis,</span> <span class='ocrx_word' id='word_1_228' title='bbox 952 2384 1125 2416; x_wconf 89' lang='lat' dir='ltr'>constitu-</span> 
     </span>
     <span class='ocr_line' id='line_1_37' title="bbox 120 2436 1125 2479; baseline 0 -10"><span class='ocrx_word' id='word_1_229' title='bbox 120 2438 216 2469; x_wconf 89' lang='lat' dir='ltr'>tione</span> <span class='ocrx_word' id='word_1_230' title='bbox 239 2447 346 2479; x_wconf 91' lang='lat' dir='ltr'>quam</span> <span class='ocrx_word' id='word_1_231' title='bbox 368 2440 490 2469; x_wconf 89' lang='lat' dir='ltr'>contra</span> <span class='ocrx_word' id='word_1_232' title='bbox 514 2437 770 2469; x_wconf 84' lang='lat' dir='ltr'>cathedralium</span> <span class='ocrx_word' id='word_1_233' title='bbox 793 2437 1017 2468; x_wconf 87' lang='lat' dir='ltr'>ecclesiarum</span> <span class='ocrx_word' id='word_1_234' title='bbox 1039 2436 1125 2469; x_wconf 87' lang='lat' dir='ltr'>elec—</span> 
     </span>
     <span class='ocr_line' id='line_1_38' title="bbox 121 2490 1125 2532; baseline -0.001 -10"><span class='ocrx_word' id='word_1_235' title='bbox 121 2493 176 2522; x_wconf 90' lang='lat' dir='ltr'>tos</span> <span class='ocrx_word' id='word_1_236' title='bbox 205 2491 299 2532; x_wconf 90' lang='lat' dir='ltr'>quod</span> <span class='ocrx_word' id='word_1_237' title='bbox 326 2491 417 2522; x_wconf 78' lang='lat' dir='ltr'>inira</span> <span class='ocrx_word' id='word_1_238' title='bbox 445 2500 506 2522; x_wconf 86' lang='lat' dir='ltr'>sex</span> <span class='ocrx_word' id='word_1_239' title='bbox 533 2490 707 2522; x_wconf 87' lang='lat' dir='ltr'>mensium</span> <span class='ocrx_word' id='word_1_240' title='bbox 736 2490 891 2531; x_wconf 83' lang='lat' dir='ltr'>spatium</span> <span class='ocrx_word' id='word_1_241' title='bbox 921 2490 1125 2532; x_wconf 88' lang='lat' dir='ltr'>hujusmodi</span> 
     </span>
     <span class='ocr_line' id='line_1_39' title="bbox 121 2543 1126 2584; baseline 0 -10"><span class='ocrx_word' id='word_1_242' title='bbox 121 2543 394 2575; x_wconf 87' lang='lat' dir='ltr'>consecrationis</span> <span class='ocrx_word' id='word_1_243' title='bbox 427 2553 555 2575; x_wconf 87' lang='lat' dir='ltr'>munus</span> <span class='ocrx_word' id='word_1_244' title='bbox 588 2543 761 2584; x_wconf 87' lang='lat' dir='ltr'>suscipere</span> <span class='ocrx_word' id='word_1_245' title='bbox 794 2545 985 2575; x_wconf 88' lang='lat' dir='ltr'>tencantur</span> <span class='ocrx_word' id='word_1_246' title='bbox 1016 2543 1126 2574; x_wconf 87' lang='lat' dir='ltr'>edidi-</span> 
     </span>
     <span class='ocr_line' id='line_1_40' title="bbox 122 2596 1125 2637; baseline -0.001 -9"><span class='ocrx_word' id='word_1_247' title='bbox 122 2606 200 2628; x_wconf 89' lang='lat' dir='ltr'>mus</span> <span class='ocrx_word' id='word_1_248' title='bbox 238 2606 308 2628; x_wconf 90' lang='lat' dir='ltr'>non</span> <span class='ocrx_word' id='word_1_249' title='bbox 347 2596 523 2634; x_wconf 84' lang='lat' dir='ltr'>obstante,</span> <span class='ocrx_word' id='word_1_250' title='bbox 564 2597 606 2628; x_wconf 90' lang='lat' dir='ltr'>de</span> <span class='ocrx_word' id='word_1_251' title='bbox 644 2596 757 2637; x_wconf 81' lang='lat' dir='ltr'>gratia</span> <span class='ocrx_word' id='word_1_252' title='bbox 798 2596 862 2627; x_wconf 89' lang='lat' dir='ltr'>tibi</span> <span class='ocrx_word' id='word_1_253' title='bbox 900 2596 1125 2628; x_wconf 89' lang='lat' dir='ltr'>concedimus</span> 
     </span>
     <span class='ocr_line' id='line_1_41' title="bbox 121 2648 1126 2692; baseline -0.001 -11"><span class='ocrx_word' id='word_1_254' title='bbox 121 2649 274 2692; x_wconf 88' lang='lat' dir='ltr'>speciali.</span> <span class='ocrx_word' id='word_1_255' title='bbox 302 2648 398 2681; x_wconf 87' lang='lat' dir='ltr'>Nulli</span> <span class='ocrx_word' id='word_1_256' title='bbox 425 2652 542 2681; x_wconf 88' lang='lat' dir='ltr'>nostre</span> <span class='ocrx_word' id='word_1_257' title='bbox 569 2649 800 2681; x_wconf 88' lang='lat' dir='ltr'>concessionis</span> <span class='ocrx_word' id='word_1_258' title='bbox 827 2652 893 2681; x_wconf 86' lang='lat' dir='ltr'>etc.</span> <span class='ocrx_word' id='word_1_259' title='bbox 922 2649 1005 2681; x_wconf 88' lang='lat' dir='ltr'>Dat.</span> <span class='ocrx_word' id='word_1_260' title='bbox 1033 2649 1126 2681; x_wconf 83' lang='lat' dir='ltr'>Ana-</span> 
     </span>
     <span class='ocr_line' id='line_1_42' title="bbox 122 2702 837 2743; baseline -0.004 -9"><span class='ocrx_word' id='word_1_261' title='bbox 122 2702 211 2739; x_wconf 73' lang='lat' dir='ltr'>finie,</span> <span class='ocrx_word' id='word_1_262' title='bbox 239 2702 271 2733; x_wconf 94' lang='lat' dir='ltr'>II</span> <span class='ocrx_word' id='word_1_263' title='bbox 296 2712 406 2734; x_wconf 90' lang='lat' dir='ltr'>nonas</span> <span class='ocrx_word' id='word_1_264' title='bbox 429 2702 522 2739; x_wconf 88' lang='lat' dir='ltr'>maii,</span> <span class='ocrx_word' id='word_1_265' title='bbox 547 2712 639 2734; x_wconf 90' lang='lat' dir='ltr'>anno</span> <span class='ocrx_word' id='word_1_266' title='bbox 664 2702 800 2743; x_wconf 90' lang='lat' dir='ltr'>quinto.</span> <span class='ocrx_word' id='word_1_267' title='bbox 825 2715 837 2730; x_wconf 89' lang='lat'>»</span> 
     </span>
    </p>
   </div>
   <div class='ocr_carea' id='block_1_12' title="bbox 200 2854 1046 2889">
    <p class='ocr_par' dir='ltr' id='par_1_12' title="bbox 200 2854 1046 2889">
     <span class='ocr_line' id='line_1_43' title="bbox 200 2854 1046 2889; baseline 0.005 -9"><span class='ocrx_word' id='word_1_268' title='bbox 200 2854 288 2881; x_wconf 83' lang='grc'>2897</span> <span class='ocrx_word' id='word_1_269' title='bbox 636 2857 770 2889; x_wconf 79' lang='lat' dir='ltr'>Anagni,</span> <span class='ocrx_word' id='word_1_270' title='bbox 793 2857 828 2883; x_wconf 91' lang='lat'>21</span> <span class='ocrx_word' id='word_1_271' title='bbox 854 2864 936 2884; x_wconf 88' lang='lat' dir='ltr'>mars</span> <span class='ocrx_word' id='word_1_272' title='bbox 960 2857 1046 2884; x_wconf 86' lang='lat'>1259.</span> 
     </span>
    </p>
   </div>
   <div class='ocr_carea' id='block_1_13' title="bbox 120 2907 1127 3034">
    <p class='ocr_par' dir='ltr' id='par_1_13' title="bbox 120 2907 1127 3034">
     <span class='ocr_line' id='line_1_44' title="bbox 162 2907 1127 2942; baseline 0.003 -8"><span class='ocrx_word' id='word_1_273' title='bbox 162 2907 310 2941; x_wconf 86' lang='lat' dir='ltr'>Magistro</span> <span class='ocrx_word' id='word_1_274' title='bbox 329 2908 500 2942; x_wconf 84' lang='lat' dir='ltr'>Stephano,</span> <span class='ocrx_word' id='word_1_275' title='bbox 518 2909 627 2935; x_wconf 88' lang='lat' dir='ltr'>abbati</span> <span class='ocrx_word' id='word_1_276' title='bbox 645 2909 790 2936; x_wconf 81' lang='lat' dir='ltr'>ecclesiae</span> <span class='ocrx_word' id='word_1_277' title='bbox 809 2910 1004 2942; x_wconf 82' lang='lat' dir='ltr'>FusellensiS,</span> <span class='ocrx_word' id='word_1_278' title='bbox 1022 2911 1127 2938; x_wconf 89' lang='lat' dir='ltr'>omnia</span> 
     </span>
     <span class='ocr_line' id='line_1_45' title="bbox 120 2953 1126 2989; baseline 0 -8"><span class='ocrx_word' id='word_1_279' title='bbox 120 2953 204 2981; x_wconf 92' lang='lat' dir='ltr'>bona</span> <span class='ocrx_word' id='word_1_280' title='bbox 224 2955 456 2989; x_wconf 80' lang='lat' dir='ltr'>dignitatesque</span> <span class='ocrx_word' id='word_1_281' title='bbox 477 2963 548 2982; x_wconf 91' lang='lat' dir='ltr'>suas</span> <span class='ocrx_word' id='word_1_282' title='bbox 569 2955 747 2981; x_wconf 75' lang='lat' dir='ltr'>confirmat.</span> <span class='ocrx_word' id='word_1_283' title='bbox 769 2955 866 2988; x_wconf 75' lang='lat' dir='ltr'>(REO.</span> <span class='ocrx_word' id='word_1_284' title='bbox 888 2955 937 2986; x_wconf 85' lang='lat'>25,</span> <span class='ocrx_word' id='word_1_285' title='bbox 958 2955 979 2981; x_wconf 82' lang='lat' dir='ltr'>f.</span> <span class='ocrx_word' id='word_1_286' title='bbox 1001 2955 1059 2981; x_wconf 87' lang='lat'>209</span> <span class='ocrx_word' id='word_1_287' title='bbox 1080 2959 1126 2988; x_wconf 87' lang='lat' dir='ltr'>v0,</span> 
     </span>
     <span class='ocr_line' id='line_1_46' title="bbox 121 3000 369 3034; baseline 0.004 -8"><span class='ocrx_word' id='word_1_288' title='bbox 121 3007 171 3027; x_wconf 86' lang='lat' dir='ltr'>an.</span> <span class='ocrx_word' id='word_1_289' title='bbox 189 3000 226 3032; x_wconf 89' lang='lat' dir='ltr'>V,</span> <span class='ocrx_word' id='word_1_290' title='bbox 244 3007 268 3027; x_wconf 95' lang='lat' dir='ltr'>c.</span> <span class='ocrx_word' id='word_1_291' title='bbox 288 3000 369 3034; x_wconf 88' lang='lat'><strong>133.)</strong></span> 
     </span>
    </p>
   </div>
   <div class='ocr_carea' id='block_1_14' title="bbox 1231 379 2235 1907">
    <p class='ocr_par' dir='ltr' id='par_1_14' title="bbox 1231 379 2235 1907">
     <span class='ocr_line' id='line_1_47' title="bbox 1277 379 2230 421; baseline 0.002 -13"><span class='ocrx_word' id='word_1_292' title='bbox 1277 393 1289 409; x_wconf 86' lang='lat'>«</span> <span class='ocrx_word' id='word_1_293' title='bbox 1325 380 1496 421; x_wconf 73' lang='lat' dir='ltr'>Maqislro</span> <span class='ocrx_word' id='word_1_294' title='bbox 1533 380 1713 421; x_wconf 82' lang='lat' dir='ltr'>Stephano,</span> <span class='ocrx_word' id='word_1_295' title='bbox 1751 379 1958 411; x_wconf 80' lang='lat' dir='ltr'>subdiacono</span> <span class='ocrx_word' id='word_1_296' title='bbox 1994 382 2021 411; x_wconf 81' lang='lat' dir='ltr'>et</span> <span class='ocrx_word' id='word_1_297' title='bbox 2057 380 2230 421; x_wconf 81' lang='lat' dir='ltr'>capellano</span> 
     </span>
     <span class='ocr_line' id='line_1_48' title="bbox 1231 431 2229 474; baseline 0 -10"><span class='ocrx_word' id='word_1_298' title='bbox 1231 436 1352 467; x_wconf 80' lang='lat' dir='ltr'>nostro,</span> <span class='ocrx_word' id='word_1_299' title='bbox 1381 433 1495 464; x_wconf 78' lang='lat' dir='ltr'>abbati</span> <span class='ocrx_word' id='word_1_300' title='bbox 1523 432 1684 464; x_wconf 80' lang='lat' dir='ltr'>secularis</span> <span class='ocrx_word' id='word_1_301' title='bbox 1712 431 1842 463; x_wconf 75' lang='lat' dir='ltr'>ecclesie</span> <span class='ocrx_word' id='word_1_302' title='bbox 1870 432 2087 469; x_wconf 77' lang='lat' dir='ltr'>Fusellensis,</span> <span class='ocrx_word' id='word_1_303' title='bbox 2117 433 2229 474; x_wconf 76' lang='lat' dir='ltr'>nepoti</span> 
     </span>
     <span class='ocr_line' id='line_1_49' title="bbox 1234 484 2230 518; baseline -0.001 -1"><span class='ocrx_word' id='word_1_304' title='bbox 1234 486 1314 518; x_wconf 82' lang='lat' dir='ltr'>bone</span> <span class='ocrx_word' id='word_1_305' title='bbox 1348 486 1504 517; x_wconf 72' lang='lat' dir='ltr'>memorie</span> <span class='ocrx_word' id='word_1_306' title='bbox 1539 486 1579 517; x_wconf 83' lang='lat' dir='ltr'>E.</span> <span class='ocrx_word' id='word_1_307' title='bbox 1617 486 1815 517; x_wconf 76' lang='lat' dir='ltr'>Sanctorum</span> <span class='ocrx_word' id='word_1_308' title='bbox 1854 484 1970 515; x_wconf 82' lang='lat' dir='ltr'>Cosme</span> <span class='ocrx_word' id='word_1_309' title='bbox 2004 487 2031 515; x_wconf 78' lang='lat' dir='ltr'>et</span> <span class='ocrx_word' id='word_1_310' title='bbox 2064 485 2230 517; x_wconf 77' lang='lat' dir='ltr'>Damiani</span> 
     </span>
     <span class='ocr_line' id='line_1_50' title="bbox 1231 537 2231 578; baseline -0.001 -8"><span class='ocrx_word' id='word_1_311' title='bbox 1231 539 1366 571; x_wconf 80' lang='lat' dir='ltr'>diaconi</span> <span class='ocrx_word' id='word_1_312' title='bbox 1391 539 1588 570; x_wconf 78' lang='lat' dir='ltr'>cardinalis.</span> <span class='ocrx_word' id='word_1_313' title='bbox 1615 538 1723 570; x_wconf 87' lang='lat' dir='ltr'>Grata</span> <span class='ocrx_word' id='word_1_314' title='bbox 1749 537 1948 569; x_wconf 78' lang='lat' dir='ltr'>devotionis</span> <span class='ocrx_word' id='word_1_315' title='bbox 1972 538 2139 578; x_wconf 86' lang='lat' dir='ltr'>obsequia</span> <span class='ocrx_word' id='word_1_316' title='bbox 2165 547 2231 578; x_wconf 90' lang='lat' dir='ltr'>que</span> 
     </span>
     <span class='ocr_line' id='line_1_51' title="bbox 1232 590 2232 633; baseline -0.002 -9"><span class='ocrx_word' id='word_1_317' title='bbox 1232 593 1332 624; x_wconf 89' lang='lat' dir='ltr'>nobis</span> <span class='ocrx_word' id='word_1_318' title='bbox 1363 593 1563 633; x_wconf 83' lang='lat' dir='ltr'>impendere</span> <span class='ocrx_word' id='word_1_319' title='bbox 1594 591 1736 627; x_wconf 80' lang='lat' dir='ltr'>curasti,</span> <span class='ocrx_word' id='word_1_320' title='bbox 1768 593 1804 622; x_wconf 87' lang='lat' dir='ltr'>et</span> <span class='ocrx_word' id='word_1_321' title='bbox 1834 592 1979 631; x_wconf 83' lang='lat' dir='ltr'>experta</span> <span class='ocrx_word' id='word_1_322' title='bbox 2011 590 2232 622; x_wconf 80' lang='lat' dir='ltr'>familiaritas</span> 
     </span>
     <span class='ocr_line' id='line_1_52' title="bbox 1231 643 2233 686; baseline -0.004 -9"><span class='ocrx_word' id='word_1_323' title='bbox 1231 649 1266 677; x_wconf 87' lang='lat' dir='ltr'>te</span> <span class='ocrx_word' id='word_1_324' title='bbox 1292 646 1436 686; x_wconf 76' lang='lat' dir='ltr'>dignum</span> <span class='ocrx_word' id='word_1_325' title='bbox 1461 645 1622 676; x_wconf 76' lang='lat' dir='ltr'>efficiunt</span> <span class='ocrx_word' id='word_1_326' title='bbox 1648 647 1697 680; x_wconf 86' lang='lat' dir='ltr'>ut,</span> <span class='ocrx_word' id='word_1_327' title='bbox 1725 647 1758 675; x_wconf 86' lang='lat' dir='ltr'>te</span> <span class='ocrx_word' id='word_1_328' title='bbox 1784 644 1905 675; x_wconf 83' lang='lat' dir='ltr'>favore</span> <span class='ocrx_word' id='word_1_329' title='bbox 1930 643 2092 674; x_wconf 87' lang='lat' dir='ltr'>benivolo</span> <span class='ocrx_word' id='word_1_330' title='bbox 2118 653 2233 684; x_wconf 90' lang='lat' dir='ltr'>prose-</span> 
     </span>
     <span class='ocr_line' id='line_1_53' title="bbox 1233 696 2232 740; baseline -0.004 -10"><span class='ocrx_word' id='word_1_331' title='bbox 1233 702 1390 740; x_wconf 87' lang='lat' dir='ltr'>quentes,</span> <span class='ocrx_word' id='word_1_332' title='bbox 1425 697 1610 740; x_wconf 84' lang='lat' dir='ltr'>specialem</span> <span class='ocrx_word' id='word_1_333' title='bbox 1645 697 1708 728; x_wconf 89' lang='lat' dir='ltr'>tibi</span> <span class='ocrx_word' id='word_1_334' title='bbox 1741 696 1892 737; x_wconf 82' lang='lat' dir='ltr'>gratiam</span> <span class='ocrx_word' id='word_1_335' title='bbox 1925 696 2106 727; x_wconf 78' lang='lat' dir='ltr'>faciamus.</span> <span class='ocrx_word' id='word_1_336' title='bbox 2142 696 2232 727; x_wconf 88' lang='lat' dir='ltr'>Hinc</span> 
     </span>
     <span class='ocr_line' id='line_1_54' title="bbox 1232 748 2231 793; baseline -0.004 -10"><span class='ocrx_word' id='word_1_337' title='bbox 1232 755 1281 783; x_wconf 84' lang='lat' dir='ltr'>est</span> <span class='ocrx_word' id='word_1_338' title='bbox 1315 752 1408 793; x_wconf 88' lang='lat' dir='ltr'>quod</span> <span class='ocrx_word' id='word_1_339' title='bbox 1440 761 1512 788; x_wconf 90' lang='lat' dir='ltr'>nos,</span> <span class='ocrx_word' id='word_1_340' title='bbox 1544 750 1613 782; x_wconf 87' lang='lat' dir='ltr'>tuis</span> <span class='ocrx_word' id='word_1_341' title='bbox 1643 749 1961 791; x_wconf 82' lang='lat' dir='ltr'>supplicationibus</span> <span class='ocrx_word' id='word_1_342' title='bbox 1989 748 2157 785; x_wconf 84' lang='lat' dir='ltr'>inclinati,</span> <span class='ocrx_word' id='word_1_343' title='bbox 2189 749 2231 780; x_wconf 91' lang='lat' dir='ltr'>ad</span> 
     </span>
     <span class='ocr_line' id='line_1_55' title="bbox 1232 801 2234 842; baseline -0.004 -6"><span class='ocrx_word' id='word_1_344' title='bbox 1232 805 1343 836; x_wconf 85' lang='lat' dir='ltr'>instar</span> <span class='ocrx_word' id='word_1_345' title='bbox 1374 804 1481 836; x_wconf 86' lang='lat' dir='ltr'>felicis</span> <span class='ocrx_word' id='word_1_346' title='bbox 1511 802 1764 835; x_wconf 82' lang='lat' dir='ltr'>recordationis</span> <span class='ocrx_word' id='word_1_347' title='bbox 1799 801 1993 833; x_wconf 87' lang='lat' dir='ltr'>Innocentii</span> <span class='ocrx_word' id='word_1_348' title='bbox 2026 811 2126 842; x_wconf 89' lang='lat' dir='ltr'>pape,</span> <span class='ocrx_word' id='word_1_349' title='bbox 2159 811 2234 842; x_wconf 87' lang='lat' dir='ltr'>pre—</span> 
     </span>
     <span class='ocr_line' id='line_1_56' title="bbox 1234 854 2234 893; baseline -0.005 -3"><span class='ocrx_word' id='word_1_350' title='bbox 1234 858 1421 890; x_wconf 85' lang='lat' dir='ltr'>decessoris</span> <span class='ocrx_word' id='word_1_351' title='bbox 1449 857 1569 893; x_wconf 78' lang='lat' dir='ltr'>nostri,</span> <span class='ocrx_word' id='word_1_352' title='bbox 1598 856 1782 887; x_wconf 88' lang='lat' dir='ltr'>abbatiam</span> <span class='ocrx_word' id='word_1_353' title='bbox 1809 854 1973 886; x_wconf 89' lang='lat' dir='ltr'>secularis</span> <span class='ocrx_word' id='word_1_354' title='bbox 2000 855 2140 886; x_wconf 89' lang='lat' dir='ltr'>ecclesie</span> <span class='ocrx_word' id='word_1_355' title='bbox 2168 855 2234 886; x_wconf 87' lang='lat' dir='ltr'>Fu-</span> 
     </span>
     <span class='ocr_line' id='line_1_57' title="bbox 1232 907 2233 947; baseline -0.005 -4"><span class='ocrx_word' id='word_1_356' title='bbox 1232 911 1397 947; x_wconf 88' lang='lat' dir='ltr'>sellensis,</span> <span class='ocrx_word' id='word_1_357' title='bbox 1440 909 1767 941; x_wconf 86' lang='lat' dir='ltr'>archidiaconatum</span> <span class='ocrx_word' id='word_1_358' title='bbox 1808 910 1843 939; x_wconf 91' lang='lat' dir='ltr'>et</span> <span class='ocrx_word' id='word_1_359' title='bbox 1884 907 2070 939; x_wconf 87' lang='lat' dir='ltr'>canoniam</span> <span class='ocrx_word' id='word_1_360' title='bbox 2111 907 2233 939; x_wconf 88' lang='lat' dir='ltr'>Zamo—</span> 
     </span>
     <span class='ocr_line' id='line_1_58' title="bbox 1232 960 2233 1004; baseline -0.006 -8"><span class='ocrx_word' id='word_1_361' title='bbox 1232 974 1358 1000; x_wconf 83' lang='lat' dir='ltr'>rcnses‚</span> <span class='ocrx_word' id='word_1_362' title='bbox 1403 973 1482 995; x_wconf 90' lang='lat' dir='ltr'>cum</span> <span class='ocrx_word' id='word_1_363' title='bbox 1526 961 1747 1004; x_wconf 88' lang='lat' dir='ltr'>pertinentiis</span> <span class='ocrx_word' id='word_1_364' title='bbox 1796 960 1998 997; x_wconf 86' lang='lat' dir='ltr'>eorundem,</span> <span class='ocrx_word' id='word_1_365' title='bbox 2049 960 2233 991; x_wconf 85' lang='lat' dir='ltr'>canoniam</span> 
     </span>
     <span class='ocr_line' id='line_1_59' title="bbox 1233 1013 2233 1058; baseline -0.006 -9"><span class='ocrx_word' id='word_1_366' title='bbox 1233 1017 1469 1058; x_wconf 85' lang='lat' dir='ltr'>septimanam</span> <span class='ocrx_word' id='word_1_367' title='bbox 1492 1018 1527 1047; x_wconf 88' lang='lat' dir='ltr'>et</span> <span class='ocrx_word' id='word_1_368' title='bbox 1551 1014 1778 1056; x_wconf 83' lang='lat' dir='ltr'>prestimonia</span> <span class='ocrx_word' id='word_1_369' title='bbox 1803 1024 1869 1055; x_wconf 88' lang='lat' dir='ltr'>que</span> <span class='ocrx_word' id='word_1_370' title='bbox 1892 1014 1926 1044; x_wconf 90' lang='lat' dir='ltr'>in</span> <span class='ocrx_word' id='word_1_371' title='bbox 1950 1013 2233 1054; x_wconf 83' lang='lat' dir='ltr'>Compostellana</span> 
     </span>
     <span class='ocr_line' id='line_1_60' title="bbox 1232 1066 2233 1110; baseline -0.005 -8"><span class='ocrx_word' id='word_1_372' title='bbox 1232 1070 1375 1102; x_wconf 79' lang='lat' dir='ltr'>ecclesia</span> <span class='ocrx_word' id='word_1_373' title='bbox 1411 1079 1446 1101; x_wconf 90' lang='lat' dir='ltr'>es</span> <span class='ocrx_word' id='word_1_374' title='bbox 1482 1069 1643 1110; x_wconf 85' lang='lat' dir='ltr'>adeptus,</span> <span class='ocrx_word' id='word_1_375' title='bbox 1681 1067 1821 1099; x_wconf 84' lang='lat' dir='ltr'>ecclesie</span> <span class='ocrx_word' id='word_1_376' title='bbox 1858 1066 2013 1108; x_wconf 82' lang='lat' dir='ltr'>palatine</span> <span class='ocrx_word' id='word_1_377' title='bbox 2049 1066 2233 1097; x_wconf 86' lang='lat' dir='ltr'>canoniam</span> 
     </span>
     <span class='ocr_line' id='line_1_61' title="bbox 1232 1119 2233 1164; baseline -0.005 -9"><span class='ocrx_word' id='word_1_378' title='bbox 1232 1127 1268 1156; x_wconf 87' lang='lat' dir='ltr'>et</span> <span class='ocrx_word' id='word_1_379' title='bbox 1301 1122 1540 1164; x_wconf 87' lang='lat' dir='ltr'>prestimonia,</span> <span class='ocrx_word' id='word_1_380' title='bbox 1575 1121 1762 1153; x_wconf 87' lang='lat' dir='ltr'>canoniam</span> <span class='ocrx_word' id='word_1_381' title='bbox 1795 1120 1935 1151; x_wconf 88' lang='lat' dir='ltr'>ecclesie</span> <span class='ocrx_word' id='word_1_382' title='bbox 1970 1119 2164 1155; x_wconf 83' lang='lat' dir='ltr'>Ovetensis,</span> <span class='ocrx_word' id='word_1_383' title='bbox 2193 1120 2233 1150; x_wconf 90' lang='lat' dir='ltr'>de</span> 
     </span>
     <span class='ocr_line' id='line_1_62' title="bbox 1233 1172 2232 1214; baseline -0.005 -6"><span class='ocrx_word' id='word_1_384' title='bbox 1233 1176 1324 1208; x_wconf 85' lang='lat' dir='ltr'>Saxo</span> <span class='ocrx_word' id='word_1_385' title='bbox 1349 1176 1439 1207; x_wconf 71' lang='lat' dir='ltr'>Albo</span> <span class='ocrx_word' id='word_1_386' title='bbox 1464 1177 1497 1206; x_wconf 89' lang='lat' dir='ltr'>et</span> <span class='ocrx_word' id='word_1_387' title='bbox 1524 1175 1565 1206; x_wconf 89' lang='lat' dir='ltr'>de</span> <span class='ocrx_word' id='word_1_388' title='bbox 1590 1174 1819 1205; x_wconf 87' lang='lat' dir='ltr'>Tortibarbas</span> <span class='ocrx_word' id='word_1_389' title='bbox 1844 1172 2072 1214; x_wconf 87' lang='lat' dir='ltr'>prestimonia</span> <span class='ocrx_word' id='word_1_390' title='bbox 2097 1182 2163 1213; x_wconf 88' lang='lat' dir='ltr'>que</span> <span class='ocrx_word' id='word_1_391' title='bbox 2188 1173 2232 1203; x_wconf 89' lang='lat' dir='ltr'>ab</span> 
     </span>
     <span class='ocr_line' id='line_1_63' title="bbox 1232 1225 2232 1267; baseline -0.006 -6"><span class='ocrx_word' id='word_1_392' title='bbox 1232 1229 1392 1261; x_wconf 87' lang='lat' dir='ltr'>Auriensi</span> <span class='ocrx_word' id='word_1_393' title='bbox 1413 1231 1448 1260; x_wconf 86' lang='lat' dir='ltr'>et</span> <span class='ocrx_word' id='word_1_394' title='bbox 1472 1228 1713 1260; x_wconf 64' lang='lat' dir='ltr'>salamantina</span> <span class='ocrx_word' id='word_1_395' title='bbox 1736 1226 1887 1258; x_wconf 87' lang='lat' dir='ltr'>ecclesiis</span> <span class='ocrx_word' id='word_1_396' title='bbox 1910 1225 2121 1267; x_wconf 81' lang='lat' dir='ltr'>dignosceris</span> <span class='ocrx_word' id='word_1_397' title='bbox 2143 1225 2232 1256; x_wconf 89' lang='lat' dir='ltr'>obti-</span> 
     </span>
     <span class='ocr_line' id='line_1_64' title="bbox 1232 1278 2233 1323; baseline -0.005 -9"><span class='ocrx_word' id='word_1_398' title='bbox 1232 1293 1322 1319; x_wconf 84' lang='lat' dir='ltr'>nere,</span> <span class='ocrx_word' id='word_1_399' title='bbox 1359 1281 1587 1323; x_wconf 85' lang='lat' dir='ltr'>prestimonia</span> <span class='ocrx_word' id='word_1_400' title='bbox 1623 1291 1689 1321; x_wconf 90' lang='lat' dir='ltr'>que</span> <span class='ocrx_word' id='word_1_401' title='bbox 1724 1280 1757 1311; x_wconf 90' lang='lat' dir='ltr'>in</span> <span class='ocrx_word' id='word_1_402' title='bbox 1792 1280 1963 1311; x_wconf 88' lang='lat' dir='ltr'>Toletana</span> <span class='ocrx_word' id='word_1_403' title='bbox 1997 1282 2033 1310; x_wconf 87' lang='lat' dir='ltr'>et</span> <span class='ocrx_word' id='word_1_404' title='bbox 2066 1278 2233 1310; x_wconf 86' lang='lat' dir='ltr'>Abulensi</span> 
     </span>
     <span class='ocr_line' id='line_1_65' title="bbox 1233 1331 2234 1375; baseline -0.005 -8"><span class='ocrx_word' id='word_1_405' title='bbox 1233 1336 1428 1367; x_wconf 82' lang='lat' dir='ltr'>diocesibus</span> <span class='ocrx_word' id='word_1_406' title='bbox 1457 1345 1492 1366; x_wconf 88' lang='lat' dir='ltr'>es</span> <span class='ocrx_word' id='word_1_407' title='bbox 1522 1335 1684 1375; x_wconf 87' lang='lat' dir='ltr'>adeptus,</span> <span class='ocrx_word' id='word_1_408' title='bbox 1716 1332 1944 1375; x_wconf 85' lang='lat' dir='ltr'>prestimonia</span> <span class='ocrx_word' id='word_1_409' title='bbox 1975 1342 2041 1373; x_wconf 87' lang='lat' dir='ltr'>que</span> <span class='ocrx_word' id='word_1_410' title='bbox 2072 1332 2105 1362; x_wconf 92' lang='lat' dir='ltr'>in</span> <span class='ocrx_word' id='word_1_411' title='bbox 2137 1331 2234 1363; x_wconf 88' lang='lat' dir='ltr'>Cala-</span> 
     </span>
     <span class='ocr_line' id='line_1_66' title="bbox 1231 1384 2235 1430; baseline -0.005 -10"><span class='ocrx_word' id='word_1_412' title='bbox 1231 1389 1411 1430; x_wconf 83' lang='lat' dir='ltr'>gurritana</span> <span class='ocrx_word' id='word_1_413' title='bbox 1446 1387 1588 1419; x_wconf 81' lang='lat' dir='ltr'>ecclesia</span> <span class='ocrx_word' id='word_1_414' title='bbox 1624 1390 1657 1418; x_wconf 86' lang='lat' dir='ltr'>tc</span> <span class='ocrx_word' id='word_1_415' title='bbox 1691 1386 1814 1417; x_wconf 87' lang='lat' dir='ltr'>asseris</span> <span class='ocrx_word' id='word_1_416' title='bbox 1847 1388 2060 1421; x_wconf 89' lang='lat' dir='ltr'>assecutum,</span> <span class='ocrx_word' id='word_1_417' title='bbox 2094 1384 2235 1416; x_wconf 87' lang='lat' dir='ltr'>canoni-</span> 
     </span>
     <span class='ocr_line' id='line_1_67' title="bbox 1232 1437 2234 1482; baseline -0.005 -9"><span class='ocrx_word' id='word_1_418' title='bbox 1232 1445 1332 1473; x_wconf 88' lang='lat' dir='ltr'>catus</span> <span class='ocrx_word' id='word_1_419' title='bbox 1363 1444 1398 1473; x_wconf 84' lang='lat' dir='ltr'>et</span> <span class='ocrx_word' id='word_1_420' title='bbox 1430 1441 1626 1482; x_wconf 87' lang='lat' dir='ltr'>prebendas</span> <span class='ocrx_word' id='word_1_421' title='bbox 1657 1449 1744 1480; x_wconf 89' lang='lat' dir='ltr'>quos</span> <span class='ocrx_word' id='word_1_422' title='bbox 1781 1439 1815 1469; x_wconf 89' lang='lat' dir='ltr'>in</span> <span class='ocrx_word' id='word_1_423' title='bbox 1857 1437 2073 1474; x_wconf 67' lang='lat' dir='ltr'>carnotensi,</span> <span class='ocrx_word' id='word_1_424' title='bbox 2106 1437 2234 1469; x_wconf 87' lang='lat' dir='ltr'>Catha-</span> 
     </span>
     <span class='ocr_line' id='line_1_68' title="bbox 1231 1490 2232 1532; baseline -0.006 -6"><span class='ocrx_word' id='word_1_425' title='bbox 1231 1495 1400 1531; x_wconf 87' lang='lat' dir='ltr'>launensi,</span> <span class='ocrx_word' id='word_1_426' title='bbox 1457 1493 1677 1528; x_wconf 84' lang='lat' dir='ltr'>Virdunensi,</span> <span class='ocrx_word' id='word_1_427' title='bbox 1734 1491 1899 1532; x_wconf 79' lang='lat' dir='ltr'>Pragensi</span> <span class='ocrx_word' id='word_1_428' title='bbox 1952 1493 1987 1522; x_wconf 85' lang='lat' dir='ltr'>et</span> <span class='ocrx_word' id='word_1_429' title='bbox 2039 1490 2180 1521; x_wconf 88' lang='lat' dir='ltr'>Latensi</span> <span class='ocrx_word' id='word_1_430' title='bbox 2211 1490 2232 1527; x_wconf 84' lang='lat'>¹,</span> 
     </span>
     <span class='ocr_line' id='line_1_69' title="bbox 1231 1543 2233 1585; baseline -0.006 -6"><span class='ocrx_word' id='word_1_431' title='bbox 1231 1547 1476 1579; x_wconf 82' lang='lat' dir='ltr'>Atrebatensis</span> <span class='ocrx_word' id='word_1_432' title='bbox 1513 1546 1669 1582; x_wconf 85' lang='lat' dir='ltr'>diocesis,</span> <span class='ocrx_word' id='word_1_433' title='bbox 1708 1545 1859 1576; x_wconf 79' lang='lat' dir='ltr'>ecclesiis</span> <span class='ocrx_word' id='word_1_434' title='bbox 1895 1554 1930 1576; x_wconf 89' lang='lat' dir='ltr'>es</span> <span class='ocrx_word' id='word_1_435' title='bbox 1967 1544 2128 1585; x_wconf 89' lang='lat' dir='ltr'>adeptus,</span> <span class='ocrx_word' id='word_1_436' title='bbox 2168 1543 2233 1574; x_wconf 90' lang='lat' dir='ltr'>tibi</span> 
     </span>
     <span class='ocr_line' id='line_1_70' title="bbox 1232 1595 2234 1640; baseline -0.006 -8"><span class='ocrx_word' id='word_1_437' title='bbox 1232 1600 1445 1633; x_wconf 85' lang='lat' dir='ltr'>auctoritate</span> <span class='ocrx_word' id='word_1_438' title='bbox 1480 1599 1673 1640; x_wconf 83' lang='lat' dir='ltr'>apostolica</span> <span class='ocrx_word' id='word_1_439' title='bbox 1708 1598 1961 1629; x_wconf 79' lang='lat' dir='ltr'>confirmamus</span> <span class='ocrx_word' id='word_1_440' title='bbox 1994 1599 2029 1627; x_wconf 88' lang='lat' dir='ltr'>et</span> <span class='ocrx_word' id='word_1_441' title='bbox 2064 1595 2234 1637; x_wconf 86' lang='lat' dir='ltr'>presentis</span> 
     </span>
     <span class='ocr_line' id='line_1_71' title="bbox 1231 1648 2233 1695; baseline -0.007 -10"><span class='ocrx_word' id='word_1_442' title='bbox 1231 1653 1351 1695; x_wconf 87' lang='lat' dir='ltr'>scripti</span> <span class='ocrx_word' id='word_1_443' title='bbox 1383 1652 1577 1694; x_wconf 80' lang='lat' dir='ltr'>patrocinio</span> <span class='ocrx_word' id='word_1_444' title='bbox 1608 1650 1878 1686; x_wconf 87' lang='lat' dir='ltr'>communimus,</span> <span class='ocrx_word' id='word_1_445' title='bbox 1912 1659 1981 1681; x_wconf 91' lang='lat' dir='ltr'>non</span> <span class='ocrx_word' id='word_1_446' title='bbox 2012 1649 2177 1680; x_wconf 86' lang='lat' dir='ltr'>obstante</span> <span class='ocrx_word' id='word_1_447' title='bbox 2207 1648 2233 1679; x_wconf 88' lang='lat' dir='ltr'>si</span> 
     </span>
     <span class='ocr_line' id='line_1_72' title="bbox 1232 1701 2235 1750; baseline -0.007 -11"><span class='ocrx_word' id='word_1_448' title='bbox 1232 1706 1542 1750; x_wconf 85' lang='lat' dir='ltr'>prestimoniorum</span> <span class='ocrx_word' id='word_1_449' title='bbox 1588 1705 1745 1746; x_wconf 88' lang='lat' dir='ltr'>ipsorum</span> <span class='ocrx_word' id='word_1_450' title='bbox 1790 1703 1933 1744; x_wconf 85' lang='lat' dir='ltr'>aliquod</span> <span class='ocrx_word' id='word_1_451' title='bbox 1980 1704 2147 1733; x_wconf 86' lang='lat' dir='ltr'>noscatur</span> <span class='ocrx_word' id='word_1_452' title='bbox 2191 1701 2235 1733; x_wconf 91' lang='lat' dir='ltr'>ad</span> 
     </span>
     <span class='ocr_line' id='line_1_73' title="bbox 1231 1754 2235 1799; baseline -0.008 -7"><span class='ocrx_word' id='word_1_453' title='bbox 1231 1770 1389 1793; x_wconf 88' lang='lat' dir='ltr'>mensam</span> <span class='ocrx_word' id='word_1_454' title='bbox 1419 1758 1567 1799; x_wconf 87' lang='lat' dir='ltr'>alicujus</span> <span class='ocrx_word' id='word_1_455' title='bbox 1595 1757 1749 1799; x_wconf 80' lang='lat' dir='ltr'>episcopi</span> <span class='ocrx_word' id='word_1_456' title='bbox 1778 1756 1962 1798; x_wconf 82' lang='lat' dir='ltr'>pertinere.</span> <span class='ocrx_word' id='word_1_457' title='bbox 1994 1754 2088 1786; x_wconf 90' lang='lat' dir='ltr'>Nulli</span> <span class='ocrx_word' id='word_1_458' title='bbox 2118 1757 2235 1785; x_wconf 89' lang='lat' dir='ltr'>nostre</span> 
     </span>
     <span class='ocr_line' id='line_1_74' title="bbox 1231 1808 2233 1850; baseline -0.007 -5"><span class='ocrx_word' id='word_1_459' title='bbox 1231 1812 1511 1845; x_wconf 83' lang='lat' dir='ltr'>confirmationis</span> <span class='ocrx_word' id='word_1_460' title='bbox 1528 1814 1594 1842; x_wconf 85' lang='lat' dir='ltr'>etc.</span> <span class='ocrx_word' id='word_1_461' title='bbox 1616 1811 1698 1842; x_wconf 83' lang='lat' dir='ltr'>Dat.</span> <span class='ocrx_word' id='word_1_462' title='bbox 1719 1809 1888 1850; x_wconf 75' lang='lat' dir='ltr'>Anagnie,</span> <span class='ocrx_word' id='word_1_463' title='bbox 1910 1808 1983 1840; x_wconf 80' lang='lat' dir='ltr'>XII</span> <span class='ocrx_word' id='word_1_464' title='bbox 2003 1808 2071 1839; x_wconf 84' lang='lat' dir='ltr'>kal.</span> <span class='ocrx_word' id='word_1_465' title='bbox 2104 1808 2233 1849; x_wconf 84' lang='lat' dir='ltr'>aprilis,</span> 
     </span>
     <span class='ocr_line' id='line_1_75' title="bbox 1231 1865 1522 1907; baseline -0.007 -9"><span class='ocrx_word' id='word_1_466' title='bbox 1231 1876 1324 1898; x_wconf 89' lang='lat' dir='ltr'>anno</span> <span class='ocrx_word' id='word_1_467' title='bbox 1349 1865 1486 1907; x_wconf 85' lang='lat' dir='ltr'>quinto.</span> <span class='ocrx_word' id='word_1_468' title='bbox 1511 1877 1522 1892; x_wconf 88' lang='lat'>»</span> 
     </span>
    </p>
   </div>
   <div class='ocr_carea' id='block_1_15' title="bbox 1310 1964 2154 1999">
    <p class='ocr_par' dir='ltr' id='par_1_15' title="bbox 1310 1964 2154 1999">
     <span class='ocr_line' id='line_1_76' title="bbox 1310 1964 2154 1999; baseline -0.005 -5"><span class='ocrx_word' id='word_1_469' title='bbox 1310 1968 1398 1994; x_wconf 81' lang='lat'>2898</span> <span class='ocrx_word' id='word_1_470' title='bbox 1778 1965 1912 1999; x_wconf 84' lang='lat' dir='ltr'>Anagni,</span> <span class='ocrx_word' id='word_1_471' title='bbox 1935 1965 1953 1990; x_wconf 82' lang='lat'>4</span> <span class='ocrx_word' id='word_1_472' title='bbox 1974 1964 2043 1997; x_wconf 83' lang='lat' dir='ltr'>juin</span> <span class='ocrx_word' id='word_1_473' title='bbox 2067 1964 2154 1990; x_wconf 83' lang='lat'>1259.</span> 
     </span>
    </p>
   </div>
   <div class='ocr_carea' id='block_1_16' title="bbox 1229 2018 2237 2881">
    <p class='ocr_par' dir='ltr' id='par_1_16' title="bbox 1229 2018 2237 2280">
     <span class='ocr_line' id='line_1_77' title="bbox 1272 2018 2235 2053; baseline -0.006 -5"><span class='ocrx_word' id='word_1_474' title='bbox 1272 2022 1467 2049; x_wconf 81' lang='lat' dir='ltr'>Sententiam</span> <span class='ocrx_word' id='word_1_475' title='bbox 1494 2021 1525 2047; x_wconf 92' lang='lat' dir='ltr'>in</span> <span class='ocrx_word' id='word_1_476' title='bbox 1552 2028 1646 2046; x_wconf 91' lang='lat' dir='ltr'>eausa</span> <span class='ocrx_word' id='word_1_477' title='bbox 1672 2020 1753 2046; x_wconf 89' lang='lat' dir='ltr'>inter</span> <span class='ocrx_word' id='word_1_478' title='bbox 1779 2019 1958 2053; x_wconf 88' lang='lat' dir='ltr'>priorissam</span> <span class='ocrx_word' id='word_1_479' title='bbox 1985 2019 2016 2044; x_wconf 88' lang='lat' dir='ltr'>et</span> <span class='ocrx_word' id='word_1_480' title='bbox 2044 2018 2235 2043; x_wconf 87' lang='lat' dir='ltr'>conventum</span> 
     </span>
     <span class='ocr_line' id='line_1_78' title="bbox 1230 2054 2235 2094; baseline -0.007 -8"><span class='ocrx_word' id='word_1_481' title='bbox 1230 2061 1386 2094; x_wconf 87' lang='lat' dir='ltr'>prioratus</span> <span class='ocrx_word' id='word_1_482' title='bbox 1408 2059 1444 2085; x_wconf 89' lang='lat' dir='ltr'>de</span> <span class='ocrx_word' id='word_1_483' title='bbox 1466 2058 1621 2088; x_wconf 88' lang='lat' dir='ltr'>Neuforti,</span> <span class='ocrx_word' id='word_1_484' title='bbox 1644 2057 1808 2083; x_wconf 83' lang='lat' dir='ltr'>Meldensis</span> <span class='ocrx_word' id='word_1_485' title='bbox 1829 2056 1968 2087; x_wconf 89' lang='lat' dir='ltr'>diocesis,</span> <span class='ocrx_word' id='word_1_486' title='bbox 1990 2057 2020 2081; x_wconf 90' lang='lat' dir='ltr'>et.</span> <span class='ocrx_word' id='word_1_487' title='bbox 2041 2054 2235 2081; x_wconf 84' lang='lat' dir='ltr'>abbatissam</span> 
     </span>
     <span class='ocr_line' id='line_1_79' title="bbox 1229 2092 2235 2125; baseline -0.007 -1"><span class='ocrx_word' id='word_1_488' title='bbox 1229 2100 1260 2124; x_wconf 90' lang='lat' dir='ltr'>et</span> <span class='ocrx_word' id='word_1_489' title='bbox 1277 2098 1468 2124; x_wconf 85' lang='lat' dir='ltr'>conventum</span> <span class='ocrx_word' id='word_1_490' title='bbox 1486 2095 1667 2122; x_wconf 88' lang='lat' dir='ltr'>monasterii</span> <span class='ocrx_word' id='word_1_491' title='bbox 1683 2095 1719 2120; x_wconf 87' lang='lat' dir='ltr'>de</span> <span class='ocrx_word' id='word_1_492' title='bbox 1737 2094 1903 2125; x_wconf 88' lang='lat' dir='ltr'>Paraclito,</span> <span class='ocrx_word' id='word_1_493' title='bbox 1920 2092 2078 2119; x_wconf 88' lang='lat' dir='ltr'>Trecensis</span> <span class='ocrx_word' id='word_1_494' title='bbox 2095 2092 2235 2123; x_wconf 89' lang='lat' dir='ltr'>diocesis,</span> 
     </span>
     <span class='ocr_line' id='line_1_80' title="bbox 1230 2129 2236 2166; baseline -0.007 -4"><span class='ocrx_word' id='word_1_495' title='bbox 1230 2137 1383 2166; x_wconf 87' lang='lat' dir='ltr'>vertente,</span> <span class='ocrx_word' id='word_1_496' title='bbox 1412 2142 1429 2161; x_wconf 91' lang='lat' dir='ltr'>a</span> <span class='ocrx_word' id='word_1_497' title='bbox 1457 2133 1647 2160; x_wconf 88' lang='lat' dir='ltr'>Wastinensi</span> <span class='ocrx_word' id='word_1_498' title='bbox 1674 2134 1705 2159; x_wconf 83' lang='lat' dir='ltr'>et</span> <span class='ocrx_word' id='word_1_499' title='bbox 1734 2131 1919 2158; x_wconf 85' lang='lat' dir='ltr'>Pruvinensi</span> <span class='ocrx_word' id='word_1_500' title='bbox 1952 2129 2178 2156; x_wconf 88' lang='lat' dir='ltr'>archidiaconis</span> <span class='ocrx_word' id='word_1_501' title='bbox 2205 2131 2236 2155; x_wconf 89' lang='lat' dir='ltr'>et</span> 
     </span>
     <span class='ocr_line' id='line_1_81' title="bbox 1230 2167 2237 2206; baseline -0.007 -7"><span class='ocrx_word' id='word_1_502' title='bbox 1230 2173 1379 2206; x_wconf 82' lang='lat' dir='ltr'>magistro</span> <span class='ocrx_word' id='word_1_503' title='bbox 1400 2172 1553 2202; x_wconf 88' lang='lat' dir='ltr'>Drocone,</span> <span class='ocrx_word' id='word_1_504' title='bbox 1574 2170 1723 2196; x_wconf 89' lang='lat' dir='ltr'>canonico</span> <span class='ocrx_word' id='word_1_505' title='bbox 1744 2169 1880 2203; x_wconf 88' lang='lat' dir='ltr'>capellae</span> <span class='ocrx_word' id='word_1_506' title='bbox 1900 2169 1935 2194; x_wconf 86' lang='grc' dir='ltr'>Β.</span> <span class='ocrx_word' id='word_1_507' title='bbox 1957 2168 2072 2194; x_wconf 87' lang='lat' dir='ltr'>Mariae</span> <span class='ocrx_word' id='word_1_508' title='bbox 2092 2167 2123 2193; x_wconf 93' lang='lat' dir='ltr'>in</span> <span class='ocrx_word' id='word_1_509' title='bbox 2143 2167 2237 2193; x_wconf 88' lang='lat' dir='ltr'>eccle-</span> 
     </span>
     <span class='ocr_line' id='line_1_82' title="bbox 1230 2205 2236 2240; baseline -0.007 -3"><span class='ocrx_word' id='word_1_510' title='bbox 1230 2211 1275 2237; x_wconf 91' lang='lat' dir='ltr'>sia</span> <span class='ocrx_word' id='word_1_511' title='bbox 1294 2209 1473 2240; x_wconf 85' lang='lat' dir='ltr'>Senonensi,</span> <span class='ocrx_word' id='word_1_512' title='bbox 1492 2209 1590 2235; x_wconf 86' lang='lat' dir='ltr'>latam</span> <span class='ocrx_word' id='word_1_513' title='bbox 1622 2208 1799 2234; x_wconf 84' lang='lat' dir='ltr'>confirmat.</span> <span class='ocrx_word' id='word_1_514' title='bbox 1835 2207 1931 2239; x_wconf 76' lang='lat' dir='ltr'>(REG.</span> <span class='ocrx_word' id='word_1_515' title='bbox 1966 2206 2014 2237; x_wconf 86' lang='lat'>25,</span> <span class='ocrx_word' id='word_1_516' title='bbox 2047 2205 2068 2232; x_wconf 82' lang='lat' dir='ltr'>f.</span> <span class='ocrx_word' id='word_1_517' title='bbox 2101 2205 2158 2231; x_wconf 84' lang='lat'>209</span> <span class='ocrx_word' id='word_1_518' title='bbox 2191 2208 2236 2237; x_wconf 72' lang='grc' dir='ltr'>νο,</span> 
     </span>
     <span class='ocr_line' id='line_1_83' title="bbox 1231 2247 1502 2280; baseline -0.007 -5"><span class='ocrx_word' id='word_1_519' title='bbox 1231 2256 1280 2275; x_wconf 90' lang='lat' dir='ltr'>an.</span> <span class='ocrx_word' id='word_1_520' title='bbox 1307 2248 1344 2279; x_wconf 88' lang='lat' dir='ltr'>V,</span> <span class='ocrx_word' id='word_1_521' title='bbox 1369 2254 1394 2273; x_wconf 94' lang='lat' dir='ltr'>c.</span> <span class='ocrx_word' id='word_1_522' title='bbox 1421 2247 1502 2280; x_wconf 88' lang='grc'>134.)</span> 
     </span>
    </p>

    <p class='ocr_par' dir='ltr' id='par_1_17' title="bbox 1229 2305 2236 2881">
     <span class='ocr_line' id='line_1_84' title="bbox 1276 2305 2235 2352; baseline -0.002 -13"><span class='ocrx_word' id='word_1_523' title='bbox 1276 2324 1288 2339; x_wconf 82' lang='grc'><em>«</em></span> <span class='ocrx_word' id='word_1_524' title='bbox 1315 2336 1334 2342; x_wconf 91' lang='grc'>..</span> <span class='ocrx_word' id='word_1_525' title='bbox 1360 2309 1524 2352; x_wconf 82' lang='lat' dir='ltr'>priorisse</span> <span class='ocrx_word' id='word_1_526' title='bbox 1549 2311 1576 2340; x_wconf 76' lang='lat' dir='ltr'>et</span> <span class='ocrx_word' id='word_1_527' title='bbox 1602 2308 1777 2340; x_wconf 79' lang='lat' dir='ltr'>conventui</span> <span class='ocrx_word' id='word_1_528' title='bbox 1803 2307 1976 2349; x_wconf 76' lang='lat' dir='ltr'>prioratus</span> <span class='ocrx_word' id='word_1_529' title='bbox 2002 2307 2039 2337; x_wconf 85' lang='lat' dir='ltr'>de</span> <span class='ocrx_word' id='word_1_530' title='bbox 2065 2305 2235 2347; x_wconf 79' lang='lat' dir='ltr'>Neuforti,</span> 
     </span>
     <span class='ocr_line' id='line_1_85' title="bbox 1230 2359 2236 2397; baseline -0.005 -2"><span class='ocrx_word' id='word_1_531' title='bbox 1230 2363 1361 2395; x_wconf 80' lang='lat' dir='ltr'>ordinis</span> <span class='ocrx_word' id='word_1_532' title='bbox 1391 2362 1506 2394; x_wconf 74' lang='lat' dir='ltr'>Sancti</span> <span class='ocrx_word' id='word_1_533' title='bbox 1536 2361 1720 2397; x_wconf 72' lang='lat' dir='ltr'>Benedicti,</span> <span class='ocrx_word' id='word_1_534' title='bbox 1749 2360 1939 2392; x_wconf 74' lang='lat' dir='ltr'>Meldensis</span> <span class='ocrx_word' id='word_1_535' title='bbox 1967 2359 2119 2391; x_wconf 83' lang='lat' dir='ltr'>diocesis.</span> <span class='ocrx_word' id='word_1_536' title='bbox 2149 2360 2236 2391; x_wconf 85' lang='lat' dir='ltr'>Cum</span> 
     </span>
     <span class='ocr_line' id='line_1_86' title="bbox 1230 2412 2235 2458; baseline -0.005 -10"><span class='ocrx_word' id='word_1_537' title='bbox 1230 2427 1248 2449; x_wconf 87' lang='lat' dir='ltr'>a</span> <span class='ocrx_word' id='word_1_538' title='bbox 1270 2417 1370 2448; x_wconf 91' lang='lat' dir='ltr'>nobis</span> <span class='ocrx_word' id='word_1_539' title='bbox 1391 2416 1524 2458; x_wconf 86' lang='lat' dir='ltr'>petitur</span> <span class='ocrx_word' id='word_1_540' title='bbox 1543 2418 1609 2446; x_wconf 87' lang='lat' dir='ltr'>etc.</span> <span class='ocrx_word' id='word_1_541' title='bbox 1633 2425 1741 2456; x_wconf 87' lang='lat' dir='ltr'>usque</span> <span class='ocrx_word' id='word_1_542' title='bbox 1762 2415 1806 2446; x_wconf 87' lang='lat' dir='ltr'>ad</span> <span class='ocrx_word' id='word_1_543' title='bbox 1826 2414 2007 2445; x_wconf 82' lang='lat' dir='ltr'>effectum.</span> <span class='ocrx_word' id='word_1_544' title='bbox 2030 2412 2119 2444; x_wconf 85' lang='lat' dir='ltr'>Sane</span> <span class='ocrx_word' id='word_1_545' title='bbox 2139 2412 2235 2443; x_wconf 80' lang='lat' dir='ltr'>exhi-</span> 
     </span>
     <span class='ocr_line' id='line_1_87' title="bbox 1231 2465 2234 2510; baseline -0.006 -8"><span class='ocrx_word' id='word_1_546' title='bbox 1231 2471 1304 2502; x_wconf 88' lang='lat' dir='ltr'>bita</span> <span class='ocrx_word' id='word_1_547' title='bbox 1338 2469 1438 2501; x_wconf 88' lang='lat' dir='ltr'>nobis</span> <span class='ocrx_word' id='word_1_548' title='bbox 1471 2472 1588 2500; x_wconf 74' lang='lat' dir='ltr'>vestra</span> <span class='ocrx_word' id='word_1_549' title='bbox 1622 2468 1746 2510; x_wconf 87' lang='lat' dir='ltr'>petitio</span> <span class='ocrx_word' id='word_1_550' title='bbox 1779 2466 1986 2499; x_wconf 83' lang='lat' dir='ltr'>continebat</span> <span class='ocrx_word' id='word_1_551' title='bbox 2019 2466 2113 2507; x_wconf 90' lang='lat' dir='ltr'>quod</span> <span class='ocrx_word' id='word_1_552' title='bbox 2152 2465 2234 2496; x_wconf 89' lang='lat' dir='ltr'>olim</span> 
     </span>
     <span class='ocr_line' id='line_1_88' title="bbox 1231 2520 2235 2563; baseline -0.005 -9"><span class='ocrx_word' id='word_1_553' title='bbox 1231 2523 1322 2555; x_wconf 86' lang='lat' dir='ltr'>inter</span> <span class='ocrx_word' id='word_1_554' title='bbox 1348 2533 1421 2559; x_wconf 75' lang='lat' dir='ltr'>VOS,</span> <span class='ocrx_word' id='word_1_555' title='bbox 1450 2532 1493 2553; x_wconf 82' lang='lat' dir='ltr'>ex</span> <span class='ocrx_word' id='word_1_556' title='bbox 1521 2524 1620 2563; x_wconf 81' lang='lat' dir='ltr'>parte</span> <span class='ocrx_word' id='word_1_557' title='bbox 1649 2531 1728 2557; x_wconf 87' lang='lat' dir='ltr'>una,</span> <span class='ocrx_word' id='word_1_558' title='bbox 1757 2523 1816 2552; x_wconf 86' lang='lat' dir='ltr'>et..</span> <span class='ocrx_word' id='word_1_559' title='bbox 1846 2520 2065 2551; x_wconf 82' lang='lat' dir='ltr'>abbatissam</span> <span class='ocrx_word' id='word_1_560' title='bbox 2092 2522 2127 2550; x_wconf 83' lang='lat' dir='ltr'>et</span> <span class='ocrx_word' id='word_1_561' title='bbox 2155 2528 2235 2549; x_wconf 82' lang='lat' dir='ltr'>con-</span> 
     </span>
     <span class='ocr_line' id='line_1_89' title="bbox 1231 2571 2236 2610; baseline -0.007 -2"><span class='ocrx_word' id='word_1_562' title='bbox 1231 2579 1378 2608; x_wconf 70' lang='lat' dir='ltr'>ventum</span> <span class='ocrx_word' id='word_1_563' title='bbox 1414 2575 1618 2607; x_wconf 84' lang='lat' dir='ltr'>monasterii</span> <span class='ocrx_word' id='word_1_564' title='bbox 1652 2575 1693 2606; x_wconf 88' lang='lat' dir='ltr'>de</span> <span class='ocrx_word' id='word_1_565' title='bbox 1729 2573 1915 2610; x_wconf 78' lang='lat' dir='ltr'>Paraclito,</span> <span class='ocrx_word' id='word_1_566' title='bbox 1951 2572 2082 2604; x_wconf 90' lang='lat' dir='ltr'>ordinis</span> <span class='ocrx_word' id='word_1_567' title='bbox 2117 2571 2236 2603; x_wconf 74' lang='lat' dir='ltr'>Sancti</span> 
     </span>
     <span class='ocr_line' id='line_1_90' title="bbox 1229 2625 2233 2667; baseline -0.006 -7"><span class='ocrx_word' id='word_1_568' title='bbox 1229 2629 1424 2665; x_wconf 87' lang='lat' dir='ltr'>Benedicti,</span> <span class='ocrx_word' id='word_1_569' title='bbox 1450 2628 1630 2659; x_wconf 84' lang='lat' dir='ltr'>Trecensis</span> <span class='ocrx_word' id='word_1_570' title='bbox 1655 2627 1813 2663; x_wconf 85' lang='lat' dir='ltr'>diocesis,</span> <span class='ocrx_word' id='word_1_571' title='bbox 1841 2636 1945 2667; x_wconf 88' lang='lat' dir='ltr'>super</span> <span class='ocrx_word' id='word_1_572' title='bbox 1969 2636 2008 2656; x_wconf 90' lang='lat' dir='ltr'>eo</span> <span class='ocrx_word' id='word_1_573' title='bbox 2034 2625 2128 2666; x_wconf 87' lang='lat' dir='ltr'>quod</span> <span class='ocrx_word' id='word_1_574' title='bbox 2153 2634 2233 2655; x_wconf 80' lang='lat' dir='ltr'>con-</span> 
     </span>
     <span class='ocr_line' id='line_1_91' title="bbox 1230 2677 2231 2723; baseline -0.006 -10"><span class='ocrx_word' id='word_1_575' title='bbox 1230 2685 1359 2713; x_wconf 77' lang='lat' dir='ltr'>ventus</span> <span class='ocrx_word' id='word_1_576' title='bbox 1389 2682 1496 2723; x_wconf 87' lang='lat' dir='ltr'>ipsius</span> <span class='ocrx_word' id='word_1_577' title='bbox 1527 2681 1741 2716; x_wconf 83' lang='lat' dir='ltr'>monasterii,</span> <span class='ocrx_word' id='word_1_578' title='bbox 1773 2680 1827 2711; x_wconf 91' lang='lat' dir='ltr'>cui</span> <span class='ocrx_word' id='word_1_579' title='bbox 1858 2679 2061 2710; x_wconf 85' lang='lat' dir='ltr'>immediate</span> <span class='ocrx_word' id='word_1_580' title='bbox 2092 2677 2231 2709; x_wconf 80' lang='lat' dir='ltr'>subesse</span> 
     </span>
     <span class='ocr_line' id='line_1_92' title="bbox 1231 2729 2233 2775; baseline -0.007 -9"><span class='ocrx_word' id='word_1_581' title='bbox 1231 2735 1387 2766; x_wconf 86' lang='lat' dir='ltr'>dicimini</span> <span class='ocrx_word' id='word_1_582' title='bbox 1423 2738 1458 2766; x_wconf 91' lang='lat' dir='ltr'>et</span> <span class='ocrx_word' id='word_1_583' title='bbox 1495 2734 1595 2775; x_wconf 86' lang='lat' dir='ltr'>cujus</span> <span class='ocrx_word' id='word_1_584' title='bbox 1632 2734 1739 2765; x_wconf 86' lang='lat' dir='ltr'>etiam</span> <span class='ocrx_word' id='word_1_585' title='bbox 1778 2731 1945 2764; x_wconf 87' lang='lat' dir='ltr'>moniales</span> <span class='ocrx_word' id='word_1_586' title='bbox 1982 2730 2144 2765; x_wconf 82' lang='lat' dir='ltr'>existitis,</span> <span class='ocrx_word' id='word_1_587' title='bbox 2189 2729 2233 2760; x_wconf 87' lang='lat' dir='ltr'>ad</span> 
     </span>
     <span class='ocr_line' id='line_1_93' title="bbox 1231 2783 2234 2823; baseline -0.008 -3"><span class='ocrx_word' id='word_1_588' title='bbox 1231 2788 1436 2820; x_wconf 85' lang='lat' dir='ltr'>electionem</span> <span class='ocrx_word' id='word_1_589' title='bbox 1458 2787 1647 2823; x_wconf 84' lang='lat' dir='ltr'>abbatisse,</span> <span class='ocrx_word' id='word_1_590' title='bbox 1670 2796 1750 2818; x_wconf 87' lang='lat' dir='ltr'>cum</span> <span class='ocrx_word' id='word_1_591' title='bbox 1771 2786 1935 2821; x_wconf 79' lang='lat' dir='ltr'>vacabat,</span> <span class='ocrx_word' id='word_1_592' title='bbox 1960 2787 1998 2815; x_wconf 88' lang='lat' dir='ltr'>ut</span> <span class='ocrx_word' id='word_1_593' title='bbox 2021 2783 2234 2815; x_wconf 80' lang='lat' dir='ltr'>tenebantur</span> 
     </span>
     <span class='ocr_line' id='line_1_94' title="bbox 1230 2838 2232 2881; baseline -0.008 -8"><span class='ocrx_word' id='word_1_594' title='bbox 1230 2852 1294 2873; x_wconf 80' lang='lat' dir='ltr'>vos</span> <span class='ocrx_word' id='word_1_595' title='bbox 1319 2841 1507 2872; x_wconf 85' lang='lat' dir='ltr'>admittere</span> <span class='ocrx_word' id='word_1_596' title='bbox 1533 2841 1767 2881; x_wconf 75' lang='lat' dir='ltr'>denegabant,</span> <span class='ocrx_word' id='word_1_597' title='bbox 1795 2849 1838 2870; x_wconf 88' lang='lat' dir='ltr'>ex</span> <span class='ocrx_word' id='word_1_598' title='bbox 1863 2838 1983 2873; x_wconf 84' lang='lat' dir='ltr'>altera,</span> <span class='ocrx_word' id='word_1_599' title='bbox 2019 2839 2094 2867; x_wconf 84' lang='lat' dir='ltr'>orta</span> <span class='ocrx_word' id='word_1_600' title='bbox 2123 2838 2232 2866; x_wconf 86' lang='lat' dir='ltr'>mate-</span> 
     </span>
    </p>
   </div>
   <div class='ocr_carea' id='block_1_17' title="bbox 1227 2910 2240 3015">
    <p class='ocr_par' dir='ltr' id='par_1_18' title="bbox 1227 2910 2240 3015">
     <span class='ocr_line' id='line_1_95' title="bbox 1262 2910 2240 2941; baseline -0.011 -3"><span class='ocrx_word' id='word_1_601' title='bbox 1262 2918 1283 2937; x_wconf 89' lang='lat'>1.</span> <span class='ocrx_word' id='word_1_602' title='bbox 1303 2918 1374 2938; x_wconf 80' lang='lat' dir='ltr'>Celte</span> <span class='ocrx_word' id='word_1_603' title='bbox 1390 2917 1464 2938; x_wconf 82' lang='lat' dir='ltr'>lettre</span> <span class='ocrx_word' id='word_1_604' title='bbox 1480 2916 1607 2941; x_wconf 80' lang='lat' dir='ltr'>reproduit</span> <span class='ocrx_word' id='word_1_605' title='bbox 1625 2915 1684 2935; x_wconf 83' lang='lat' dir='ltr'>celle</span> <span class='ocrx_word' id='word_1_606' title='bbox 1701 2915 1742 2940; x_wconf 65' lang='lat' dir='ltr'>‘sui</span> <span class='ocrx_word' id='word_1_607' title='bbox 1760 2914 1797 2934; x_wconf 85' lang='lat' dir='ltr'>tut</span> <span class='ocrx_word' id='word_1_608' title='bbox 1815 2912 1926 2934; x_wconf 62' lang='lat' dir='ltr'>adres-sec</span> <span class='ocrx_word' id='word_1_609' title='bbox 1943 2917 1974 2931; x_wconf 81' lang='lat' dir='ltr'>au</span> <span class='ocrx_word' id='word_1_610' title='bbox 1991 2910 2070 2930; x_wconf 61' lang='lat' dir='ltr'>meme</span> <span class='ocrx_word' id='word_1_611' title='bbox 2086 2915 2240 2935; x_wconf 70' lang='lat' dir='ltr'>personnage</span> 
     </span>
     <span class='ocr_line' id='line_1_96' title="bbox 1229 2945 2237 2977; baseline -0.008 -4"><span class='ocrx_word' id='word_1_612' title='bbox 1229 2957 1275 2977; x_wconf 83' lang='lat' dir='ltr'>pai·</span> <span class='ocrx_word' id='word_1_613' title='bbox 1291 2953 1411 2973; x_wconf 76' lang='lat' dir='ltr'>Innoccnt</span> <span class='ocrx_word' id='word_1_614' title='bbox 1429 2953 1461 2972; x_wconf 91' lang='lat' dir='ltr'>IV</span> <span class='ocrx_word' id='word_1_615' title='bbox 1477 2953 1498 2972; x_wconf 80' lang='lat' dir='ltr'>le</span> <span class='ocrx_word' id='word_1_616' title='bbox 1522 2954 1549 2974; x_wconf 67' lang='lat'>1⁸</span> <span class='ocrx_word' id='word_1_617' title='bbox 1560 2955 1608 2974; x_wconf 82' lang='lat' dir='ltr'>oct.</span> <span class='ocrx_word' id='word_1_618' title='bbox 1621 2953 1689 2973; x_wconf 69' lang='lat'>1252.</span> <span class='ocrx_word' id='word_1_619' title='bbox 1707 2953 1733 2972; x_wconf 67' lang='lat'>1⁴2.</span> <span class='ocrx_word' id='word_1_620' title='bbox 1749 2952 1839 2976; x_wconf 63' lang='lat' dir='ltr'>Hei-ger</span> <span class='ocrx_word' id='word_1_621' title='bbox 1854 2948 1896 2973; x_wconf 78' lang='lat' dir='ltr'>qui</span> <span class='ocrx_word' id='word_1_622' title='bbox 1910 2947 1941 2967; x_wconf 79' lang='lat' dir='ltr'>l&#39;a</span> <span class='ocrx_word' id='word_1_623' title='bbox 1958 2946 2055 2971; x_wconf 71' lang='lat' dir='ltr'>publice</span> <span class='ocrx_word' id='word_1_624' title='bbox 2069 2947 2108 2968; x_wconf 63' lang='grc' dir='ltr'>(11Ω</span> <span class='ocrx_word' id='word_1_625' title='bbox 2122 2946 2196 2970; x_wconf 73' lang='grc'>6011)</span> <span class='ocrx_word' id='word_1_626' title='bbox 2209 2945 2237 2965; x_wconf 87' lang='lat' dir='ltr'>lit</span> 
     </span>
     <span class='ocr_line' id='line_1_97' title="bbox 1227 2987 1869 3015; baseline -0.005 -5"><span class='ocrx_word' id='word_1_627' title='bbox 1227 2989 1258 3010; x_wconf 84' lang='lat' dir='ltr'>ici</span> <span class='ocrx_word' id='word_1_628' title='bbox 1275 2997 1280 3011; x_wconf 90' lang='lat'>:</span> <span class='ocrx_word' id='word_1_629' title='bbox 1296 2989 1411 3010; x_wconf 73' lang='lat' dir='ltr'>Lucensis</span> <span class='ocrx_word' id='word_1_630' title='bbox 1426 2991 1451 3011; x_wconf 84' lang='lat' dir='ltr'>et</span> <span class='ocrx_word' id='word_1_631' title='bbox 1467 2996 1581 3015; x_wconf 81' lang='lat' dir='ltr'>propose,</span> <span class='ocrx_word' id='word_1_632' title='bbox 1597 2995 1627 3010; x_wconf 85' lang='lat' dir='ltr'>cn</span> <span class='ocrx_word' id='word_1_633' title='bbox 1643 2990 1701 3009; x_wconf 80' lang='lat' dir='ltr'>note</span> <span class='ocrx_word' id='word_1_634' title='bbox 1718 2994 1722 3008; x_wconf 94' lang='lat'>:</span> <span class='ocrx_word' id='word_1_635' title='bbox 1739 2987 1869 3008; x_wconf 70' lang='lat' dir='ltr'>Etlnensis.</span> 
     </span>
    </p>
   </div>
  </div>
 </body>
</html>
