2477 3512
954 295 1226 342 eiNQUIEME
1252 296 1418 334 ANNEE
2222 304 2241 337 5

209 408 296 434 2780

169 461 307 488 Jotianni
346 461 429 487 dicto
469 461 713 491 Handeremarc,
752 460 871 487 clerico.
910 461 1134 487 tabellionatus

129 505 269 532 officium
290 505 441 531 concedit.
464 505 560 537 (Bao.
581 505 629 536 25,
650 504 669 530 1‘.
694 504 749 531 188
770 508 813 534 νο,
834 512 883 530 an.
907 505 942 533 V.
964 513 989 531 c.
1016 505 1073 535 li.)

604 407 738 441 Anagni,
761 407 798 434 29
819 407 942 440 jamim·
967 408 1041 434 1259

175 608 187 623 «
211 595 366 626 Johanni
393 595 478 625 dicto
503 594 765 630 numeremini-r,
791 593 906 625 clerico
933 595 967 626 in
993 594 1134 626 niinori-

130 648 190 679 bns
220 647 398 679 ordinibus
435 647 621 687 constituto,
655 648 867 683 liminensi<
898 648 1049 680 ‹lion-sis.
1082 649 1133 680 Ne

126 705 375 734 contractuum
423 705 589 736 memoria
634 724 683 736 j.
725 705 806 736 Dat.
847 704 1016 744 Anagnie,
1062 703 1133 733 IllI

132 747 202 778 kal.
226 747 402 783 februarii,
427 757 518 779 anno
542 749 678 789 quinto.
705 762 714 776 ι)

207 895 289 921 2781

167 948 316 980 Johanni,
342 949 468 975 domino
493 950 699 981 castellionis,
723 952 757 976 ut
782 950 813 976 in
838 950 1037 976 matrimonio
1062 958 1133 976 cum

129 993 264 1025 Delfina,
287 993 487 1020 Nivernensis
509 994 649 1023 diocesis.
671 996 833 1021 contracto
856 1002 1013 1021 remanere
1035 995 1133 1028 possit

127 1038 298 1072 dispensat.
319 1038 415 1071 (nno.
436 1039 483 1070 25,
504 1039 523 1064 f.
546 1039 601 1064 188
620 1043 666 1069 νο,
686 1047 735 1065 an.
757 1039 792 1067 V,
812 1047 836 1065 c.
860 1040 918 1069 15.)

600 896 733 930 Anagni.
757 897 794 923 20
816 897 939 929 janvier
964 897 1047 923 1259.

172 1140 184 1155 a
216 1128 335 1160 Nobili
369 1129 438 1160 viro
471 1129 637 1163 ιῙυΙιαιιηῐ,
672 1130 807 1160 (lumino
843 1130 1068 1164 Castelliom‘s.
1103 1131 1131 1161 el

124 1181 270 1221 Dellint‘.
294 1182 390 1213 umori
412 1183 495 1223 ejus,
519 1183 743 1214 Nincrnensi's
765 1183 916 1214 ‹liam-sis.
940 1183 1128 1215 (lonsuevit

127 1234 232 1265 Sedes
267 1235 468 1276 Apostolica
509 1256 524 1257 ἡ
553 1261 559 1267 .
595 1238 684 1267 Sanc
721 1237 844 1277 petilio
880 1239 995 1267 vesu-a
1033 1237 1132 1267 nobis

126 1287 282 1319 exhibita
302 1288 503 1320 continebat
528 1290 619 1329 quod
641 1300 702 1319 vos
720 1289 813 1325 olim,
834 1289 951 1321 debita
971 1290 1132 1330 sollemp—

127 1341 238 1371 nitate
268 1344 419 1375 servata.
451 1342 483 1372 in
515 1342 600 1373 facie
633 1342 794 1377 Iicclesie,
828 1343 955 1373 nullius
986 1342 1131 1383 impedi-

126 1394 237 1425 menti
279 1394 420 1431 conscii,
467 1395 731 1426 matrimonium
775 1397 818 1427 ad
862 1396 1010 1427 invicem
1054 1406 1135 1426 con-

126 1447 295 1483 traxistis,
340 1450 373 1478 et
420 1450 605 1489 tamquam
649 1448 794 1489 legitimi
836 1449 1003 1489 conjuges
1045 1449 1134 1480 indi-

126 1500 271 1531 viduam
311 1501 383 1532 vite
409 1501 703 1532 cousuetudinem
730 1501 932 1538 retinente&
964 1502 1134 1542 genuistis

129 1553 260 1594 prolem
294 1553 327 1584 in
361 1553 563 1594 hujusmodi
598 1554 824 1585 matrimonio
857 1555 903 1586 sic
937 1558 1132 1592 contracto,

126 1604 227 1648 cujus
281 1606 497 1638 matrimonii
538 1607 653 1638 nullus
693 1610 878 1639 accusator
917 1608 1038 1639 extitit
1078 1608 1133 1640 vel

126 1659 258 1695 existit,
292 1659 371 1691 licet
405 1659 548 1701 quidam
582 1660 774 1701 aliquando
807 1664 1001 1692 asseruerat
1036 1662 1129 1703 quod

126 1714 178 1749 tu,
204 1712 254 1743 fili
279 1713 471 1749 Johannes,
498 1716 636 1754 quarta,
664 1716 701 1744 tu
727 1724 821 1750 vero,
849 1714 999 1751 Deltina,
1029 1715 1131 1746 tertia

126 1765 444 1806 consanguinitatis
466 1766 553 1797 linea
587 1776 603 1796 a
638 1766 750 1808 stipiti
776 1767 953 1798 communi
980 1767 1129 1804 distetis,

129 1819 170 1850 de
193 1828 261 1859 quo
283 1821 443 1850 constare
466 1829 533 1850 non
558 1822 685 1860 potest,
708 1820 750 1851 ad
775 1821 867 1860 quod
890 1820 997 1851 etiam
1020 1821 1133 1852 inves-

127 1872 314 1913 tigandum
341 1882 419 1902 cum
447 1882 583 1903 summa
613 1872 792 1911 diligentia
820 1873 1017 1905 laborastis.
1045 1875 1132 1905 (jum

127 1925 234 1966 igitur
258 1928 308 1962 tu,
335 1925 427 1956 dicte
453 1926 644 1961 Johannes,
671 1936 714 1957 cx
740 1926 803 1957 hoc
830 1926 956 1958 habere
985 1929 1017 1958 te
1041 1937 1134 1959 asse-

125 1978 172 2009 ris
209 1978 461 2010 conscientiam
501 1979 771 2015 remordentem,
813 1979 913 2011 nobis
953 1980 1134 2012 humiliter

126 2031 352 2073 supplicastis
383 2034 421 2062 ut
452 2031 635 2073 providere
667 2032 767 2063 vobis
798 2032 831 2064 in
864 2033 927 2064 hac
958 2036 1058 2074 parte
1091 2034 1132 2065 de

128 2084 347 2125 benignitate
392 2084 489 2116 Sedis
534 2084 736 2126 Apostolice
779 2085 996 2126 juvaremus.
1044 2087 1132 2127 Quia

128 2147 214 2169 vero
235 2137 437 2179 Apostolice
458 2138 556 2170 Sedis
575 2138 843 2180 circumspectio
864 2139 1014 2180 rigorem
1049 2150 1134 2172 non-

128 2201 310 2232 nunquam
338 2201 442 2232 super
469 2191 534 2222 hiis
562 2191 707 2232 provide
749 2194 934 2233 temperat,
964 2195 1007 2229 et,
1037 2194 1132 2235 quod

129 2247 231 2285 negat
257 2244 345 2285 juris
368 2244 538 2275 severitas
564 2244 605 2275 de
631 2245 744 2283 gratia
782 2245 924 2286 pietatis
959 2246 1128 2287 indulget,

129 2307 191 2328 nos
224 2297 393 2332 volentes,
429 2300 544 2328 vestre
579 2298 778 2329 devotionis
811 2298 1035 2339 exigentibus
1065 2310 1135 2331 me-

128 2350 215 2387 ritis,
247 2359 351 2391 super
381 2350 444 2381 hoc
477 2353 652 2392 oportuno
684 2351 836 2382 remedio
868 2352 1064 2393 providere,
1095 2356 1135 2385 ut

127 2403 161 2434 in
208 2403 330 2435 eodem
377 2403 614 2439 matrimonio,
663 2404 756 2435 dicto
802 2404 1057 2446 impedimento
1104 2407 1131 2438 si

128 2457 219 2488 forte
253 2456 370 2487 subest
409 2466 633 2498 nequaquam
669 2457 846 2495 obstante,
882 2458 987 2490 libere
1022 2469 1134 2491 rema-

131 2519 211 2541 nere
250 2509 401 2551 possitis,
442 2510 624 2541 vobiscum
665 2511 878 2543 auctoritate
918 2513 1133 2553 presentium

131 2563 386 2604 dispensamus,
411 2563 542 2605 prolem
567 2563 761 2604 predictam
785 2564 1032 2597 nichilominus
1054 2566 1136 2607 legi-

130 2616 256 2647 timam
285 2618 502 2658 reputantes.
532 2616 625 2648 Nulli
655 2620 772 2648 nostre
800 2618 1072 2659 dispensationis
1099 2623 1135 2651 et

129 2669 364 2711 reputationis
386 2672 453 2701 cte.
479 2669 561 2700 Dat.
587 2670 756 2710 Anagnie,
781 2671 873 2702 XIII
899 2671 967 2702 kal.
996 2672 1134 2703 februa-

128 2722 180 2760 rii,
203 2732 295 2754 anno
318 2722 454 2764 quinto.
480 2736 491 2749 v>

209 2873 298 2899 2782
603 2875 736 2909 Anagni,
759 2876 794 2903 31
818 2876 943 2910 janvier
966 2877 1052 2904 1259.

171 2926 443 2960 Dispensationem
462 2936 555 2962 super
573 2929 697 2956 defectu
716 2929 870 2956 natalium
888 2929 1027 2957 Johanni
1049 2930 1136 2957 Man-

130 2970 183 3002 sel,
199 2971 381 2998 cancellario
399 2972 544 2999 ecclesiae
566 2973 802 3005 Londoniensis,
823 2974 863 3000 ab
887 2974 1069 3000 Innocentio
1095 2974 1136 3000 [V

132 3021 309 3041 concessam
330 3015 506 3043 confirmat.
527 3017 624 3050 (nno.
645 3017 694 3049 25,
713 3018 733 3043 f.
756 3017 812 3043 188
831 3021 878 3049 νῦ,
898 3025 947 3044 an.
969 3018 1005 3049 V,
1025 3025 1050 3044 c.
1072 3018 1134 3052 16.)

1186 410 1189 477 ι

1185 503 1188 647 1

1286 422 1296 434 c
1332 409 1488 440 Jolmmu'
1522 409 1674 446 IllanseL
1711 409 1909 441 cancellario
1945 410 2076 441 ecclesie
2111 411 2242 442 Londo-

1186 478 1188 493 :
1237 465 1378 501 niensis,
1418 466 1533 497 clerico
1571 465 1743 497 carissimi
1782 466 1816 497 in
1858 466 1989 497 Christo
2025 466 2095 507 lilii
2134 467 2239 499 nostri

1237 522 1324 564 reyis
1358 522 1547 563 Anylorum
1582 522 1735 554 illustris.
1774 522 1810 553 Id
1844 523 1939 564 apud
1973 523 2097 554 Sedem
2131 523 2241 564 Apos-

1236 580 1377 611 tolicam
1411 582 1470 611 tua
1504 580 1647 612 devotio
1677 582 1713 611 et
1744 580 1876 610 devota
1908 579 2076 620 obsequia
2108 589 2240 610 merue—

1237 640 1313 667 runt
1348 640 1384 668 ut
1417 638 1509 669 illam
1541 638 1603 668 tibi
1633 647 1769 679 semper
1798 646 1877 667 cum
1907 636 2051 678 expedit
2081 636 2239 667 invenias

1235 693 1436 735 gratiosam.
1473 695 1616 725 Dudum
1650 694 1821 735 siquidem
1856 693 1962 724 felicis
1987 692 2238 724 recordationis

1240 752 1443 783 Innocentio
1476 761 1576 793 pape.
1611 750 1842 792 predecessori
1877 752 2006 785 nostro,
2040 749 2237 790 significare

1236 809 1366 840 curasti
1405 808 1496 850 quod
1539 811 1639 849 pater
1678 810 1760 838 tuus
1799 807 1839 838 de
1880 806 2056 837 nobilibus
2096 806 2240 837 trahens

1235 866 1414 907 originem,
1450 865 1482 896 in
1517 864 1725 895 diaconatus
1758 863 1877 894 ordine
1911 863 2139 897 constitutus,
2174 862 2241 893 sol-

1234 923 1421 964 lempniter
1446 932 1525 953 cum
1554 924 1664 952 matre
1694 923 1764 955 tua,
1793 919 1897 951 inscia
1927 919 2020 960 quod
2048 922 2137 950 esset,
2165 919 2238 950 ‹lia-

1235 990 1354 1016 conus,
1403 979 1500 1009 duxit
1552 977 1816 1009 matrimonium
1865 976 2159 1009 contrahendum,
2207 977 2241 1006 et

1235 1047 1312 1068 eam
1344 1046 1405 1078 per
1435 1036 1537 1076 longa
1569 1037 1728 1075 tempora
1763 1033 1913 1064 maritali
1946 1032 2134 1063 affectione
2166 1041 2240 1073 per-

1236 1096 1404 1129 tractans,
1444 1095 1478 1124 te
1505 1091 1655 1133 suscepit
1685 1101 1728 1121 ex
1754 1100 1804 1127 ea,
1833 1100 1871 1121 ac
1900 1089 1993 1130 quod
2022 1089 2167 1119 tandem
2195 1088 2238 1119 ad

1235 1161 1294 1183 cor
1327 1150 1473 1186 rediens,
1507 1148 1682 1180 celebrato
1717 1147 1808 1178 inter
1840 1156 1898 1177 eos
1932 1155 1992 1187 per
2024 1145 2089 1176 loci
2128 1145 2240 1176 dioce-

1236 1217 1362 1239 sanum
1403 1205 1567 1241 divortio,
1609 1204 1791 1236 dimissum
1834 1203 2044 1234 diaconatus
2084 1201 2240 1232 ordinem

1237 1263 1478 1304 reassumpsit.
1509 1262 1609 1293 Unde
1637 1261 1773 1302 prefato
1802 1258 2035 1301 predecessori
2063 1257 2243 1289 humiliter

1236 1319 1442 1363 supplicasti
1467 1321 1516 1355 ut,
1541 1328 1622 1349 cum
1645 1320 1804 1359 tempore
1827 1326 1896 1358 quo
1920 1316 2013 1347 idem
2036 1317 2137 1356 pater
2162 1316 2243 1345 tuus

1238 1382 1271 1410 te
1294 1376 1448 1418 suscepit
1470 1386 1513 1407 ex
1535 1385 1585 1411 ea,
1610 1374 1685 1415 ipsa
1708 1373 1840 1414 conjux
1861 1372 2018 1413 legitima
2041 1373 2239 1413 putaretur,

1236 1438 1271 1467 et
1329 1443 1390 1475 per
1434 1433 1498 1464 hoc
1545 1434 1581 1463 tu
1631 1430 1851 1472 reputaveris
1899 1429 1912 1448 ¹
1973 1428 2150 1469 legitimus
2199 1437 2242 1459 ex

1237 1492 1300 1524 tali
1331 1489 1557 1522 matrimonio
1588 1488 1635 1519 sic
1667 1489 1861 1528 susceptus,
1896 1488 2012 1517 tecum
2044 1485 2133 1516 hanc
2164 1492 2241 1524 gra-

1237 1549 1323 1580 tiam
1355 1548 1486 1578 laceret
1515 1545 1610 1586 quod
1642 1544 1673 1575 id
1709 1546 1768 1575 tuo
1800 1542 1967 1584 imputari
1999 1541 2138 1573 defectu
2171 1549 2239 1571 non

1238 1606 1391 1637 deberet.
1428 1604 1534 1634 Porro
1569 1602 1661 1632 idem
1696 1600 1928 1641 predecessor,
1963 1597 2139 1629 laudabile
2175 1600 2242 1627 tes-

1236 1661 1425 1694 timonium
1448 1659 1543 1701 quod
1567 1658 1631 1689 tibi
1654 1658 1695 1689 dc
1719 1657 1905 1688 honestate
1929 1664 2066 1686 morum
2088 1656 2124 1685 et
2148 1654 2239 1684 dono

1236 1718 1379 1752 scientie
1402 1716 1655 1759 perhibebatur
1678 1713 1877 1749 attendens,
1903 1722 1941 1743 ac
1965 1714 2025 1743 tue
2050 1709 2241 1752 probitatis

1236 1776 1369 1808 intuitu
1391 1777 1427 1806 et
1448 1772 1617 1805 carissimi
1638 1772 1673 1802 in
1695 1770 1833 1803 Christo
1856 1769 1918 1800 filii
1941 1768 2074 1800 nostri..
2097 1766 2242 1798 illustris

1236 1833 1325 1875 regis
1356 1830 1478 1872 Anglie
1509 1839 1570 1871 pro
1603 1831 1635 1860 te
1666 1826 1898 1869 supplicantis
1929 1825 2091 1860 obtentu,
2123 1823 2244 1855 volens

1238 1890 1303 1921 tibi
1336 1888 1487 1930 gratiam
1520 1886 1633 1917 facere
1666 1884 1864 1926 specialem,
1899 1892 1960 1924 per
1992 1891 2072 1913 suas
2106 1880 2243 1912 litteras

1238 1946 1303 1978 tibi
1333 1943 1505 1977 concessit
1536 1945 1576 1973 ut
1607 1941 1671 1972 tibi
1702 1941 1859 1972 delectus
1891 1938 2094 1979 hujusmodi
2125 1938 2242 1979 quoad

1239 2001 1435 2046 spiritualia
1465 2010 1533 2032 non
1563 1999 1700 2030 obesset
1729 1997 1918 2039 quominus
1946 1995 2096 2036 recipere
2125 2004 2244 2036 posses

1238 2069 1355 2092 sacros
1392 2057 1532 2089 ordines
1568 2059 1604 2087 et
1642 2054 1785 2086 admitti
1823 2054 1866 2085 ad
1906 2051 2102 2094 quamlibet
2139 2051 2245 2082 eccle-

1238 2116 1417 2150 siasticam
1441 2117 1476 2145 et
1499 2111 1865 2154 episcopalem-etiam
1890 2109 2112 2150 dignitatem,
2139 2110 2244 2149 prout

1238 2175 1272 2206 in
1302 2173 1461 2215 ejusdem
1492 2168 1744 2212 predecessoris
1773 2167 1899 2198 litteris
1928 2166 2140 2197 continetur.
2172 2165 2243 2195 Nos

1237 2231 1354 2273 igitur,
1380 2226 1579 2260 devotionis
1604 2228 1663 2257 tue
1689 2224 1814 2256 merita
1839 2233 1943 2265 super
1967 2223 2095 2265 quibus
2119 2222 2241 2253 lauda-

1238 2288 1320 2319 bilia
1344 2285 1537 2326 recepimus
1560 2281 1764 2314 testimonia
1789 2281 2024 2322 ponderantes
2047 2282 2082 2310 et
2105 2279 2240 2320 plenius

1239 2344 1304 2376 tibi
1343 2352 1448 2384 super
1488 2342 1552 2372 hoc
1593 2339 1776 2381 providere
1816 2338 1986 2374 volentes,
2028 2336 2242 2368 auctoritate

1239 2400 1455 2444 presentium
1492 2396 1792 2439 dispensationem
1829 2393 2034 2436 hujusmodi
2070 2392 2244 2435 approba-

1237 2468 1326 2495 muS,
1355 2457 1462 2489 etiam
1491 2455 1519 2486 si
1547 2455 1637 2485 forte
1665 2463 1749 2484 vera
1778 2462 1846 2483 non
1876 2451 2007 2483 fuerint
2034 2460 2074 2482 ea
2103 2460 2170 2492 que
2200 2451 2241 2482 de

1238 2517 1423 2548 contractu
1448 2511 1596 2555 predicti
1620 2509 1838 2542 matrimonii
1860 2511 1896 2540 et
1919 2508 2042 2540 matris
2064 2510 2124 2539 tue
2146 2508 2243 2548 igno-

1238 2572 1364 2608 rantia,
1403 2580 1537 2602 necnon
1574 2572 1607 2600 et
1644 2567 1792 2609 legitimi
1828 2565 2053 2607 reputatione
2088 2564 2241 2605 conjugii

1237 2627 1449 2671 suggessisti,
1491 2630 1529 2658 ut
1569 2625 1816 2657 nichilominus
1855 2622 2003 2665 predicti
2044 2622 2132 2663 (sic)
2173 2622 2240 2653 dis-

1238 2685 1455 2729 pensationis
1485 2683 1599 2726 gratia
1630 2683 1720 2714 circa
1754 2684 1787 2712 te
1820 2681 1962 2722 plenum
1995 2683 2069 2711 tam
2100 2680 2135 2711 in
2166 2689 2240 2710 sus-

1237 2743 1349 2784 ceptis
1369 2741 1598 2783 postmodum
1618 2750 1725 2781 quam
1746 2740 1778 2770 in
1798 2738 2029 2779 suscipiendis
2048 2737 2239 2773 ordinibus,

1239 2799 1419 2831 beneficiis
1449 2801 1484 2830 et
1515 2797 1750 2840 dignitatibus
1779 2794 1968 2837 episcopali
1997 2795 2105 2827 etiam
2135 2794 2241 2826 robur

1237 2857 1367 2888 habeat
1384 2858 1420 2886 et
1437 2855 1616 2887 effectum.
1637 2855 1730 2886 Nulli
1750 2856 1866 2885 nostre
1885 2852 2150 2894 approbationis
2168 2853 2236 2883 etc.

1239 2913 1322 2943 Dat.
1355 2912 1524 2952 Anagnie,
1563 2912 1593 2942 II
1626 2912 1694 2943 kal.
1728 2911 1903 2947 februarii,
1936 2920 2027 2941 anno
2060 2909 2195 2950 quinto.
2228 2920 2240 2937 »

1274 3022 1295 3042 l.
1314 3021 1375 3046 neg.
1393 3027 1398 3041 :
1414 3021 1566 3046 reputarent.
