2477 3512
270 260 333 292 742

274 345 431 383 omnibus,
450 344 533 375 sicut
565 344 711 373 staretur
743 340 846 371 eidem
863 340 1092 376 instrumento,
1122 338 1148 368 si
1175 338 1260 369 foret
1283 326 1285 372 Ι

1284 373 1286 399 l
1312 394 1327 407 «
1350 380 1580 411 monasterium
1595 380 1833 412 Sublacenseet
1846 383 2076 412 antecessores
2092 382 2164 411 tuos
2175 380 2300 411 irritam

268 401 446 433 exhibitum
466 399 517 430 vel
529 401 710 435 ostensum,
725 407 762 427 ac
775 396 900 437 plenam
915 396 947 426 et
959 394 1082 426 firmam
1097 393 1190 425 fidem
1203 403 1261 434 per

271 458 375 490 onmia
397 456 507 489 saciat.
529 455 658 486 etiamsi
677 453 834 493 originale
851 452 919 483 sive
940 452 1042 492 ipsum
1062 451 1258 482 instrumen-

268 517 333 545 tum
348 523 408 543 non
420 512 632 543 exhiberetur
642 520 701 541 nec
715 511 888 550 appareret
899 506 1063 538 necetiam
1071 506 1257 542 haberetur,

270 569 497 607 ratificatione,
526 567 768 608 approbatione,
792 564 1036 596 confirmatione
1065 573 1101 594 ac
1131 562 1260 604 supple—

270 627 355 658 tione
372 625 526 656 nostruin
541 624 601 655 biis
615 623 704 654 firma
719 632 847 663 semper
858 624 891 652 et
910 620 1017 652 stabili
1033 625 1256 661 permanente.

269 683 374 714 Tenor
394 683 502 713 autem
523 680 689 722 predictus
705 679 779 710 talis
800 680 851 709 est
871 688 878 708 τ

270 1012 284 1026 t(

271 1068 285 1083 (ί

269 1125 283 1139 ((

271 1181 277 1195 ί

269 1238 283 1252 t(

267 1294 281 1309 t(

267 1351 281 1365 ((

267 1407 281 1422 ((

267 1464 281 1478 «

267 1521 282 1536 «

268 1577 282 1592 ί(

268 1635 282 1648 ί(

268 1692 282 1706 t(

267 1747 282 1762 t(

267 1805 281 1819 ((

268 1861 282 1875 ί(

268 1918 282 1932 (ί

268 1974 281 1989 (1

268 2031 282 2045 ((

268 2088 282 2102 ((

271 2412 286 2427 ((

271 2470 285 2484 ((

272 2526 286 2540 ((

271 2582 285 2597 ((

273 2638 287 2653 t(

273 2695 287 2709 ί(

274 2750 288 2765 ((

276 2807 289 2819 ί(

275 2864 289 2877 (t

276 2919 290 2935 ((

740 817 874 847 Subiaco,
891 819 907 843 2
926 816 1093 851 septembre
1111 817 1185 841 1223.

1283 470 1285 509 l

1283 525 1285 564 l

1283 573 1285 610 l

1312 337 1327 351 ((

1312 450 1326 464 ((

1311 506 1326 521 (t

1312 563 1326 577 (t

1312 619 1325 634 t(

1311 676 1326 691 (ί

1311 733 1325 747 1(

1311 789 1325 804 ((

1311 846 1325 860 ί(

1282 901 1325 917 πί(

314 953 328 968 «
356 940 390 970 In
422 938 550 969 nomine
595 935 732 972 Domini,
770 944 852 965 anno
891 934 1076 965 Nativitatis
1111 932 1256 974 ejusdem
1282 930 1283 965 l

313 997 355 1028 M.
379 995 439 1028 CC.
464 994 582 1028 XLIII,
606 992 811 1034 pontificatus
838 990 955 1021 domini
978 989 1157 1020 lnnocentii
1178 999 1258 1030 pape
1282 993 1283 996 ’

309 1054 367 1084 1111
398 1062 480 1083 anno
508 1051 621 1092 prime,
653 1049 827 1079 indictione
857 1046 1012 1084 secunda,
1035 1046 1156 1076 mensis
1185 1055 1258 1086 sep-

307 1109 441 1141 tembris
462 1108 512 1138 die
544 1105 698 1137 secunda.
729 1105 787 1135 bac
808 1103 936 1144 quidem
965 1103 1017 1133 die
1036 1102 1066 1132 in
1093 1102 1258 1142 presentia

307 1167 371 1197 mei
389 1164 546 1196 Jobannis
559 1161 716 1193 scriniarii
733 1164 765 1191 et
778 1159 1188 1199 testiumsubscriptorum,
1201 1157 1258 1188 do-

307 1223 411 1254 minus
428 1221 536 1252 Laudo
549 1219 647 1250 abbas
668 1217 856 1249 monasterii
875 1215 1095 1253 Sublacensis⁷
1113 1215 1143 1244 in
1162 1224 1258 1245 rocca

311 1278 513 1315 Sublacensi,
535 1286 632 1307 sanus
659 1278 778 1308 mente,
802 1273 883 1304 adeo
905 1279 1011 1304 tamen
1033 1272 1113 1303 alias
1129 1270 1255 1308 debilis,
1282 1282 1284 1298 ν

311 1335 396 1377 quod
433 1334 471 1365 ad
506 1332 738 1364 nmnasterium
767 1333 844 1361 tunc
878 1330 925 1360 ire
956 1339 1016 1360 non
1052 1329 1193 1370 poterat,
1225 1329 1258 1357 et

309 1398 490 1424 conventus
512 1390 613 1432 ipsius
639 1387 825 1419 monasterii
855 1387 885 1417 in
906 1385 1048 1427 capitulo
1068 1385 1168 1426 ipsius
1188 1394 1257 1414 mo-

309 1449 444 1480 nasterii
467 1447 505 1478 ad
526 1444 788 1487 hocrspecialite1·
802 1443 986 1485 aggregati,
1003 1441 1088 1473 nulla
1107 1441 1137 1471 vi
1153 1440 1259 1471 coacti

311 1506 362 1538 vel
385 1505 458 1536 dolo
483 1503 618 1537 inducti,
641 1501 698 1533 sed
724 1512 779 1531 sua
805 1499 891 1531 bona
910 1502 944 1530 et
969 1498 1070 1529 libera
1090 1497 1258 1528 voluntate

311 1574 348 1594 ac
370 1571 534 1593 consensu
559 1563 815 1599 acceptaverunt
835 1562 868 1587 et
893 1555 1138 1587 ratificaverunt
1164 1553 1259 1584 resti-

313 1620 468 1651 tutionem
491 1621 523 1649 el-
545 1616 788 1647 concessionem
810 1613 910 1644 castri
931 1613 1044 1643 Genne
1066 1621 1136 1642 cum
1158 1610 1260 1641 omni-

309 1677 368 1707 bus
385 1675 527 1717 juribus,
548 1673 671 1710 usibus,
699 1670 892 1702 utilitatibus
912 1671 946 1700 et
969 1667 1176 1710 pertinentiis
1193 1667 1260 1697 suis

311 1734 430 1764 factam
448 1731 575 1763 domino
590 1729 738 1770 Philippo
756 1727 795 1758 de
816 1726 927 1757 Genna
943 1727 976 1756 et
994 1725 1064 1765 ejus
1085 1723 1260 1755 heredibus

308 1791 338 1820 in
360 1790 550 1830 perpetuum
570 1796 626 1828 per
647 1785 751 1816 dirtos
773 1784 934 1815 dominum
956 1782 1104 1813 abbatem
1128 1784 1161 1811 et
1181 1790 1259 1810 con·
1285 1807 1286 1810 ,

310 1853 454 1883 ventum,
474 1844 556 1874 sicut
575 1845 710 1884 apparet
732 1851 787 1882 per
806 1841 967 1881 scriptum
988 1848 1112 1875 eorum,
1133 1846 1260 1867 monas-

310 1903 382 1934 terii
399 1901 508 1943 sigillo
523 1900 692 1936 munitum,
709 1897 791 1938 quod
807 1908 868 1938 ego
886 1896 1052 1927 ,lohannes
1073 1893 1260 1924 scriniarius

310 1960 375 1991 vidi
407 1961 441 1990 et
466 1956 593 1998 inspexi
621 1966 678 1996 per
703 1965 737 1985 se
766 1957 799 1985 et
825 1956 921 1994 prout
941 1953 970 1982 in
997 1951 1117 1982 litteris
1141 1949 1261 1980 domini

306 2015 489 2047 innocentii
517 2014 575 2044 1111
608 2022 688 2054 pape
722 2015 794 2042 erat
824 2011 994 2041 insertum.
1018 2007 1116 2048 Cujus
1148 2006 1262 2047 scripti

311 2077 405 2105 tenor
425 2072 465 2103 de
485 2070 586 2101 verbo
605 2069 644 2100 ad
666 2068 799 2099 verbum
820 2066 895 2098 talis
913 2068 968 2096 est
988 2075 994 2096 :
1285 2057 1288 2088 i

734 2220 869 2250 Subiaco,
887 2220 916 2244 31
937 2217 1095 2243 decembre
1112 2217 1190 2241 ¹240.

308 2396 445 2429 nasterii
467 2391 688 2429 monacensis,
711 2388 808 2420 nobili
836 2389 904 2419 viro
925 2387 1073 2428 Philippo
1093 2385 1132 2416 de
1153 2385 1265 2416 Genua

315 2568 396 2598 turis
434 2566 579 2595 volumus
617 2572 690 2593 esse
718 2562 826 2591 notum
855 2565 888 2589 et
927 2557 966 2588 ad
1004 2556 1166 2587 cantelam
1199 2559 1263 2586 tam

315 2621 505 2654 monasterii
523 2619 626 2650 nostri
644 2627 738 2658 qnam
760 2616 804 2646 tui
825 2618 859 2645 et
873 2613 1029 2645 heredum
1048 2619 1173 2643 tuorum
1188 2622 1262 2652 pre—
1289 2624 1290 2630 ¹
1316 2654 1331 2669 ss

316 2679 463 2711 sentibus
494 2675 666 2712 declarari⁷
698 2672 780 2714 quod
815 2681 872 2702 nos
916 2669 1129 2701 attendentes
1167 2671 1289 2709 grata¹

317 2735 482 2775 obsequia⁷
497 2744 556 2774 que
573 2742 630 2774 per
648 2735 680 2762 te
701 2740 738 2761 ac
750 2732 823 2760 tuos
844 2731 957 2758 nostro
976 2726 1175 2756 monasterio
1191 2735 1263 2765 pro-

318 2794 478 2823 venerunt
498 2792 531 2821 et
549 2787 753 2830 provenient,
776 2785 874 2816 dante
893 2783 1037 2820 Domino,
1052 2782 1084 2812 in
1106 2782 1260 2815 futurum,

317 2849 593 2888 recognoscentes
624 2839 966 2880 uivl1i10mi1u1s,quod
998 2842 1031 2869 tu
1064 2838 1211 2878 Philippe
1230 2838 1263 2867 et
1289 2858 1290 2861 η

318 2905 568 2946 predecessores
589 2901 634 2931 tui
656 2900 728 2930 olim
744 2897 901 2929 habuistis
920 2897 950 2926 in
969 2894 1098 2926 feudum
1120 2896 1261 2924 castrum

318 2962 428 2991 Genne
447 2970 465 2990 a
488 2956 684 2989 monasterio
706 2953 884 2991 antedicto,
915 2961 976 2993 quo
997 2952 1117 2987 castro,
1144 2949 1263 2980 omisso

1288 2192 1289 2195 ’
1316 2202 1323 2217 (

1290 2315 1291 2325 ,

315 2356 329 2370 ιι
358 2339 467 2371 Lando
484 2335 691 2368 miseratione
705 2333 813 2363 divina
833 2331 931 2362 abbas
951 2333 985 2361 et
999 2333 1179 2360 conventus
1199 2338 1265 2358 mo-
1290 2356 1291 2361 ,
1318 2315 1324 2328 ‘

1310 958 1326 973 (<

1310 1014 1325 1029 ((

1310 1070 1325 1085 ((

1311 1128 1326 1141 (ί

1311 1184 1325 1198 (ί

1282 1242 1325 1255 Ιί(

1310 1298 1325 1311 ((

1310 1354 1325 1368 ((

1311 1411 1325 1426 ((

1311 1468 1326 1482 (ί

1283 1524 1327 1539 ’((

1313 1580 1327 1595 ((

1313 1637 1329 1652 ((

1314 1693 1328 1707 t(

1315 1750 1329 1764 «

1315 1807 1328 1821 (t

1314 1862 1329 1877 ((

1315 1919 1330 1934 ((

1314 1976 1328 1991 «

1315 2032 1321 2047 ί

1315 2089 1329 2104 ((

1315 2145 1322 2160 (

1323 2146 1330 2159 Α

1318 2258 1323 2273 (

1325 2258 1332 2272 Α

1326 2315 1333 2329 Α

1318 2371 1325 2386 (

1326 2372 1333 2385 Α

313 2454 452 2485 salutem
480 2453 510 2482 in
532 2449 676 2481 Domino.
708 2446 873 2478 Nobilitati
901 2448 955 2475 tue
983 2448 1097 2474 tenore
1129 2453 1264 2484 presen-
1290 2442 1291 2474 ἔ
1318 2429 1333 2444 “

314 2512 393 2542 tium
418 2513 482 2540 tam
505 2507 561 2538 tibi
587 2516 679 2546 qnam
703 2500 773 2535 aliis
794 2504 968 2544 presentes
988 2500 1116 2530 litteras
1138 2509 1264 2540 mspec-
1290 2523 1291 2526 ,

1319 2486 1325 2501 (

1317 2542 1324 2557 (

1325 2542 1333 2556 Α

1317 2598 1331 2613 ((

1317 2712 1331 2726 (ί

1288 2765 1332 2787 l«

1317 2824 1332 2839 ((

1317 2880 1332 2896 (1

977 256 1209 289 REGISTRES
1234 254 1536 287 D'ALEXANDRE
1562 256 1603 286 lv

1354 323 1460 355 debito
1485 324 1570 365 juris
1612 324 1739 362 ordine,
1773 326 1886 355 contra
1920 324 2186 364 compositionem
2215 324 2301 354 inter

1355 440 1388 467 et
1400 446 1456 477 per
1467 436 1582 467 Sedem
1592 437 1812 478 Apostolicam
1821 436 2045 468 confirmatam
2054 436 2161 467 fuistis
2168 436 2297 478 privati,

1354 493 1433 524 licet
1453 502 1605 534 processu
1627 493 1794 535 temporis,
1811 492 1850 524 ab
1868 494 1938 534 ipso
1949 493 2147 524 monasterio
2166 495 2298 533 recepta

1355 549 1491 590 quadam
1510 559 1634 580 summa
1650 550 1800 590 pecunie,
1814 553 1879 580 tam
1894 556 2030 591 tuquam
2042 549 2123 580 bone
2143 549 2298 580 memorie

1354 606 1501 636 dominus
1534 606 1722 646 Raynaldus
1754 611 1847 647 pater
1874 609 1949 637 tuus
1974 606 2101 647 spoliati
2128 605 2300 637 cesseritis

1349 663 1416 703 juri
1431 665 1554 699 vestro,
1574 663 1778 693 restituimus
1795 666 1827 694 et
1842 663 2050 694 concedimus
2070 663 2300 704 inperpetuum

1352 719 1409 750 tibi
1449 722 1481 750 et
1515 719 1693 750 heredibus
1727 720 1790 750 tuis
1818 720 1921 760 ipsum
1955 722 2099 750 castrum
2124 718 2237 750 Genne
2271 718 2302 749 in

1353 776 1593 814 feudum‚sicut
1611 776 1770 807 hactenus
1792 776 1965 814 habuistis,
1988 775 2300 816 cumomnibusper-

1353 830 2300 873 tinentiisetjuribussuiS,scilicetterriscultisetincultis,

1353 888 1454 926 silvis,
1474 889 1615 929 pascuis,
1633 889 1734 930 aquis,
1757 889 1926 929 aquimolis
1945 892 1978 920 et
1998 887 2143 919 omnibus
2157 887 2228 919 aliis
2249 887 2301 929 ju-

1352 945 1441 975 ribus
1451 945 1700 986 etpertinentiis
1716 946 1782 977 suis
1793 946 1877 976 intra
1887 948 2072 976 castrumet
2084 947 2197 981 extra;
2219 943 2302 985 quod

1353 1003 1497 1032 castrum
1521 1004 1554 1032 tu
1579 1003 1612 1032 et
1636 1001 1777 1033 heredes
1804 1002 1848 1033 tui
1880 1002 2032 1033 tenebitis
2061 1002 2092 1032 in
2122 1000 2251 1032 seudum
2281 1010 2299 1031 a

1353 1058 1552 1088 monasterio
1569 1061 1693 1095 nostro,
1711 1058 1755 1089 ita
1769 1060 1803 1088 ut
1818 1068 1879 1088 non
1892 1058 2052 1099 possimus
2068 1058 2160 1088 vobis
2171 1056 2302 1088 auferre

1354 1116 1497 1144 castrum
1527 1114 1706 1155 predictum
1736 1115 1805 1145 sine
1832 1115 1922 1155 justa
1947 1117 1980 1145 et
2003 1114 2148 1155 legitime
2169 1114 2303 1154 probata

1353 1180 1464 1208 causa,
1487 1171 1534 1201 sic
1556 1174 1662 1201 tamen
1677 1170 1759 1211 quod
1774 1170 1920 1212 predicto
1935 1174 2045 1201 castro
2065 1174 2099 1202 tu
2113 1173 2145 1202 et
2163 1169 2304 1201 heredes

1354 1228 1399 1258 tui
1422 1227 1621 1258 monasterio
1640 1230 1753 1257 nostro
1773 1226 1964 1268 prestabitis
1982 1227 2202 1269 juramentum
2226 1225 2302 1257 fide-

1353 1284 1466 1319 litatis,
1486 1288 1520 1314 et
1539 1293 1689 1324 guerram
1714 1286 1747 1314 et
1768 1293 1880 1324 pacem
1908 1284 1945 1314 ad
1977 1283 2160 1314 mandatum
2175 1282 2303 1313 abbatis

1349 1340 1487 1382 predicti
1516 1341 1705 1371 monasterii
1734 1340 1875 1378 facietis,
1899 1341 2080 1371 reservatis
2105 1339 2302 1371 monasterio

1354 1400 1465 1428 nostro
1477 1396 1641 1433 ecclesiis,
1655 1396 1922 1429 decimationibus
1942 1402 1976 1428 et
1999 1397 2182 1428 mortuariis
2198 1396 2298 1427 castri

1354 1454 1492 1495 predicti
1514 1456 1547 1485 et
1563 1453 1639 1484 data
1657 1453 1814 1494 public-21¹,
1838 1464 1931 1495 quam
1950 1453 2050 1484 abbas
2070 1463 2140 1484 cum
2155 1463 2193 1485 eo
2211 1454 2305 1486 modo

1354 1514 1388 1542 et
1412 1521 1563 1541 mensura
1582 1510 1695 1545 faciet,
1724 1511 1754 1541 in
1781 1521 1843 1550 qua
1872 1510 1964 1541 dolus
2000 1513 2034 1541 et
2058 1510 2308 1542 immoderantia

1355 1577 1430 1598 esse
1449 1577 1510 1598 non
1528 1567 1679 1598 videatur
1694 1567 1883 1607 ultraquam
1899 1567 1930 1597 in
1943 1567 2016 1597 aliis
2025 1567 2142 1598 castris
2163 1567 2304 1599 abbatie.

1355 1624 1458 1660 Quam
1479 1623 1637 1664 siquidem
1666 1623 1776 1654 datam
1802 1626 1837 1654 tu
1858 1623 2006 1664 Philippo
2034 1625 2068 1654 et
2095 1623 2233 1655 heredes
2258 1624 2307 1655 tui

1356 1680 1517 1720 colligetis
1538 1682 1571 1710 et-
1595 1679 1704 1710 abbati
1726 1680 1776 1710 vel
1797 1680 1848 1710 cui
1869 1680 1937 1720 ipse
1958 1680 2140 1721 preceperit
2160 1680 2307 1721 assigna-

1354 1735 1442 1773 bitis,
1460 1735 1500 1767 de
1517 1746 1579 1776 qua
1592 1736 1729 1766 collecta
1739 1736 1926 1767 retinebitis
1936 1736 2026 1767 vobis
2041 1739 2179 1776 quatuor
2192 1736 2305 1775 libras,

1357 1792 1510 1824 videlicet
1522 1803 1578 1833 pro
1594 1792 1731 1832 singulis
1743 1793 1835 1823 annis
1849 1792 2062 1833 quadraginta
2073 1792 2235 1831 soldos‚et
2247 1792 2308 1824 hoc

1356 1849 1447 1880 vobis
1468 1848 1675 1880 concedimus
1696 1859 1752 1890 pro
1765 1859 1804 1880 eo
1819 1851 1928 1885 etiam,
1947 1849 2029 1889 quod
2041 1849 2117 1880 olim
2138 1849 2199 1880 fuit
2217 1849 2308 1880 vobis

1357 1916 1549 1936 concessum
1578 1916 1635 1946 pro
1666 1906 1972 1946 recompensatione
2002 1905 2139 1937 collecte
2171 1908 2309 1947 quatuor

1357 1962 1523 2000 librarum,
1551 1972 1630 2002 quas
1651 1962 1788 2002 singulis
1819 1962 1910 1993 annis
1932 1962 2114 1993 habuerunt
2133 1962 2308 2004 predeces-

1353 2029 1445 2050 sores
1466 2019 1566 2049 vestri
1593 2018 1632 2049 ab
1653 2018 1834 2049 bominibus
1860 2019 1961 2049 castri
1986 2019 2117 2054 Pontie„
2139 2018 2223 2059 quod
2233 2028 2306 2050 cas-

1358 2080 1441 2106 trum
1463 2075 1538 2106 olim
1558 2074 1812 2116 predecessores
1830 2075 1933 2106 vestri
1959 2075 2151 2106 habuerunt.
2175 2074 2260 2106 Sane
2281 2075 2307 2106 si

1356 2132 1460 2172 aliquo
1473 2131 1820 2173 temps›rejamdict[11n
1828 2136 1971 2162 castrum
1987 2134 2031 2169 tu,
2051 2131 2105 2162 filii
2118 2134 2151 2162 et
2167 2130 2306 2162 heredes

1358 2189 1403 2219 tui
1424 2189 1528 2229 aliquo
1543 2199 1620 2219 casu
1635 2187 1855 2229 perdideritis,
1867 2188 2095 2219 monasterium
2108 2187 2307 2218 Sublacense

1360 2255 1417 2286 pro
1436 2245 1558 2276 viribus
1584 2254 1641 2276 vos
1661 2245 1764 2286 ipsum
1791 2248 1934 2275 castrum
1958 2254 2155 2285 recuperare
2179 2243 2308 2285 juvabit

1361 2304 1395 2332 et
1409 2304 1637 2343 recuperatum
1654 2302 1819 2332 restituet.
1834 2301 1925 2332 Hanc
1942 2304 2049 2331 autem
2064 2301 2305 2332 restitutionem

1357 2361 1389 2390 et
1414 2359 1659 2389 concessionem
1682 2358 1898 2398 promittimus
1923 2358 2009 2388 omni
2032 2360 2178 2402 tempore
2201 2360 2304 2388 ratam

1361 2418 1394 2446 et
1419 2416 1542 2446 firmam
1569 2415 1690 2445 habere
1717 2419 1751 2445 et
1771 2419 1884 2445 contra
1910 2425 1971 2445 non
1997 2415 2110 2446 venire
2134 2414 2193 2445 sub
2225 2423 2304 2454 pena

1360 2472 1473 2503 decem
1488 2471 1640 2502 librarum
1659 2472 1727 2502 auri
1738 2473 1772 2502 et
1787 2481 1869 2512 pena
1887 2471 1991 2502 soluta
2011 2474 2198 2501 contractus
2214 2472 2305 2501 ratus

1355 2531 1389 2559 et
1411 2528 1520 2559 firmus
1541 2531 1751 2569 permaneat:
1777 2527 1869 2558 salva
1892 2530 2001 2558 tamen
2028 2527 2190 2558 locatione
2219 2526 2306 2557 facta

1359 2585 1485 2616 domino
1497 2595 1577 2626 pape
1597 2585 1625 2614 in
1637 2585 1703 2615 vita
1720 2594 1789 2617 sua.
1806 2594 1898 2624 quam
1916 2583 2061 2614 volumus
2074 2583 2105 2613 in
2121 2593 2178 2614 suo
2190 2582 2305 2614 robore

1359 2651 1564 2682 permanere,
1590 2641 1634 2671 ita
1668 2640 1750 2681 quod
1784 2644 1856 2681 post
1879 2642 2013 2671 mortem
2055 2639 2173 2670 domini
2209 2648 2302 2680 pape,

1358 2698 1459 2728 liceat
1473 2697 1538 2733 tibi,
1559 2697 1718 2738 Pbilippe,
1733 2702 1766 2728 et
1777 2696 1948 2727 heredibus
1961 2696 2024 2727 tuis
2038 2696 2158 2736 absque
2172 2695 2304 2736 requisi-

1359 2755 1446 2785 tione
1472 2756 1583 2785 nostra
1603 2754 1726 2784 intrare
1754 2755 1898 2784 castrum
1928 2753 2107 2794 predictum
2129 2754 2162 2783 et
2189 2761 2303 2792 corpo-

1358 2810 1457 2841 ralem
1478 2811 1715 2852 possessionem
1739 2808 1985 2851 apprehendere
2006 2807 2125 2850 etjure
2144 2810 2303 2849 perpetuo

1360 2867 1526 2908 possidere
1542 2870 1574 2898 et
1592 2867 1739 2908 recipere
1756 2866 1939 2905 homagium
1954 2865 1992 2896 ab
2008 2864 2188 2896 hominibus
2202 2864 2303 2895 castri

1348 2961 1368 2983 1.
1386 2959 1435 2982 Ms.
1452 2966 1457 2982 ε
1473 2959 1590 2983 bublica.
