2477 3512
958 302 1188 342 TROISIEME
1212 302 1356 340 ANNEE

142 382 363 413 vducentarum
382 391 562 412 marcarum
583 380 711 421 argenti
726 380 873 420 recipere
894 380 1043 418 valeatis,
1056 388 1132 409 auc·
1157 411 1158 415 ,

1155 377 1159 397 Ι

1157 420 1158 434 l

150 438 283 469 toritate
299 438 388 468 vobis
400 437 598 479 presentium
615 436 763 467 duximus
780 436 1032 469 concedendum,
1043 435 1133 475 sipro
1157 459 1158 466 1

149 495 301 525 similium
319 495 508 535 receptione
528 493 609 524 alias
629 502 689 524 non
710 493 780 523 sitis
802 502 819 523 a
840 493 929 523 nobis
951 490 1134 533 hujusmodi

2105 302 2168 334 723

1184 378 1358 409 cardinalis
1397 378 1515 418 prefati
1553 378 1681 417 signato
1716 376 1838 417 plenius
1869 374 2065 405 continetur.
2104 371 2168 402 Nos

1183 435 1303 474 itaque,
1326 434 1388 464 tuis
1408 433 1691 474 supplicationibus
1714 431 1872 469 inclinati,
1895 429 1977 471 quod
1998 429 2036 460 ab
2052 427 2164 459 eodem

1157 482 1159 515 l
1184 490 1341 521 cardinali
1361 486 1530 530 super'hoc
1554 489 1672 519 factum
1700 492 1750 519 est
1779 490 1883 519 ratum
1912 491 1944 517 et
1960 486 2083 516 firmum
2110 484 2166 514 ha-

150 551 290 593 gratiam
305 551 487 586 consecuti2
501 550 546 580 ita
561 549 643 589 qued
658 549 683 579 si
703 548 822 589 aliquid
837 548 878 580 de
896 549 973 589 ipsis
987 547 1133 579 ducentis

149 608 290 638 marchis
311 607 499 638 dimiseritis
520 606 570 636 vel
590 605 801 636 restitueritis
822 608 877 635 aut
892 603 1131 641 dederiffisillis,

149 663 288 704 aquibus
309 674 364 693 eas
380 660 777 703 receperitis,hujusmodi
790 661 953 691 dimissum
972 660 1024 691 vel
1036 660 1134 690 resti·
1159 655 1160 682 l

150 722 256 751 tutum
279 729 335 750 seu
356 719 466 749 datum
487 717 583 748 nichil
602 717 641 748 ad
657 717 881 748 liberationem
898 727 1008 748 eorum
1035 716 1136 757 possit

151 778 375 816 nec-quantum
397 774 435 805 ad
456 774 534 805 illud
560 773 741 804 habeantur
760 773 962 813 aliquatenus
983 772 1132 803 absoluti.

152 832 340 873 Nulli[etc.l
354 834 463 861 nostre
484 831 703 861 concessionis
713 831 775 861 etc.
799 830 913 860 Datum
935 831 969 860 ut
991 839 1098 869 supra.
1120 842 1134 856 »

219 966 319 993 2342
623 965 748 997 Viterbe,
763 967 795 991 29
812 966 972 991 novembre
988 967 1063 991 1257.

188 1055 323 1089 Magistro
349 1054 505 1080 Guillelmo
524 1054 601 1079 dicto
625 1054 715 1080 Gahet
729 1053 835 1080 rectori
853 1053 993 1079 ecclesiae
1014 1054 1048 1079 de
1067 1054 1137 1079 Lon-

124 1130 128 1132 ,
149 1102 254 1137 gavilla
268 1102 425 1127 confirmat
444 1101 633 1127 collationem
649 1101 852 1131 canonicatus,
870 1109 957 1134 quem
974 1101 1002 1127 in
1014 1100 1138 1127 ecelesia

150 1149 312 1175 pictavensi
327 1149 450 1174 obtinet.
463 1149 540 1181 (Hau.
556 1150 599 1178 25,
617 1156 641 1174 a.
659 1149 705 1181 lll,
723 1156 747 1174 c.
765 1150 842 1177 72811.
858 1148 876 1174 s.
889 1150 944 1175 98.)

197 1264 209 1276 ιι
237 1248 402 1291 illayz‘slro
423 1248 706 1280 (r'nillelmodicto
739 1248 844 1280 (ἰαύει
872 1248 991 1280 rectori
1006 1248 1139 1280 ecclesie

150 1304 190 1336 de
211 1304 423 1346 Lozzqaoillcc,
441 1304 647 1336 Pictaoensis
667 1304 817 1336 diocesis.
839 1306 942 1336 Justis
963 1306 1140 1346 petentium

143 1361 315 1392 desideriis
337 1366 400 1392 etc.
427 1372 525 1401 usqne
548 1372 554 1393 ζ
578 1362 753 1402 complere.
777 1362 811 1392 In
844 1364 954 1392 nostra
981 1362 1138 1402 siquidem

144 1418 345 1449 constitutus
368 1419 534 1459 presentia
558 1418 714 1454 retulisti,
730 1418 891 1459 quodcum
913 1429 970 1449 nos
991 1419 1065 1449 olim
1087 1429 1140 1449 su-

146 1484 203 1515 per
229 1474 422 1515 receptione
448 1485 484 1504 ac
517 1475 700 1515 provisione
726 1476 781 1505 tua
809 1475 840 1504 in
866 1474 1009 1505 ecclesia
1033 1475 1141 1505 Picta-

150 1531 240 1561 vensi
258 1531 360 1572 primo
381 1541 494 1571 preces
520 1532 553 1561 et
572 1530 756 1561 mandatum
781 1533 814 1561 et
843 1531 1047 1572 postmodum
1068 1541 1140 1572 pre-

150 1588 281 1628 ceptum
308 1587 339 1617 in
367 1588 487 1617 virtute
515 1586 699 1618 obedientie
731 1587 811 1618 bone
840 1588 1019 1618 memorie..
1053 1588 1140 1628 epis-

147 1652 227 1684 copo
245 1648 278 1674 et
291 1643 420 1674 dilectis
435 1644 507 1674 tiliis
523 1643 665 1685 capitulo
684 1644 934 1675 Pictavensibus
946 1654 1003 1685 per
1015 1646 1142 1675 nostras

147 1700 276 1731 litteras
317 1700 547 1735 direxerimus,
578 1710 613 1730 ac
653 1701 740 1731 dicto
779 1701 931 1741 episcopo
970 1704 1002 1732 et
1027 1701 1141 1741 majori

147 1757 358 1799 parteipsins
375 1756 506 1797 capituli
523 1757 816 1793 consentientibus,
841 1757 1010 1798 superbiis
1036 1757 1141 1788 eidem
1166 1763 1167 1787 1

148 1814 302 1855 episcopo
318 1812 534 1854 compellendi
555 1813 709 1843 minorem
720 1816 846 1854 partem
860 1823 983 1850 eorum,
1000 1814 1059 1844 nisi
1071 1824 1142 1855 pro-

148 1872 285 1911 poneret
304 1879 437 1900 causam
450 1869 675 1900 rationabilem
687 1880 786 1909 quare
796 1870 825 1900 id
838 1869 906 1900 fieri
919 1880 980 1900 non
994 1869 1140 1908 deberet,

147 1925 334 1957 dederimus
355 1935 412 1966 per
429 1925 508 1956 alias
520 1928 649 1956 nostras
665 1926 794 1957 litteras
812 1927 1012 1963 facultatem,
1029 1927 1142 1957 eodem

149 1982 280 2013 tandem
303 1982 455 2023 episcopo
476 1981 601 2013 sublato
627 1982 667 2013 de
698 1983 815 2020 medio,
838 1983 959 2014 dilecto
979 1983 1069 2014 filio..
1093 1994 1144 2014 ar—

150 2038 343 2069 chidiacono
359 2039 538 2069 'l'uronensi
574 2038 808 2069 destinavimus
829 2040 950 2080 scripta
971 2041 1094 2073 nostra,
1111 2042 1143 2070 ut
1168 2065 1169 2075 ,

151 2105 253 2136 super
272 2094 456 2135 hujusmodi
472 2096 659 2136 receptione
678 2106 715 2126 ac
743 2096 926 2136 provisione
952 2099 1005 2127 tua
1033 2106 1145 2137 proce·
1168 2112 1170 2128 ·,
1197 2106 1210 2117 ‘¹

1169 2153 1170 2162 ¹
1198 2161 1211 2176 «
1240 2158 1311 2177 cum
1329 2146 1408 2177 etin
1430 2146 1565 2175 fratrem
1584 2154 1621 2173 ac
1642 2141 1804 2183 provideri
1827 2139 1883 2170 tibi
1906 2138 1944 2168 de
1970 2135 2131 2178 prebenda
2152 2135 2183 2164 in

150 2151 249 2182 deret
267 2151 363 2192 juxta
380 2152 514 2181 sormam
538 2151 691 2182 traditam
708 2153 859 2193 episcopo
872 2156 1062 2183 memorato.
1082 2152 1144 2183 Sed

151 2208 223 2247 quia
240 2207 323 2238 idem
346 2207 594 2238 archidiaconus
616 2219 713 2249 snper
729 2209 790 2239 hoc
811 2209 988 2250 procedere
1010 2219 1070 2240 non
1091 2204 1145 2250 po-'
1169 2226 1170 2248 ᾗ

151 2266 252 2296 terat.
277 2266 369 2304 parte
383 2264 485 2295 altera
507 2274 568 2295 non
590 2269 717 2301 vocata,
740 2265 830 2296 nobis
852 2265 982 2296 tandem
1000 2268 1055 2296 tue
1073 2276 1144 2307 pro-

154 2320 262 2351 bitatis
288 2320 421 2351 obtentu
457 2324 489 2351 et
508 2321 623 2351 intuitu
643 2321 755 2352 dilecti
781 2321 836 2352 filii
862 2323 965 2352 nostri
990 2323 1028 2352 H.

153 2442 209 2462 suo
229 2433 439 2473 apostolicam
463 2434 602 2471 gratiam
624 2434 846 2475 supplicantis,
876 2435 1062 2465 volentibus
1088 2435 1144 2465 lni-

150 2489 296 2530 jusmodi
311 2490 449 2529 gratiam
468 2490 553 2520 circa
575 2496 606 2521 te
626 2491 789 2531 inceptam
807 2490 969 2522 deducere
986 2491 1024 2521 ad
1046 2490 1143 2522 effec-

154 2547 232 2582 tum,
256 2545 340 2575 idem
366 2545 554 2582 cardinalis,
578 2549 671 2587 prout
697 2547 756 2577 sibi
787 2548 858 2578 viva
880 2557 960 2578 voce
981 2548 1142 2578 commisi-
1167 2569 1168 2573 ,

155 2611 234 2637 mim,
275 2601 330 2631 tibi
581 2603 803 2634 canonicatum

380 2602 524 2642 presenti

153 2713 215 2744 alio
237 2714 324 2754 jure,
351 2714 434 2754 qnod
455 2715 580 2745 ratione
610 2716 819 2746 canonicatus
839 2719 1079 2748 consueverunt
1109 2719 1141 2747 et

153 2769 274 2800 debent
296 2770 396 2811 ipsius
429 2770 567 2801 ecclesie
588 2772 733 2802 canonici
754 2772 912 2808 obtinere,
935 2773 1085 2809 contulit,
1109 2775 1142 2803 et

155 2828 187 2856 te
205 2825 244 2856 de
259 2826 338 2867 ipsis
359 2826 504 2857 omnibns
527 2827 705 2865 investivit,
727 2827 909 2859 decernens
929 2831 962 2860 et
985 2829 1141 2860 mandans

156 2883 187 2911 te
202 2881 232 2911 in
252 2882 352 2923 ipsius
367 2883 505 2913 ecclesie
535 2882 669 2914 fratrem
692 2886 726 2914 et
747 2885 935 2915 canonicum
978 2886 1077 2927 recipi
1105 2896 1142 2916 ac
1166 2907 1167 2911 ,

157 2936 212 2967 tibi
234 2938 363 2969 stallum
382 2939 412 2970 in
442 2941 540 2970 choro
556 2943 588 2970 et
615 2940 717 2970 locum
740 2941 770 2971 in
800 2941 940 2982 capitulo
967 2942 1140 2983 assignari,

863 2604 964 2644 ipsius
1004 2604 1168 2645 ecclesie>

156 2657 361 2687 Pictavensis
379 2668 450 2688 cum
480 2658 676 2698 plenitudine
706 2660 791 2700 juris
829 2661 975 2691 canonici
1001 2666 1035 2691 et
1058 2661 1141 2691 omni
1166 2651 1167 2667 ³
1194 2672 1206 2683 υ

1165 2846 1167 2904 l

1166 2913 1168 2972 l

1187 547 1312 585 bentes,
1323 546 1555 577 idauctoritate
1563 545 1740 586 apostolica
1748 544 1960 575 confirmanus
1968 544 2001 573 et
2009 541 2170 582 presentis

1186 605 1298 645 scripti
1320 603 1496 644 patrocinio
1512 602 1754 632 comnnmimus.
1770 602 1926 631 Tenorein
1949 602 2056 629 autem
2071 597 2170 638 ipsius

1186 661 1393 691 instrumenti
1414 660 1452 690 de
1477 659 1574 690 verbo
1597 657 1636 688 ad
1658 657 1791 688 verbum
1805 656 2010 697 presentibus
2036 654 2170 685 fecimus

1187 717 1348 751 annotari,
1372 717 1423 757 qui
1443 715 1516 747 talis
1537 716 1586 745 est
1606 723 1611 744 t

1660 810 1786 840 Vnerbe,
1806 812 1835 835 14
1851 809 2006 834 novembre
2026 809 2100 833 1257.

1232 916 1245 929 «
1276 903 1308 933 [n
1337 902 1462 932 nomine
1495 901 1629 931 Domini.
1652 900 1768 929 Amen.
1792 898 1913 928 Dudum
1949 896 2172 927 sanctissimus

1190 972 1204 987 «
1233 964 1327 1000 pater
1341 958 1488 989 dominus
1502 956 1700 993 Alexander,
1716 955 1822 986 divina
1843 953 2047 995 providentia
2066 961 2171 982 sacro>

1234 1017 1348 1046 sancte
1387 1016 1531 1045 Romane
1565 1013 1713 1044 Ecclesie
1751 1021 1893 1042 summus
1928 1010 2086 1051 pontifex,
2116 1007 2174 1038 sub

1191 1085 1205 1099 «
1234 1074 1325 1102 certa
1346 1071 1450 1102 forma
1470 1070 1551 1101 bone
1576 1069 1730 1099 memorie
1754 1068 1905 1109 epis-camo
1928 1069 1960 1096 et
1985 1063 2176 1095 venerabili-

1236 1128 1293 1159 bus
1318 1128 1394 1157 viris
1424 1127 1546 1157 decano
1577 1128 1610 1156 et
1636 1125 1776 1165 capitulo
1796 1121 2045 1154 pictavensibus
2070 1130 2125 1162 pro
2145 1122 2176 1150 te

1227 1184 1347 1215 dilecto
1364 1185 1394 1214 in
1415 1183 1543 1215 Christo
1576 1182 1732 1222 magistro
1760 1179 1932 1210 Guillelmo
1957 1178 2043 1209 dicto
2072 1176 2177 1207 Gabet

1162 1230 1164 1244 ³
1192 1255 1205 1269 «
1236 1242 1336 1282 primo
1357 1250 1472 1281 preces
1486 1241 1519 1270 et
1538 1238 1689 1269 mandata
1707 1240 1739 1268 et
1760 1236 1974 1277 postnmduin,
1998 1234 2075 1275 ipsis
2095 1232 2177 1273 quod

1193 1312 1207 1325 a
1237 1297 1450 1327 mandabatur
1469 1296 1597 1326 minime
1619 1293 1882 1334 adimplentibus,
1901 1292 1933 1322 in
1960 1291 2080 1321 virtute
2101 1289 2177 1319 obe-

1193 1367 1206 1382 «
1235 1354 1357 1384 dientie
1373 1352 1579 1394 precipiendo
1599 1351 1759 1381 direxisse
1779 1349 1896 1380 (licitur
1910 1348 2032 1388 scripta
2053 1356 2121 1381 sua,
2145 1346 2178 1375 nt

1194 1424 1207 1437 «
1236 1412 1282 1444 te.
1306 1412 1382 1440 tunc
1410 1409 1561 1439 clericum
1592 1410 1623 1438 et
1645 1408 1886 1448 procuratorem
1910 1404 2010 1445 ipsius
2036 1401 2178 1443 episcopi

1193 1481 1207 1495 α
1235 1468 1265 1497 in
1287 1466 1429 1497 ecclesia
1458 1464 1702 1501 Pictax‘ensnin
1729 1473 1790 1502 qua
1821 1464 1930 1492 certus
1951 1459 2178 1490 canonicorum

1194 1537 1208 1551 <‹
1236 1532 1387 1553 numerus
1408 1532 1470 1552 non
1491 1521 1641 1557 liabetur,
1664 1518 1889 1560 reciperentin
1903 1516 2091 1547 canonicum
2104 1516 2137 1545 et
2150 1514 2178 1543 in

1195 1593 1209 1608 α
1238 1580 1373 1610 fratrem
1406 1580 1439 1609 et
1461 1577 1519 1608 tibi
1543 1577 1581 1607 de
1608 1574 1820 1617 proventibus
1854 1572 2002 1615 ejusdem
2037 1570 2179 1602 ecclesie

1196 1650 1209 1664 (ι
1238 1637 1322 1667 sicut
1344 1636 1396 1666 uni
1417 1645 1460 1665 ex
1481 1634 1646 1664 canonicis
1665 1633 1749 1673 ejus,
1774 1632 1801 1661 si
1825 1630 1865 1661 ad
1885 1630 1945 1660 hoc
1962 1628 2109 1670 ejusdem
2129 1637 2181 1657 ec-

1195 1707 1209 1723 «
1237 1694 1336 1725 clesie
1356 1692 1530 1733 suppetant
1551 1689 1737 1727 facultates,
1755 1698 1814 1718 non
1835 1687 1984 1717 obstante
2003 1684 2086 1724 quod
2103 1683 2182 1714 alias

1196 1765 1209 1778 ι(
1239 1750 1452 1781 beneficiatus
1474 1748 1602 1783 existis,
1621 1745 1802 1777 liberaliter
1823 1743 1994 1785 providere
2015 1743 2179 1772 curarent.

1195 1822 1209 1835 «
1239 1808 1307 1845 Set,
1330 1806 1409 1837 lieet
1434 1806 1465 1835 in
1484 1803 1704 1844 receptionem
1723 1804 1810 1832 tuam
1831 1801 2000 1841 episcopus
2027 1799 2059 1828 et
2081 1797 2184 1837 major

1167 1863 1168 1877 ³
1196 1878 1209 1892 «
1239 1874 1314 1905 pars
1332 1854 1722 1904 capituli*consensisset,
1741 1859 1872 1899 propter
1892 1854 2179 1886 contradictionem

1167 1922 1169 1925 ’
1197 1935 1211 1948 «
1237 1923 1344 1951 tamen
1368 1918 1500 1949 minoris
1519 1916 1619 1958 partis
1640 1915 1758 1945 nullum
1782 1924 1822 1944 ex
1849 1913 1910 1943 biis
1938 1910 2104 1942 comodum
2131 1919 2182 1939 re-

1198 1992 1211 2005 «
1238 1976 1387 2018 portasti.
1413 1975 1534 2005 Verum
1548 1973 1631 2004 idem
1651 1971 1797 2002 dominus
1814 1971 1925 2000 noster
1944 1977 2088 1998 summus
2108 1975 2184 2006 pon-

1197 2050 1210 2063 «
1241 2034 1324 2065 lil'ex
1344 2033 1455 2064 volens
1481 2031 1534 2062 tibi
1567 2032 1658 2061 certa
1674 2029 1733 2060 hoc
1759 2028 1798 2058 de
1828 2027 1939 2057 innata
1963 2023 2183 2055 benivolentia

1242 2090 1414 2132 providere
1435 2087 1612 2129 recipiendi
1635 2098 1670 2117 ac
1689 2084 1829 2116 faciendi
1850 2083 1992 2123 recipite
2012 2082 2041 2110 in
2056 2078 2186 2110 canoni·

1197 2218 1210 2231 (ι
1239 2203 1351 2234 eadem
1373 2201 1525 2238 ecclesia⁷
1547 2200 1579 2230 in
1618 2209 1678 2240 qua
1717 2196 1952 2238 prebendarum
1984 2192 2115 2224 collatio
2145 2190 2182 2221 ad

1197 2273 1211 2287 α
1239 2260 1424 2300 episcopum
1447 2262 1480 2288 et
1499 2255 1674 2297 capitulum
1691 2253 1907 2285 communiter
1923 2250 2086 2291 pertinere
2104 2247 2182 2277 dici-

1062 2322 1143 2352 tiluli
1168 2311 1170 2349 l
1196 2332 1209 2345 α
1240 2319 1303 2353 tur,
1325 2320 1358 2346 et
1388 2322 1634 2356 percensuram
1664 2309 1922 2342 ecelesiasticam
1957 2303 2180 2346 compescendi

153 2378 272 2407 Sancte
292 2376 409 2407 Sabine
441 2377 613 2417 presbiteri
643 2378 817 2409 cardinalis
845 2389 901 2419 pro
922 2382 953 2409 te
977 2378 1144 2419 capellano
1168 2398 1169 2405 Ι

1196 2388 1209 2400 «
1239 2374 1395 2404 minorem
1411 2376 1533 2412 partem
1545 2369 1662 2411 prefati
1678 2366 1821 2408 capituli⁷
1843 2365 1902 2395 nisi
1918 2363 1955 2394 ab
1970 2374 2006 2393 ea
2019 2362 2180 2402 objectum

1196 2445 1209 2457 υ
1240 2432 1325 2460 foret
1359 2428 1477 2468 aliquid
1516 2424 1705 2457 rationabile
1736 2430 1769 2454 et
1801 2424 1981 2457 ostensum,
2016 2417 2176 2449 concessit

1195 2501 1208 2514 «
1238 2487 1339 2528 primo
1358 2486 1535 2516 memorato
1556 2483 1705 2524 episcopo
1727 2490 1783 2521 per
1804 2488 1879 2508 snas
1894 2478 2022 2507 litteras
2045 2474 2178 2505 faculta-

1197 2558 1210 2570 «
1241 2546 1304 2573 leni
1327 2544 1360 2573 et
1380 2541 1520 2575 demum,
1544 2539 1654 2570 eodeni
1682 2538 1830 2578 episcopo
1852 2534 1977 2564 sublato
1997 2532 2036 2562 (le
2062 2530 2177 2561 medio.

1195 2616 1208 2628 «
1237 2598 1464 2630 areliidiacoin)
1493 2595 1669 2627 Tui-‹monsi
1694 2591 1869 2629 mandavit,
1889 2592 1922 2620 nt
1950 2589 1977 2619 si
2003 2590 2072 2619 tuta
2091 2588 2177 2617 esset

1236 2666 1332 2697 snper
1352 2655 1536 2696 receptione
1557 2662 1593 2683 ac
1611 2650 1791 2692 provisione
1810 2652 1863 2677 tua
1886 2647 1915 2676 in
1939 2645 2052 2675 eadem
2073 2641 2178 2673 eccle-

1194 2728 1209 2741 «
1239 2714 1285 2743 sia
1301 2713 1369 2742 sine
1390 2710 1533 2752 qualibet
1561 2707 1754 2738 dil'licultute
1784 2703 1960 2745 procedere
1976 2700 2176 2742 profflirnret.

1194 2784 1207 2798 α
1232 2769 1295 2801 Sed
1316 2769 1478 2801 discretus
1496 2766 1544 2796 vir
1563 2764 1719 2803 magistm·
1738 2760 1899 2791 Ber-ardus
1919 2758 1957 2789 de
1975 2756 2106 2797 Neapoli
2129 2765 2179 2785 ur-

1194 2840 1208 2855 «
1236 2825 1444 2856 chidiaconns
1471 2820 1678 2855 'furonensis
1702 2817 1915 2848 subdiaconus
1935 2818 1969 2851 ot
1993 2812 2179 2854 capellanus

1195 2898 1207 2910 «
1238 2882 1386 2923 ejusdem
1401 2880 1519 2912 domini
1535 2888 1626 2919 pape,
1640 2876 1812 2907 attendens
1834 2870 2014 2913 hujusmodi
2029 2868 2178 2899 mandato

1195 2954 1208 2967 «
1238 2939 1297 2970 sibi
1317 2939 1442 2970 directo
1456 2934 1778 2975 causecognitionem
1792 2931 1897 2962 inesse
1907 2938 1944 2959 ac
1966 2927 2097 2968 propter
2119 2925 2178 2954 boc

158 2994 292 3033 proutin
313 2995 436 3035 publico
457 2996 673 3027 instrumento
693 2998 968 3029 confectoexinde
983 3002 1016 3029 et
1036 2998 1143 3038 sigillo
1166 2978 1169 3039 l
1195 3010 1209 3022 α
1238 2995 1350 3026 nolens
1375 2993 1563 3035 procedere,
1582 2992 1673 3032 parte
1694 2989 1808 3021 altera,
1830 2996 1891 3025 qne
1923 2986 1975 3015 tue
1997 2981 2178 3022 receptioni
