2477 3512
980 316 1258 358 QUATRIEME
1273 315 1436 349 ANNEE
2188 322 2249 353 813

169 435 181 450 ι
195 445 225 457 ..,
248 423 391 462 episcopo
413 423 439 452 εἰ
461 421 596 461 εαριίιιίο
620 421 858 453 Salamantinis.
882 422 1026 452 Dilectus
1048 422 1134 453 filius

128 476 237 506 Simon
250 492 301 505 -·.
316 475 393 505 Dat.
407 475 554 509 viterbii,
568 475 615 504 VI
639 475 712 504 idus
725 475 865 514 augusti,
880 483 964 504 anno
979 477 1106 514 quarto.
1121 487 1134 503 »

206 654 295 680 2642
669 653 807 685 Viterbe‚
828 653 846 679 3
867 652 943 679 aoiit
964 651 1052 678 1258.

168 707 317 740 Magistro
348 706 441 732 Petro
472 705 588 738 Ugerii‚
619 705 768 732 canonico
799 704 1026 735 Xanctonensi,
1056 703 1134 737 juris

125 746 227 773 civilis
251 745 427 779 professori,
453 745 595 778 indulget
621 746 656 771 ut
675 745 700 771 si
725 744 860 771 ruralem
886 743 1134 777 archipresbyte-

127 787 233 812 ratum
250 785 287 811 de
304 785 456 811 Archiaco
473 784 523 811 vel
540 784 672 811 alteram
689 785 823 810 duarum
839 783 1039 810 ecclesiarum
1056 789 1134 816 quas

127 825 159 851 in
185 824 301 851 diocesi
327 824 544 850 Xanctonensi
570 824 704 855 obtinet,
731 824 875 857 resignet,
903 823 990 849 aliud
1016 822 1134 848 beneti-

127 864 210 891 cium
239 863 494 894 ecclesiasticum,
524 863 620 889 etiam
649 863 675 889 si
704 863 841 896 dignitas
870 862 920 888 vel
949 863 1134 896 personatus

127 904 245 930 existat
267 905 298 929 et
319 903 453 929 similem
476 910 583 929 curam
606 902 782 929 animarum
804 902 931 933 habeat,
954 901 1021 928 loco
1044 901 1135 927 hene-

127 943 193 970 ficii
207 943 358 976 resignati
372 943 508 976 recipere
525 942 634 976 possit.
652 942 749 975 (ΒΕΘ.
768 941 816 973 25,
833 941 855 967 f.
874 942 931 968 149
947 944 994 973 v0,
1012 948 1062 967 an.
1082 940 1135 972 IV,

127 989 153 1009 c.
186 982 268 1015 201.)

169 1083 181 1099 «
201 1071 358 1110 Magistro
379 1071 469 1100 Petro
496 1071 613 1109 Uyerii,
638 1071 785 1100 canonico
806 1070 1032 1104 Xanclonensi,
1055 1069 1137 1107 juris

126 1124 228 1161 civilis
253 1124 430 1163 professori,
465 1123 658 1162 capellana„
685 1124 823 1162 episcopi
861 1123 1044 1153 Tusculani.
1071 1122 1137 1151 Ad—

125 1177 214 1215 jutos
233 1186 360 1206 morum
379 1179 412 1206 et
430 1193 481 1205 —.
502 1177 579 1206 Dat.
610 1177 758 1211 Viterbii,
782 1176 831 1206 III
864 1185 965 1206 nonas
984 1175 1135 1213 augustii,

126 1239 212 1259 anno
244 1231 371 1268 quarto.
404 1240 416 1256 »

168 1419 256 1445 2643
622 1419 762 1451 Viterbe,
781 1419 817 1445 19
834 1418 949 1445 fevrier
968 1418 1059 1445 1258.

169 1471 305 1498 Henrico
327 1472 411 1498 dicto
433 1472 586 1503 Maschat,
608 1471 718 1498 clerico
739 1470 973 1497 Lemovicensis
995 1470 1137 1504 diocesis,

127 1511 269 1538 officium
299 1511 525 1538 tabellionatus
555 1511 709 1538 concedit.
740 1511 838 1544 (Bm.
869 1510 918 1542 25,
949 1510 973 1536 f.
1003 1509 1060 1537 149
1090 1512 1137 1544 νῦ,
1188 1511 1192 1557 Ξ

128 1558 178 1577 an.
212 1551 264 1582 IV,
295 1558 320 1577 c.
352 1550 434 1584 202.)

169 1652 181 1667 α
195 1640 331 1670 Henrico
346 1640 425 1669 dicto
439 1639 596 1674 Maschat,
612 1639 718 1669 clerico
735 1640 767 1669 in
782 1639 959 1669 minoribus
974 1638 1137 1670 ordinibus

127 1693 298 1728 constituto,
325 1692 557 1723 Lemovicensis
577 1692 716 1722 diocesis.
744 1693 793 1722 Ne
819 1695 1047 1722 contractuum
1072 1701 1137 1722 me·

127 1746 228 1775 moria
246 1763 297 1775 —.
317 1746 394 1775 Dat.
414 1745 560 1779 Viterbii,
581 1745 631 1774 XI
650 1745 714 1774 kal.
733 1745 853 1779 martii,
873 1754 959 1774 anno
979 1747 1108 1784 quarto.
1125 1756 1138 1774 i>

208 1937 296 1963 2644
677 1937 815 1969 Viterbe,
834 1937 852 1964 3
871 1937 949 1964 aofit
967 1937 1054 1964 1258.

169 1990 353 2016 Priorissam
373 1991 405 2016 et
425 1991 618 2017 conventum
638 1990 821 2016 monasterii
841 1990 870 2016 S.
892 1990 1005 2016 Jacobi
1025 1990 1062 2016 de
1083 1990 1138 2016 Ri-

128 2030 217 2064 polis‚
246 2029 445 2056 Florentinae
471 2029 612 2061 diocesiS‚
640 2029 758 2056 ordinis
785 2029 814 2056 S.
842 2030 1022 2062 Augustini,
1049 2030 1138 2056 insti-

127 2071 200 2096 tuta
225 2069 360 2096 fratrum
385 2069 643 2095 Praedicatorum
668 2070 839 2100 servantes,
866 2069 903 2095 de
928 2076 1010 2095 novo
1036 2069 1136 2095 ordini

129 2109 387 2135 Praedicatorum
418 2109 498 2140 unit,
529 2110 653 2135 statuta
685 2108 861 2135 Innocentii
891 2115 993 2142 papae
1022 2110 1054 2135 et
1085 2108 1136 2140 H„

127 2148 215 2175 tituli
230 2148 259 2175 S.
278 2148 412 2175 Sabinae
436 2148 611 2182 presbyteri
627 2148 804 2179 cardinalis,
816 2148 870 2181 qui
880 2148 1001 2175 dictum
1014 2155 1138 2175 monas-

127 2188 242 2215 terium
271 2188 420 2221 magistro
449 2189 481 2214 et
508 2188 604 2221 priori
630 2188 816 2221 provinciali
852 2188 992 2221 ejusdem
1021 2188 1138 2214 ordinis

128 2228 160 2254 in
183 2227 296 2254 Tuscia
320 2227 551 2259 commiserant,
577 2227 777 2259 confirmans,
801 2228 834 2253 et
856 2229 999 2254 statuens
1023 2229 1058 2254 ut
1081 2228 1138 2254 eis-

129 2267 200 2293 dem
219 2267 422 2293 libertatibus
444 2268 476 2293 et
496 2267 754 2293 immunitatibus
776 2267 945 2300 gaudeant.
968 2267 1065 2300 (Rea.
1088 2267 1137 2299 25,

128 2306 149 2332 f.
168 2306 225 2333 149
243 2310 288 2338 v0,
306 2314 356 2333 an.
378 2307 429 2337 IV,
447 2314 472 2333 c.
490 2306 582 2339 203=;
601 2307 772 2333 POTTHAST
790 2306 912 2339 17357.)

171 2408 224 2430 «..,
242 2396 391 2435 priorisse
420 2398 446 2425 et
475 2397 636 2426 conventui
676 2396 857 2426 monasterii
888 2397 995 2426 Sancti
1025 2396 1137 2426 Jacobi

128 2448 164 2478 de
182 2449 318 2487 Ripolis‚
339 2449 516 2479 Florentine
535 2449 675 2483 diocesis,
696 2449 816 2479 ordinis
830 2449 937 2479 Sancti
952 2449 1139 2487 Auquslini,

130 2502 271 2531 instituta
299 2502 430 2540 fratrum
460 2502 691 2532 Predicalorum
720 2502 924 2532 servantibus.
954 2502 1138 2540 Apostolice

129 2555 218 2585 Sedis
235 2555 416 2593 benignitas
432 2572 483 2584 —.
500 2555 587 2584 Nulli
604 2558 712 2584 nostre
729 2555 866 2589 unionis,
883 2555 1139 2586 confirmationis

129 2610 162 2637 et
184 2608 395 2637 concessionis
408 2607 479 2642 jetc.
504 2608 579 2637 Dat.
603 2607 749 2642 Viterbii,
786 2608 834 2637 III
866 2617 967 2637 nonas
998 2607 1137 2646 augusti,

128 2669 213 2690 anno
245 2663 373 2699 quarto.
405 2672 417 2687 n

210 2852 297 2878 2645
672 2852 810 2884 Viterbe,
832 2852 849 2879 3
871 2852 947 2879 aosst
969 2852 1056 2879 1258.

170 2905 319 2939 Magistro
339 2907 371 2932 et
389 2905 484 2939 priori
504 2905 690 2939 provinciali
720 2905 841 2936 Tuscie,
867 2905 985 2931 ordinis
1004 2905 1137 2931 fratrum

130 2944 397 2977 Praedicatorum‚
426 2945 637 2979 suprascripta
673 2944 830 2976 notificat,
866 2944 972 2978 eisque
1007 2945 1137 2970 mandat

130 2985 165 3010 ut
181 2984 257 3011 dicti
272 2985 454 3011 monasterii
470 2985 499 3011 S.
515 2984 626 3011 Jacobi
643 2984 680 3010 de
696 2984 817 3017 Ripolis
833 2991 939 3010 curam
955 2984 1138 3017 suscipiant.

128 3022 226 3056 (Bao.
245 3023 294 3056 25,
313 3024 334 3050 f.
355 3024 422 3056 150,
442 3031 491 3051 an.
514 3024 565 3056 IV,
586 3031 610 3051 c.
631 3022 725 3055 203b;
745 3024 917 3050 Por'fflAsr
937 3023 1057 3056 17358.)

1282 435 1339 458 «..‚
1368 424 1516 462 mayislro
1545 427 1604 459 et..,
1633 424 1733 464 priori
1761 425 1948 463 provinciali
1980 425 2101 459 Tuscie,
2128 426 2249 456 ordinis

1239 475 1371 514 fratrum
1395 477 1639 507 Predicatorum.
1663 478 1848 516 Apostolice
1885 478 1974 507 Sedis
2010 480 2071 507 etc.
2096 495 2146 507 —-.
2172 479 2250 509 Dat.

1241 531 1278 558 ut
1316 538 1425 568 supra.
1464 541 1477 556 ι»

1320 692 1407 719 2646
1804 694 1942 726 Viterbe,
1964 694 1981 721 9
2003 694 2079 721 aofit
2102 694 2190 721 1258.

1283 745 1410 772 Decano
1439 747 1470 771 et
1499 745 1637 779 capitulo
1666 746 1813 772 ecclesiae
1842 746 1872 773 S.
1900 747 2050 780 Agripani
2078 747 2253 774 Aniciensis

1242 785 1375 811 mandat
1401 786 1437 810 ut
1464 785 1650 811 Durandum
1676 785 1846 817 Vincentii,
1872 786 2017 812 clericum
2043 787 2252 818 Aniciensem,

1241 824 1274 850 in
1292 824 1478 850 canonicum
1495 826 1526 850 et
1544 824 1575 850 in
1593 824 1723 851 fratrem
1740 825 1893 859 recipiant
1911 826 2000 858 eique
2019 826 2056 851 de
2073 826 2250 859 praebenda

1242 864 1442 897 provideant,
1458 864 1551 897 juxta
1561 864 1700 897 priorum
1711 865 1752 890 ad
1762 872 1813 890 eos
1825 865 2014 891 directarum
2025 866 2252 892 continentiam

1242 903 1432 929 litterarum.
1454 903 1552 936 (REG.
1573 903 1621 935 25,
1643 903 1664 929 f.
1688 904 1754 935 150,
1777 911 1826 930 an.
1851 904 1903 935 IV,
1926 912 1950 930 c.
1973 904 2054 937 204.)

1285 992 1297 1006 «
1323 1002 1352 1014 ..‚
1390 980 1503 1009 decano
1529 981 1555 1008 et
1579 979 1715 1018 capitulo
1741 980 1849 1009 Sancti
1874 980 2035 1018 Aqripani
2060 976 2254 1010 Aniciensiffl

1243 1032 1289 1062 Ut
1310 1041 1405 1070 super
1425 1032 1607 1070 receptione
1628 1049 1678 1061 —.
1701 1033 1778 1062 Dat.
1800 1033 1947 1066 Viterbii,
1969 1032 1997 1061 V
2019 1032 2091 1062 idus
2124 1033 2254 1071 augusti

1244 1093 1330 1114 anno
1362 1087 1489 1123 quarto.
1523 1095 1535 1111 »

1325 1249 1416 1276 2647
1783 1249 1921 1281 Viterbe,
1942 1249 1978 1275 19
1996 1249 2065 1282 Juin
2085 1249 2173 1276 1258.

1285 1302 1452 1336 Religiosis
1476 1302 1658 1328 rronasterii
1684 1302 1881 1333 CerasiensiS,
1906 1301 2086 1335 Eajocensis
2113 1302 2254 1334 diocesis,

1244 1343 1281 1368 ut
1301 1342 1475 1376 prioratum
1497 1342 1533 1368 de
1554 1342 1702 1368 Marsseio
1723 1341 1830 1367 usibus
1851 1348 1976 1367 mensae
1995 1342 2134 1375 ipsorum
2155 1341 2255 1376 appli-

1245 1388 1315 1408 care
1338 1382 1458 1416 possint
1483 1382 1637 1408 concedit.
1660 1381 1758 1415 (REG.
1782 1381 1830 1412 25,
1853 1380 1875 1406 f.
1899 1381 1946 1412 50,
1971 1388 2020 1406 an.
2047 1381 2098 1412 IV,
2123 1389 2149 1407 c.
2171 1380 2254 1414 285.)

1286 1469 1332 1493 «..,
1374 1457 1483 1488 abbali
1511 1459 1537 1486 et
1566 1457 1730 1487 conventui
1760 1456 1949 1486 monasterii
1979 1457 2184 1491 cerasiensis,
2209 1466 2257 1486 or-

1246 1509 1336 1540 dinis
1362 1511 1470 1541 Sancii
1500 1509 1678 1543 Benedicti,
1704 1509 1889 1547 fajocensis
1914 1509 2054 1538 diocesis.
2081 1509 2255 1548 Religionis

1245 1562 1341 1593 favor
1355 1563 1415 1593 sub
1430 1572 1494 1602 qua
1507 1563 1668 1591 virtutum
1681 1561 1822 1592 Domino
1834 1562 2012 1596 deservitis,
2028 1564 2061 1591 et
2076 1562 2257 1591 devotionis

1190 1616 1194 1635 ³
1247 1618 1356 1646 vestra
1367 1617 1481 1646 merita
1492 1625 1550 1645 nos
1559 1615 1719 1644 inducunt
1734 1617 1771 1644 ut
1781 1624 1838 1644 vos
1848 1615 1901 1644 illa
1911 1623 2145 1653 prosequamur
2153 1615 2257 1653 gratia

1246 1678 1308 1707 que
1335 1669 1428 1698 vobis
1457 1671 1490 1698 et
1517 1668 1714 1698 monasterio
1742 1670 1851 1697 vestro
1880 1667 2057 1697 dinoscitur
2085 1669 2256 1706 oportuna.

1245 1721 1328 1752 Sane
1355 1722 1471 1760 petitio
1497 1724 1606 1750 vestra
1635 1721 1727 1750 nobis
1780 1720 1926 1750 exhibita
1954 1720 2142 1750 continebat
2170 1721 2256 1759 quod

1244 1774 1477 1804 monasterium
1491 1774 1672 1803 Cerasiense
1685 1775 1780 1802 tanto
1795 1773 1953 1812 premitur
1966 1782 2059 1802 onere
2074 1773 2256 1802 debitorum

1244 1828 1342 1866 quod,
1359 1827 1401 1856 ad
1427 1826 1690 1856 exonerationem
1716 1826 1826 1864 ipsius,
1850 1825 1994 1854 redditus
2021 1828 2053 1854 et
2080 1828 2258 1864 proventus

1243 1890 1352 1910 mense
1376 1882 1482 1909 vestre
1508 1879 1580 1908 usui
1598 1880 1772 1917 deputatos
1791 1879 1847 1917 qui
1877 1878 2029 1908 dicuntur
2040 1878 2134 1908 nimis
2144 1881 2257 1908 tenues

1243 1936 1276 1963 et
1308 1933 1415 1966 exiles,
1449 1932 1629 1971 expendere
1661 1941 1719 1961 vos
1737 1933 1876 1969 oportet,
1911 1933 2042 1969 propter
2075 1932 2161 1970 quod
2193 1931 2258 1970 ple-

1243 1995 1379 2024 rumque
1406 1985 1655 2014 necessariorum
1674 1984 1829 2018 defectus,
1861 1983 1945 2013 sicut
1974 1984 2167 2022 accepimus,
2191 1993 2258 2014 sus-

1242 2039 1364 2068 tinetis.
1386 2038 1490 2074 Quare
1510 2037 1602 2067 nobis
1622 2037 1787 2066 humiliter
1806 2036 2013 2075 supplicastis
2033 2039 2070 2066 ut
2090 2037 2258 2075 providere

1243 2100 1339 2130 super
1362 2091 1422 2120 hoc
1445 2091 1484 2119 de
1507 2090 1708 2128 benignitate
1733 2089 1823 2127 Sedis
1846 2089 2031 2127 Apostolice
2063 2098 2257 2119 curaremus.

1244 2145 1310 2174 Nos
1336 2144 1434 2183 igitur
1458 2143 1574 2173 vestris
1600 2142 1725 2172 inducti
1751 2142 1910 2180 precibus,
1936 2142 2082 2171 volentes
2107 2142 2199 2171 vobis
2225 2145 2258 2172 et

1244 2197 1439 2226 monasterio
1460 2198 1569 2225 vestro
1590 2196 1622 2224 in
1646 2196 1706 2224 hac
1727 2197 1819 2233 parte
1842 2197 2002 2233 oportuno
2024 2195 2164 2224 remedio
2186 2204 2257 2233 pro—

1243 2250 1363 2283 videre,
1396 2252 1433 2277 ut
1466 2249 1645 2287 prioratum
1690 2250 1835 2276 vestrum
1869 2248 1908 2276 (Ie
1941 2247 2093 2276 Marsseio
2127 2247 2159 2276 in
2193 2257 2257 2286 quo

1244 2302 1413 2332 consuevit
1431 2310 1487 2340 per
1506 2301 1585 2330 duos
1613 2301 1788 2329 monachos
1808 2300 1981 2329 dumtaxat
2008 2300 2107 2328 vestri
2131 2309 2257 2330 monas—

1244 2355 1316 2384 terii
1352 2354 1514 2388 deserviri,
1543 2354 1653 2383 usibus
1681 2353 1767 2382 dicte
1794 2362 1901 2381 mense
1929 2352 2090 2390 applicare
2117 2352 2256 2390 possitis,

1244 2408 1311 2437 sine
1335 2408 1414 2445 juris
1442 2407 1619 2446 prejudicio
1629 2406 1734 2440 alieni,
1746 2406 1940 2435 auctoritate
1951 2405 2043 2434 vobis
2059 2405 2256 2443 presentium

1245 2460 1450 2490 concedimus
1467 2459 1668 2489 facultatem.
1686 2459 1759 2488 Non
1775 2459 1925 2487 obstante
1943 2457 2057 2496 quavis
2072 2458 2256 2496 Apostolice

1246 2513 1334 2543 Sedis
1359 2512 1560 2551 indulgentia
1584 2521 1641 2550 per
1665 2520 1763 2550 quam
1788 2510 1974 2548 hujusmodi
1998 2513 2106 2540 nostre
2131 2519 2255 2539 conces-

1245 2566 1341 2596 sionis
1364 2565 1500 2595 esfectus
1523 2564 1645 2594 differri
1669 2564 1771 2602 possit
1792 2564 1842 2592 vel
1866 2563 1965 2593 etiam
1987 2563 2144 2601 impediri.
2169 2563 2253 2592 Nulli

1245 2622 1353 2648 nostre
1376 2618 1590 2648 concessionis
1612 2620 1675 2646 etc.
1700 2617 1776 2646 Dat.
1800 2616 1947 2649 Viterbii,
1972 2616 2057 2645 XIII
2081 2616 2144 2644 kal.
2173 2615 2254 2653 julii,

1245 2681 1331 2701 anno
1366 2673 1493 2710 quarto.
1529 2682 1541 2697 »

1327 2849 1414 2875 2648
1754 2847 1892 2879 Viterbe,
1911 2846 1946 2873 31
1965 2846 2068 2879 juillet
2086 2846 2173 2873 1258.

1288 2901 1513 2929 Monasterium
1537 2900 1566 2927 S.
1590 2899 1754 2925 Eustachii
1776 2899 1813 2925 de
1836 2899 1977 2931 Clavaro,
2001 2898 2168 2925 Januensis
2190 2899 2256 2926 dio-

1247 2942 1334 2973 cesis,
1360 2942 1417 2967 sub
1443 2941 1479 2967 Α.
1507 2940 1593 2966 Sedis
1618 2939 1813 2973 protectione
1839 2939 1970 2972 suscipit
1994 2938 2162 2972 omniaque
2188 2939 2256 2971 ejus

1247 2981 1410 3015 privilegia
1427 2982 1458 3006 et
1476 2980 1558 3006 bona
1575 2978 1752 3005 confirmat.
1771 2978 1867 3011 (Rea.
1887 2977 1934 3009 25,
1953 2978 1973 3003 r.
1993 2977 2050 3004 150
2067 2981 2112 3009 v0,
2131 2985 2180 3004 an.
2198 2978 2254 3010 Vt,

1247 3029 1272 3047 c.
1305 3020 1387 3053 206.)
