2477 3512
239 306 304 336 554

242 372 407 403 fornuilam
433 369 494 399 vite
512 369 634 404 vestre,
654 376 670 395 a
688 365 793 396 felicis
814 363 1047 395 recordationis
1067 363 1226 404 Gregorio

240 440 321 470 papa
341 426 576 467 11101100055010
598 424 708 452 nostro
728 420 829 451 ordini
852 424 960 451 vestro
983 419 1135 451 traditam
1156 429 1227 450 cum

240 485 342 516 adbuc
358 483 448 513 esset
474 480 502 510 in
521 478 633 510 minori
654 476 760 508 ol'ticio
772 477 967 508 constitutus
980 476 1008 506 in
1019 476 1131 507 eodem
1142 476 1226 514 loco,

240 541 406 572 institutus
424 546 498 568 0550
520 535 710 572 dinoscitur,
739 533 907 575 perpetuis
934 532 1051 563 ibidem
1071 532 1228 574 tempori-

240 598 296 627 bus
331 592 560 625 inviolabiliter
591 591 795 622 observetur.
822 590 982 620 Preterea
1009 599 1228 629 quascumque

239 652 462 694 possessiones
486 650 550 679 etc.
576 657 674 687 usque.
692 657 696 678 3
717 645 940 687 exprimenda.
963 646 1080 676 Locum
1109 645 1226 686 ipsum,

240 710 269 739 in
290 719 350 749 quo
367 706 526 748 prefatum
543 703 773 735 monasterium
795 703 890 733 situm
912 704 975 739 051,
994 712 1064 732 cum
1081 701 1229 733 omnibus

241 763 445 806 pertinentiis
467 761 543 798 suis,
567 771 637 799 cum
658 760 770 798 101115,
793 759 893 800 pratis
923 760 986 789 etc.
1015 768 1114 799 usque
1139 768 1144 789 :
1168 758 1229 788 im-

238 819 448 851 munitatibus
470 818 548 849 suis.
576 818 687 848 Liceat
708 826 831 857 quoque
854 814 942 846 vobis
970 824 1125 856 personas
1151 814 1230 844 libc-

244 888 297 907 ras
327 881 391 907 etc.
420 885 519 914 usque
550 883 555 904 t
587 873 739 903 retinere.
766 871 982 902 Prohibemus
1020 871 1165 912 insuper,
1196 872 1231 900 ut

243 933 318 964 nulli
340 942 486 963 sororum
507 933 689 961 vestrarum
718 932 782 960 etc.
809 938 909 968 usque
937 939 942 960 :
977 928 1135 958 retinere.
1166 927 1231 956 Pro

242 987 625 1021 consecrationibusvero
637 986 785 1017 altarium
801 985 853 1016 vel
873 984 1013 1016 ecclesie
1030 988 1140 1014 vestre
1158 983 1232 1013 sive

241 1057 298 1088 pro
325 1046 395 1076 oleo
433 1046 548 1075 sancto
577 1045 641 1074 ete.
826 1051 832 1072 :
866 1040 1043 1081 impendat.
1082 1039 1231 1078 Alioquin

237 1103 335 1133 liccat
356 1101 445 1131 vobis
467 1101 539 1132 hec.
558 1102 669 1130 nostra
691 1098 885 1129 auctoritate
904 1097 1052 1137 recipere
1086 1100 1150 1126 cte.
1174 1095 1233 1125 ob-

686 1052 785 1082 usque

239 1160 375 1190 tinente.
396 1157 485 1193 Quod
523 1157 547 1187 si
581 1157 674 1187 sedes
701 1154 863 1185 diocesani
885 1153 1025 1194 episcopi
1048 1153 1132 1183 sorte
1165 1154 1230 1183 etc.

236 1225 337 1256 usquc
372 1224 377 1246 :
412 1216 600 1255 generetur.
633 1213 712 1248 Quia
746 1221 824 1242 vero
863 1209 1024 1241 interdum
1063 1207 1234 1239 diocesani

236 1272 378 1314 episcopi
410 1273 474 1302 etc.
495 1270 645 1301 valeatis.
670 1268 746 1300 Cum
780 1270 886 1298 autem
902 1266 1060 1307 generale
1077 1264 1234 1296 interdic-

236 1331 302 1360 tum
322 1330 408 1359 terrc
426 1327 523 1358 fuerit
552 1328 616 1357 etc.
641 1335 760 1365 usque:
779 1324 964 1355 interdicto.
985 1322 1132 1354 Obcunte
1153 1332 1231 1352 vero

235 1387 280 1420 te,
305 1394 386 1415 nunc
417 1383 563 1425 ejusdcm
585 1382 644 1413 loci
664 1381 829 1412 abbatissa
850 1382 916 1411 etc.
947 1389 1046 1420 usque
1067 1388 1073 1409 :
1103 1378 1189 1418 elige
1200 1388 1232 1408 n-

235 1442 318 1472 dam,
343 1442 445 1472 Porro
466 1441 492 1470 si
512 1439 654 1481 episcopi
681 1439 731 1469 vel
753 1438 806 1468 alii
827 1437 1044 1468 ecclesiarum
1063 1439 1191 1466 rectore
1203 1445 1230 1472 5,

234 1498 265 1528 111
284 1497 515 1528 monasterium
534 1499 678 1527 vestrum
696 1495 748 1526 vel
766 1504 923 1535 personas
938 1492 1107 1533 regulares
1127 1491 1230 1522 inhibi

234 1554 367 1585 Domino
391 1553 599 1590 famulantes⁷
620 1551 853 1593 suspensionis,
879 1547 1231 1581 excommunicationis

234 1610 286 1641 vel
314 1609 477 1641 interdicti
499 1609 692 1639 sententiam
712 1606 1002 1649 promulgaverint,
1023 1605 1126 1646 ipsam
1152 1607 1230 1634 tan-

236 1677 329 1707 quam
346 1668 458 1697 contra
468 1665 758 1707 SedisApostolicc
775 1663 895 1694 indulta
914 1662 1091 1704 prolatam.
1110 1661 1234 1692 decer-

233 1724 338 1754 nimus
379 1732 439 1753 non
482 1724 609 1753 tenere.
655 1721 733 1752 Paci
772 1730 896 1761 quoque
936 1722 969 1749 et
995 1717 1230 1759 tranquillitati

232 1781 344 1810 vestre
365 1782 428 1810 etc.
454 1789 556 1820 usque
580 1788 776 1809 :exet-cere.
798 1778 956 1808 Preterea
995 1785 1106 1806 omnes
1132 1774 1235 1805 liber-

233 1838 320 1868 tates
334 1839 366 1867 et
387 1836 621 1873 immunitates,
643 1844 723 1875 quas
744 1833 943 1865 monasterio
961 1834 1075 1863 vestro
1091 1840 1235 1861 venera-

234 1892 305 1923 bilis
325 1893 430 1924 frater
455 1894 593 1923 noster..
618 1891 804 1931 Eugubinus
823 1890 1014 1931 episcopus,
1040 1888 1079 1919 de
1098 1887 1233 1928 capituli

235 1950 282 1980 sui
304 1960 452 1987 assensu,
466 1948 841 1986 indulsissedinoscitur,
861 1947 944 1977 sicut
958 1946 988 1976 iu
1010 1945 1082 1986 ejus
1103 1944 1235 1975 litteris

237 2006 361 2048 plenius
391 2006 588 2043 continetur,
622 2004 820 2035 auctoritate
845 2002 1022 2044 apostolica
1054 2000 1233 2032 confirma-

238 2072 310 2093 mus
331 2064 363 2093 et
386 2062 549 2104 presentis
570 2061 681 2102 scripti
702 2060 880 2102 patrocinio
900 2058 1150 2090 communimus.
1170 2058 1231 2087 Te-

237 2129 349 2150 norem
377 2121 485 2150 antem
506 2119 691 2149 litterarum
718 2118 859 2158 ipsarum
887 2116 1033 2158 presenti
1054 2114 1230 2156 privilegio

239 2176 337 2206 inseri
360 2176 508 2211 1001111115,
531 2176 581 2215 qui
603 2174 680 2205 talis
701 2176 753 2205 est
777 2184 782 2205 ;

703 2277 825 2307 6111111111,
846 2278 875 2302 16
891 2275 1057 2310 septembre
1078 2275 1155 2300 1250.

282 2377 295 2391 «
328 2364 361 2394 [11
376 2364 433 2395 Dei
455 2365 594 2394 nomine.
619 2364 735 2394 Amen.
759 2363 850 2393 Anno
872 2361 996 2393 Domini
1023 2359 1225 2391 MEOLVL

241 2434 252 2445 ι·
283 2423 429 2462 1011111010
455 2420 573 2452 1101111111
611 2420 788 2451 Alexandri
827 2429 908 2460 pape
943 2419 1019 2456 IIII,
1054 2417 1229 2448 indictione

239 2490 251 2503 τε
281 2477 535 2517 quartadecima,
569 2478 601 2508 et
638 2477 689 2507 die
727 2475 853 2507 sabbati
883 2474 1109 2506 sextodecimo
1154 2483 1229 2514 sep-

238 2548 251 2558 υ
280 2533 426 2572 tombris⁷
444 2534 505 2564 hoc
516 2534 643 2574 quidem
660 2537 803 2573 tempore
816 2531 1023 2562 nosJacobus
1047 2540 1228 2570 quanquam

239 2604 251 2615 u
280 2590 470 2627 immeritus,
497 2589 603 2621 divina
624 2593 730 2620 tamen
754 2589 912 2630 patientia
932 2586 1120 2627 Eugubinus
1143 2586 1229 2627 epis-

241 2659 253 2671 1-
284 2656 394 2686 copus,
415 2645 454 2676 ad
472 2646 673 2686 petitionem,
692 2656 748 2676 seu
766 2644 1015 2686 postulationem
1027 2642 1229 2673 511111100111111

242 2716 253 2727 «ι
284 2704 316 2732 01
341 2707 585 2742 111001111111111111
605 2702 771 2733 abbatisse
787 2704 820 2733 et
836 2700 1021 2732 monialium
1036 2698 1229 2729 monasterii

240 2773 253 2783 ‹-
282 2768 342 2788 seu
362 2757 502 2789 ecclesie
522 2758 633 2789 Sancti
653 2758 766 2789 Donati
783 2757 823 2789 de
844 2758 950 2788 Fauce
962 2755 1122 2795 Egubine,
1143 2754 1230 2785 vide-

240 2828 251 2840 «
281 2813 358 2844 licet
382 2814 567 2855 Nepolionis
584 2814 730 2846 Ondedei
759 2816 791 2845 ct
820 2812 978 2844 Bernardi
1005 2811 1140 2849 notarii,
1174 2810 1230 2842 filii

241 2884 253 2895 ι·
283 2870 356 2900 011111
377 2870 510 2908 Juntuli,
534 2871 646 2901 damus
677 2874 710 2901 ct
735 2870 940 2901 concedimus
969 2868 1125 2909 predictis
1158 2877 1230 2908 pro-

239 2940 252 2952 «ι
281 2926 482 2957 curatoribus
502 2926 728 2968 recipientibus
750 2937 806 2968 pro
826 2926 981 2968 predictis
1003 2923 1166 2955 abbatissa
1196 2924 1231 2954 et
1255 2919 1257 2948 Ῑ

240 2996 253 3009 1(
283 2982 471 3013 monialibus
489 2986 522 3014 et
542 2993 598 3024 pro
621 2993 730 3014 eorum
757 2981 1002 3013 successoribus
1037 2990 1093 3011 seu
1118 2989 1231 3010 succe·
1254 2952 1257 3020 1

936 294 1169 325 REffls‘l'nEs
1197 293 1410 326 D'ALEXAN
1419 292 1503 323 Dar:
1530 292 1572 322 lv

1281 377 1295 390 «ι
1323 362 1550 400 diu·icibus,11t
1567 361 1697 392 liberius
1713 366 1740 391 et
1755 362 1901 392 securius
1916 362 2044 394 domine
2056 363 2086 394 in
2099 364 2184 397 dicto
2196 366 2268 397 loco

1282 434 1294 449 1«
1324 424 1487 451 morantes
1508 419 1631 459 possint
1658 418 1790 449 Domino
1810 418 1972 455 famulari,
1995 422 2029 450 et
2043 432 2100 462 pro
2121 423 2267 466 redemp-

1282 491 1295 505 «
1324 477 1410 507 tione
1432 478 1639 517 peccatorum
1662 476 1857 513 nostrorum,
1877 477 2117 518 exemptionem
2139 479 2267 521 plenam

1282 547 1295 559 «ι
1324 533 1362 564 de
1393 541 1532 563 assensu
1547 531 1678 572 capituli
1713 531 1816 562 nostri
1852 531 1882 562 in
1913 535 2104 574 perpetuum
2142 538 2266 569 ancillis

1282 604 1295 617 κ
1325 588 1444 621 Christi
1468 588 1635 619 conversis
1656 596 1687 619 01
1703 588 1948 627 convertendis,
1971 600 2032 630 que
2045 591 2089 622 ibi
2108 592 2138 623 in
2159 593 2269 625 habitu

1283 660 1295 674 11
1325 646 1478 686 religioso
1498 644 1618 676 debent
1640 645 1691 676 vel
1719 644 1882 676 debebunt
1911 647 1941 677 in
1972 647 2114 679 futurum
2135 649 2269 682 Domino

1282 717 1295 730 «ι
1326 702 1474 733 faumlari
1499 702 1528 732 iu
1555 702 1753 733 monasterio
1791 703 1950 743 predicto.
1983 705 2209 737 renuntiantes
2236 710 2270 738 et

1283 773 1295 786 «
1325 760 1532 790 remittentes
1552 758 1642 789 vobis
1662 759 1890 800 recipientiinis
1914 770 1970 801 pro
1989 761 2145 802 predictis
2171 762 2271 794 abba-

1283 830 1296 843 «
1326 817 1406 846 tissa
1431 820 1463 846 et
1489 815 1679 846 monialibus
1712 821 1741 846 et
1769 817 2013 848 successoribus
2039 828 2133 849 0111110
2155 819 2211 860 jus
2236 822 2270 851 et

1284 886 1297 900 «ι
1325 882 1437 903 omues
1458 872 1605 903 actiones
1622 872 1711 902 nobis
1733 878 1763 903 et
1792 873 2021 916 episcopatuii}
2044 875 2210 916 Eugubino
2239 876 2270 907 in

1285 945 1297 958 «
1327 930 1473 972 predicto
1490 931 1688 961 monasterio
1707 934 1739 961 et
1759 930 1902 961 ecclesia
1927 931 2015 962 dicta
2044 936 2270 973 competentes

1285 1001 1299 1014 «
1327 992 1360 1018 et
1369 987 1603 1028 competitura<
1617 989 1651 1017 et
1666 986 1765 1017 nichil
1777 987 1808 1018 in
1821 998 1858 1018 co
1876 987 1965 1019 nobis
1979 988 2268 1031 velepiscopatufi]

1286 1058 1299 1071 (1
1329 1046 1383 1075 aut
1414 1044 1534 1075 nostris
1580 1043 1823 1074 successoribus
1850 1054 2070 1083 reservamus,
2103 1056 2206 1087 neque
2240 1047 2271 1077 in

1287 1115 1301 1129 «
1325 1099 1567 1142 temporalibus,
1591 1110 1694 1140 neque
1710 1100 1741 1130 in
1762 1100 1995 1140 spiritualibus,
2013 1106 2125 1142 preter
2136 1102 2272 1134 mediam

1287 1171 1301 1185 «ι
1330 1156 1443 1188 libram
1461 1166 1536 1187 cere
1555 1156 1720 1187 annuatim
1740 1156 1770 1186 111
1785 1155 1871 1187 Cena
1886 1157 2010 1188 Domini
2023 1159 2150 1189 nomine
2164 1160 2278 1190 cathe-

1288 1228 1302 1241 υ
1330 1213 1458 1250 111-111101,
1477 1216 1510 1244 et
1530 1212 1614 1244 idem
1635 1215 1868 1245 monasterium
1890 1217 1924 1245 et
1943 1214 2116 1246 ecclesiam
2137 1217 2171 1247 et
2186 1217 2273 1257 ipsas

1287 1284 1300 1299 0
1330 1270 1526 1302 abbatissam
1561 1272 1594 1301 et
1632 1271 1800 1307 moniales,
1833 1274 1866 1301 et
1892 1281 2002 1302 eorum
2040 1272 2274 1314 succeditrices

1287 1342 1300 1355 κ
1329 1337 1385 1358 5011
1406 1336 1619 1357 successores
1639 1326 1678 1357 ab
1698 1327 1783 1358 omni
1800 1327 1875 1367 jure
1897 1327 2072 1369 episcopali
2102 1328 2274 1359 eximimus

1286 1398 1300 1412 «
1328 1384 1423 1425 pleno
1444 1384 1532 1425 jure,
1556 1386 1587 1414 ut
1611 1384 1844 1414 monasterium
1866 1383 2058 1425 predictum,
2082 1394 2139 1416 seu
2167 1384 2275 1416 eccle-

1285 1455 1298 1469 «
1328 1441 1375 1472 sia
1389 1440 1533 1482 predicta
1554 1440 1732 1471 beatissimi
1766 1441 1879 1471 Donati
1900 1441 2044 1472 martiris
2073 1443 2106 1472 et
2135 1451 2273 1483 persone

1284 1512 1297 1526 «
1326 1498 1369 1530 ibi
1394 1499 1634 1528 commorantes
1646 1500 1675 1528 et
1694 1500 1934 1528 commorature
1953 1497 1991 1528 ab
2008 1498 2093 1528 omni
2109 1500 2273 1539 potestate

1285 1569 1299 1583 u
1327 1558 1360 1586 et
1376 1554 1604 1595 jurisdictione
1619 1555 1794 1595 episcopali
1809 1554 1934 1596 plenius
1951 1555 2015 1585 sint
2038 1556 2205 1596 exempte‚
2227 1555 2273 1586 ita

1286 1626 1299 1641 «
1328 1611 1411 1652 quod
1433 1611 1517 1642 nulla
1539 1621 1676 1652 persona
1697 1611 1962 1652 occasionejuris
1983 1611 2176 1653 episcopalis
2194 1622 2272 1653 gra-

1287 1683 1300 1697 «
1328 1679 1444 1699 vamen
1457 1668 1579 1699 eisdem
1601 1668 1731 1709 aliquod
1751 1668 1921 1699 inferatur.
1945 1669 1984 1699 Et
2015 1668 2074 1699 hec
2103 1669 2211 1699 omnia
2237 1670 2269 1699 et

1287 1740 1302 1754 «
1331 1725 1458 1767 singula
1479 1725 1735 1766 supradictorum
1765 1735 1821 1766 per
1841 1735 1897 1756 nos
1916 1728 2110 1765 nostrosque
2140 1734 2273 1756 sucees-

1287 1796 1301 1810 «
1330 1792 1434 1820 sores,
1459 1782 1547 1813 vobis
1561 1782 1715 1823 predictis
1737 1782 1914 1823 Nepolione
1935 1783 1967 1812 et
1986 1781 2153 1812 Bernardo
2164 1781 2276 1822 syndi-

1325 1839 1371 1870 cis
1392 1849 1447 1870 seu
1459 1839 1724 1880 procuratoribus
1736 1838 1862 1869 nomine
1877 1837 2097 1879 predictarum
2114 1838 2276 1880 recipien-

1330 1896 1427 1934 tibus,
1447 1895 1538 1926 firma
1554 1895 1815 1932 teuere,facere,
1835 1894 2222 1936 adimplere,observare,
2238 1896 2274 1926 et

1286 1967 1300 1981 «
1328 1956 1442 1984 contra
1451 1962 1512 1983 non
1534 1953 1646 1983 venire
1664 1952 1892 1993 promittimus,
1909 1952 2036 1983 nomine
2047 1952 2273 1993 episcopatus,

1285 2023 1299 2037 «
1327 2010 1385 2041 sub
1403 2019 1487 2050 pena
1503 2011 1632 2040 centum
1659 2018 1840 2040 marcarum
1866 2008 2006 2049 argenti,
2031 2017 2124 2048 quam
2152 2017 2270 2048 penam

1284 2080 1297 2095 «
1326 2067 1454 2097 solvere
1470 2068 1503 2097 et
1521 2066 1598 2097 dare
1618 2066 1835 2106 promittimus
1855 2066 1966 2096 nostro
1986 2064 2114 2095 nomine
2131 2066 2163 2095 et
2184 2063 2275 2105 epis-

1283 2136 1298 2151 «
1325 2124 1460 2164 copatus
1487 2123 1636 2164 Egubini,
1661 2133 1719 2163 per
1746 2132 1801 2153 uos
1821 2124 1853 2153 et
1884 2123 2011 2152 nostros
2045 2130 2270 2158 successores,

1283 2193 1297 2207 «
1327 2180 1416 2211 vobis
1435 2190 1491 2221 pro
1502 2180 1656 2221 predictis
1670 2179 1835 2210 abbatissa
1853 2180 1886 2209 et
1906 2177 2097 2209 monialibus
2109 2179 2142 2208 et
2160 2186 2271 2208 earum

1281 2251 1295 2266 «
1324 2237 1566 2268 successoribus
1591 2235 1833 2278 10011110111111115,
1856 2234 2064 2275 stipulatione
2085 2233 2272 2274 sollempni,

1659 2305 1677 2324 a
1712 2293 1831 2324 nostris
1869 2290 2114 2323 successoribus
2154 2291 2272 2321 eontra

1287 1853 1301 1867 2

1281 2307 1295 2322 «
1324 2294 1350 2324 si
1381 2304 1399 2324 a
1433 2293 1523 2324 nobis
1570 2294 1620 2324 vel

1282 2364 1295 2379 «
1324 2350 1482 2391 predicta,
1510 2351 1561 2382 vel
1584 2349 1713 2391 aliquod
1741 2348 1959 2391 predictorum
1992 2348 2114 2378 factum
2153 2346 2272 2383 fuerit,

1281 2420 1295 2435 «
1323 2417 1384 2447 qua
1400 2417 1482 2448 pena
1508 2407 1614 2437 soluta
1629 2407 1678 2437 vel
1699 2416 1773 2443 non,
1789 2406 1849 2436 hoc
1866 2406 2113 2435 instrumentum
2135 2412 2273 2443 exemp-

1281 2477 1294 2491 «
1323 2463 1420 2494 tionis
1447 2473 1576 2504 semper
1601 2462 1725 2494 firmum
1747 2464 1779 2493 et
1799 2463 1905 2493 ratum
1922 2461 2124 2503 permaneat,
2145 2458 2271 2499 dequi-

1282 2533 1296 2548 «
1324 2520 1381 2550 bus
1394 2520 1540 2551 omnibus
1558 2520 1752 2561 supradictis
1772 2519 1920 2549 volumus
1932 2520 1965 2549 et
1986 2516 2174 2548 mandamus
2196 2513 2271 2546 fieri

1281 2590 1295 2605 «
1322 2587 1380 2618 per
1401 2577 1535 2607 Paulum
1553 2575 1754 2607 Ermaudide
1773 2575 1914 2617 Spoleto,
1930 2576 2075 2606 nostrum
2087 2571 2247 2603 notarium
2262 2595 2268 2608 ‚

1282 2646 1296 2661 α
1323 2633 1486 2674 publicum
1506 2633 1769 2667 instriunentum,
1787 2632 1870 2673 quod
1886 2631 2034 2662 duximus
2053 2628 2091 2659 ad
2105 2627 2262 2669 majorem

1282 2703 1297 2717 «
1323 2690 1551 2721 anctoritatem
1587 2689 1793 2730 prestandum
1826 2688 1929 2719 nostri
1961 2686 2058 2727 sigilli
2091 2683 2266 2715 munimine

1283 2760 1296 2774 11
1324 2746 1550 2777 10110111111111111.
1573 2748 1630 2777 ,1115
1651 2748 1758 2777 tamen
1778 2744 1989 2786 quodhabent
2009 2741 2150 2774 ecclesia
2165 2740 2270 2771 Sauc—

1283 2818 1296 2832 «
1324 2805 1429 2834 torum
1451 2803 1586 2834 Mariani
1606 2805 1638 2833 et
1662 2802 1785 2839 Jacobi‚
1806 2807 1838 2833 et
1852 2800 1962 2842 plebes
1979 2798 2090 2831 Sancti
2110 2795 2267 2828 Johannis

1283 2875 1297 2890 «
1325 2861 1355 2891 iu
1370 2860 1594 2902 parrochianis
1609 2860 1750 2891 ecclesie
1768 2859 1879 2890 Sancti
1892 2856 2007 2888 Donati
2022 2855 2112 2892 (11011,
2131 2851 2268 2895 prefatis

1283 2930 1298 2946 «
1326 2916 1476 2948 ecclesiis
1499 2926 1719 2947 reservamus
1751 2917 1866 2947 Actum
1898 2913 1981 2955 apud
2010 2910 2202 2952 Euguffium,
2236 2908 2269 2938 111

1285 2986 1300 3002 (1
1328 2983 1458 3004 camera
1474 2972 1609 3014 predicti
1627 2972 1746 3003 domiui
1763 2972 1915 3013 episcopi,
1936 2967 2142 3012 presentibus
2162 2966 2271 2997 fratre
