2477 3512
237 412 293 435 ι..,
317 400 472 430 abbatisse
493 400 673 430 monasterii
698 399 805 430 Sancti
828 400 978 430 Eustachi
1001 401 1036 430 de
1060 400 1202 435 Clavum,

194 453 319 492 ejusque
362 453 519 482 sororibus
547 454 608 482 lam
637 452 831 491 presentibus
859 461 950 491 quam
978 453 1105 491 suturis,
1133 453 1204 483 reli-

195 507 312 545 qiosam
334 506 427 535 vitam
447 505 595 544 professis
617 505 649 534 in
669 507 862 544 perpetuum.
885 505 1079 544 Religiosam
1098 506 1202 536 vitam

193 562 254 589 etc.
276 568 397 597 usque:
419 561 560 588 enervet.
573 558 619 588 Ea
641 561 781 597 propter,
804 558 918 587 dilecte
938 558 970 588 in
991 558 1118 588 Christo
1138 558 1202 588 filie

193 612 309 641 vestris
335 611 432 649 justis
460 611 733 650 postulationibus
761 611 934 640 clementer
959 611 1142 646 annuimuS,
1170 614 1204 641 et

194 664 426 694 monasterium
457 664 566 694 Sancti
595 663 763 694 Eustachii
791 664 829 693 de
857 664 1002 698 Clavaro,
1031 664 1204 694 Januensis

192 717 335 751 diocesis,
365 717 397 746 in
426 726 490 755 quo
518 717 627 746 divino
655 717 731 746 estis
759 717 912 756 obsequio
940 717 1134 755 mancipate,
1164 718 1202 747 de

192 770 323 809 speciali
345 770 447 808 gratia
472 770 561 799 Sedis
582 769 766 808 Apostolice
788 770 829 799 ab
851 770 938 799 omni
978 770 1202 808 jurisdictione

195 825 356 862 potestate
380 831 418 852 ac
442 822 583 851 dominio
607 825 675 852 tam
699 822 929 861 archicpiscopi
945 823 1118 852 Januensis
1137 823 1202 862 qui,

192 885 249 914 pro
277 878 422 914 tempore
450 875 558 909 fuerit,
599 884 697 914 quam
725 875 897 913 cujuslibet
925 875 1055 905 alterius
1089 874 1203 914 prelati

190 937 245 958 seu
264 928 476 957 ecclesiastice
494 937 627 966 persone
646 927 792 958 totaliter
824 938 862 957 ex
882 931 967 958 certa
987 928 1118 958 scientia
1137 929 1202 958 exi—

189 983 324 1015 mentes,
344 981 423 1010 illud
443 981 475 1010 in
494 981 546 1019 jus
566 984 598 1010 et
618 981 848 1019 proprietatem
869 981 955 1010 beati
975 981 1061 1011 Petri
1081 984 1114 1011 et
1133 991 1202 1020 pre-

189 1034 274 1063 dicte
302 1034 391 1064 Sedis
431 1034 623 1063 assumimus
651 1037 683 1063 et
711 1034 866 1072 presentis
894 1034 1003 1072 scripti
1023 1035 1202 1072 patrocinio

195 1087 442 1116 communimus.

234 1140 269 1169 In
313 1139 423 1178 primis
467 1139 626 1177 siquidem
661 1142 842 1169 statuentes
886 1143 923 1169 ut
961 1140 1039 1169 ordo
1076 1149 1202 1170 monas—

189 1192 272 1222 ticus
297 1192 351 1230 qui
376 1192 548 1221 secundem
569 1192 675 1221 Deum
700 1195 733 1221 et
751 1192 845 1222 Beati
868 1192 1035 1222 Benedicti
1060 1194 1201 1231 regulam

186 1247 285 1283 atque
311 1245 549 1274 institutionem
571 1245 758 1274 monialium
785 1245 979 1275 inclusarum
1005 1246 1114 1276 Sancti
1138 1246 1203 1276 Da-

186 1297 285 1327 miani
305 1297 476 1327 Asisinatis
490 1300 523 1326 et
535 1297 707 1327 formulam
728 1298 795 1327 vite
815 1301 921 1328 vestre
941 1307 959 1328 a
981 1298 1080 1328 felicis
1100 1308 1202 1329 recor-

186 1350 326 1380 dationis
338 1350 488 1388 Gregorio
501 1359 596 1389 papa,
609 1351 831 1388 predecessore
843 1353 962 1385 nostro,
976 1352 1079 1381 ordini
1091 1354 1200 1381 vestro

187 1403 342 1433 traditam
363 1412 435 1432 cum
455 1403 562 1432 adhuc
581 1406 665 1433 esset
683 1403 714 1433 in
735 1404 850 1433 minori
868 1403 975 1434 officio
992 1405 1199 1438 constitutus,

189 1456 221 1486 in
241 1456 353 1485 eodem
372 1456 442 1485 loco
462 1456 631 1485 institutus
651 1465 717 1485 esse
745 1457 932 1491 dinoscitur,
960 1458 1123 1496 perpetuis
1141 1458 1200 1488 ibi-

188 1509 261 1539 dem
282 1509 484 1547 temporibus
506 1509 735 1538 inviolabiliter
756 1510 953 1539 observetur.

229 1562 381 1591 Preterea
416 1571 626 1600 quascunque
651 1562 866 1600 possessiones
892 1565 952 1592 etc.
979 1572 1103 1602 usque:
1130 1573 1199 1602 per-

186 1617 352 1644 maneant.
379 1615 414 1644 In
438 1615 555 1653 quibus
578 1615 635 1644 hee
657 1615 793 1654 propriis
817 1615 968 1645 duximus
990 1616 1198 1655 exprimenda

183 1667 349 1697 vocabulis
370 1677 375 1697 :
396 1667 501 1697 locum
520 1667 626 1706 ipsum
646 1667 677 1696 in
698 1677 762 1706 quo
781 1668 946 1706 prefatum
967 1670 1199 1698 monasterium

183 1721 282 1750 situm
302 1722 351 1749 est
371 1729 444 1749 cum
465 1720 614 1749 omnibus
634 1721 837 1759 pertinentiis
857 1721 941 1756 suis;
963 1731 1062 1751 unam
1077 1723 1199 1761 petiam

184 1776 267 1803 terre
287 1773 384 1802 sitam
403 1773 497 1811 juxta
519 1773 657 1812 burgum
685 1773 830 1808 Clavari;
847 1774 959 1804 domos
978 1784 1058 1813 quas
1072 1775 1198 1805 habetis

183 1826 215 1855 in
226 1826 302 1856 villa
315 1835 376 1864 que
388 1828 524 1855 vocatur
536 1826 613 1855 Levi
626 1837 633 1861 ;
646 1828 746 1856 terras
759 1836 839 1865 quas
851 1827 977 1856 habetis
988 1827 1020 1856 in
1038 1828 1198 1858 territorio

182 1879 257 1908 ville
280 1879 389 1917 ipsius,
414 1879 525 1908 domos
548 1881 581 1908 et
603 1881 704 1908 terras
727 1888 807 1918 quas
830 1880 956 1909 habetis
978 1881 1010 1909 in
1033 1881 1198 1911 territorio

183 1931 286 1971 plebis
316 1932 354 1960 de
384 1931 548 1966 Lavania;
578 1934 679 1961 terras
709 1941 789 1970 quas
818 1933 945 1963 hahetis
973 1933 1006 1962 in
1035 1934 1197 1963 territorio

182 1984 308 2014 Clavari
326 1985 358 2013 in
377 1984 453 2013 locis
472 1984 527 2023 qui
546 1985 587 2013 ad
606 1985 712 2014 Valles
731 1987 763 2014 et
781 1986 913 2015 Rivaria
943 1989 1195 2025 nuncupantur;

182 2039 284 2066 terras
307 2046 386 2076 quas
409 2037 535 2066 habetis
566 2037 597 2066 in
620 2037 695 2067 villa
719 2047 780 2077 que
801 2041 939 2068 vocatur
968 2039 1142 2069 Decalasco
1163 2040 1196 2069 in

180 2090 250 2120 loco
266 2090 321 2128 qui
337 2089 454 2119 dicitur
470 2090 675 2128 Donegatum
692 2091 757 2129 (‘?);
774 2093 875 2121 terras
890 2092 969 2121 sitas
984 2092 1016 2122 in
1036 2093 1196 2122 territorio

181 2143 255 2172 ville
272 2143 310 2172 de
328 2143 446 2172 Sancta
464 2143 484 2171 J
489 2143 572 2177 ulia;
590 2143 712 2181 petiam
731 2152 828 2173 unam
845 2147 929 2174 terre
944 2145 1041 2174 sitam
1058 2145 1090 2174 in
1107 2146 1197 2175 terri—

186 2195 269 2225 torio
290 2195 399 2225 Sancti
420 2195 596 2225 Salvaton's
614 2196 645 2225 in
666 2196 734 2226 loco
754 2197 809 2235 qui
827 2200 965 2226 vocatur
981 2198 1032 2227 Ad
1052 2200 1195 2234 costam;

187 2250 287 2277 terras
309 2248 388 2277 sitas
409 2249 441 2277 in
464 2248 625 2278 territorio
646 2249 720 2278 ville
743 2250 853 2279 Sancti
875 2250 967 2280 Petri
989 2251 1027 2280 de
1040 2251 1194 2287 Clavaro;

182 2303 284 2330 terras
313 2301 392 2330 sitas
420 2301 452 2330 in
478 2302 646 2330 territoriis
665 2302 814 2331 villarum
844 2312 905 2341 que
934 2303 1109 2338 Reverton,
1127 2304 1195 2334 Ma-

141 2367 144 2370 *
182 2362 264 2383 xena
286 2356 318 2382 et
346 2353 525 2383 Breranata
546 2354 722 2392 vulgariter
743 2355 970 2391 nominantur;
992 2359 1093 2386 terras
1114 2366 1194 2396 quas

183 2406 309 2435 habetis
339 2407 371 2435 in
402 2407 563 2436 territorio
595 2407 633 2436 de
665 2407 803 2445 Sigestro
835 2417 907 2437 cum
938 2410 1050 2447 pratis,
1081 2410 1193 2444 vineis,

184 2459 288 2493 terris,
310 2459 648 2497 nemoribus,usuagiis
667 2462 699 2489 et
719 2461 846 2498 pascuis
865 2461 897 2490 in
918 2461 1014 2491 bosco
1034 2465 1067 2491 et
1086 2463 1192 2500 plano,

187 2511 219 2540 in
234 2512 327 2550 aquis
342 2514 374 2541 et
390 2512 580 2541 molendinis
595 2512 626 2541 in
642 2513 702 2542 viis
718 2515 749 2542 et
765 2513 897 2548 semitis,
914 2516 946 2543 et
961 2515 1110 2544 omnibus
1125 2515 1194 2545 aliis

187 2564 392 2593 libertatibus
421 2567 453 2593 et
482 2565 744 2595 immunitatibus
774 2566 848 2595 suis.

223 2616 336 2646 Liceat
364 2626 492 2656 quoque
522 2618 614 2647 vobis
642 2627 794 2656 personas
823 2619 938 2649 liberas
966 2622 1027 2649 etc.
1069 2630 1190 2660 usque:

181 2670 327 2699 retinere.
351 2670 562 2699 Prohibemus
605 2671 734 2709 insuper
756 2674 793 2700 ut
815 2672 893 2701 nulli
915 2675 975 2702 etc.
1000 2682 1122 2712 usque:
1146 2683 1192 2703 re-

181 2721 294 2752 tinere.
814 2763 818 2767 ῃ

221 2775 282 2804 Pro
306 2775 600 2805 consecrationibus
624 2785 699 2805 vero
723 2777 874 2806 altarium
898 2780 958 2807 etc.
991 2787 1114 2817 usque:
1140 2788 1191 2818 ge-

182 2830 319 2856 neretur.
343 2828 424 2864 Quia
444 2837 520 2857 vero
540 2829 703 2858 interdum
725 2830 884 2859 diocesani
904 2831 1044 2869 episcopi
1064 2832 1190 2870 copiam

181 2888 244 2908 non
268 2880 393 2909 habetis
415 2883 476 2910 etc.
500 2882 645 2910 valeatis,
681 2882 759 2911 Cum
782 2886 892 2912 autem
926 2884 1071 2922 generale
1093 2885 1190 2914 inter-

182 2932 304 2961 dictum
335 2935 417 2962 terre
457 2933 553 2962 fuerit
583 2937 642 2963 etc.
675 2944 796 2973 usque:
827 2936 1009 2965 interdicto.
1041 2937 1189 2967 Obeunte

184 2994 256 3014 vero
281 2988 322 3019 ie,
349 2994 432 3017 nunc
458 2986 601 3024 ejusdem
627 2987 685 3016 loci
710 2988 875 3017 abbatissa
901 2991 961 3018 etc.
988 2998 1108 3028 usque:
1135 2990 1189 3019 eli-

145 318 147 320 .
195 294 258 324 814
890 293 1148 326 REGISTRES
1166 294 1502 328 D'ALEXANDRE
1517 295 1565 328 IV

1307 401 1459 440 gendum.
1481 402 1579 432 Porro
1600 402 1626 431 si
1646 402 1785 441 episcopi
1808 402 1859 432 vel
1879 402 1933 432 alii
1953 402 2159 433 ecclesiarum
2180 406 2321 434 rectores

1309 454 1341 483 in
1368 455 1599 484 monasterium
1627 457 1771 484 vestrum
1799 455 1849 484 vel
1878 464 2030 494 personas
2056 456 2215 494 regulares
2241 456 2320 486 inibi

1310 506 1450 536 Domino
1472 506 1678 542 famulantes,
1701 507 1929 546 suspensionis,
1977 509 2320 539 excommunicationis

1309 559 1360 588 vel
1388 559 1552 589 interdicti
1579 560 1775 590 sententiam
1803 560 2089 600 promulgaverint,
2117 561 2221 600 ipsam
2248 564 2321 592 tan-

1310 621 1408 650 quam
1434 615 1546 642 contra
1571 613 1660 643 Sedis
1685 613 1869 651 Apostolice
1889 614 2015 643 indulta
2034 614 2195 652 prolatam
2214 614 2320 644 decer-

1310 664 1415 694 nimus
1437 674 1499 694 non
1522 667 1639 695 tenere.
1663 665 1738 695 Paci
1760 675 1888 705 quoque
1909 668 1942 696 et
1962 667 2193 705 tranquillitati
2214 669 2321 697 vestre

1310 719 1370 746 etc.
1387 726 1488 757 usque
1503 728 1509 747 :
1527 727 1682 748 exercere.
1699 718 1847 748 Preterea
1863 727 1974 748 omnes
1988 719 2154 749 libertates
2163 722 2196 749 et
2206 719 2322 750 immu-

1310 769 1429 799 nitates
1450 780 1469 800 a
1490 771 1665 800 venerabili
1686 771 1786 800 fratre
1808 774 1951 806 nostro..,
1973 772 2130 802 Januensi
2151 772 2322 811 archiepis-

1309 831 1401 861 copo,
1438 824 1633 853 monasterio
1660 826 1769 854 vestro
1797 833 1974 858 concessaS,
2004 834 2127 854 necnon
2154 825 2320 855 libertates

1309 878 1342 904 et
1367 876 1587 914 exemptiones
1611 877 1802 906 secularium
1850 877 2056 907 exactionum
2081 886 2098 907 a
2125 877 2323 916 quibuslibet

1310 927 1427 957 Christi
1440 928 1591 958 fidelibus
1604 929 1840 959 rationabiliter
1853 929 1945 959 vobis
1958 930 2112 964 indultas,
2126 931 2322 961 auctoritate

1309 981 1485 1018 apostolica
1522 981 1762 1017 confirmamus,
1793 985 1826 1012 et
1844 983 2001 1021 presentis
2019 983 2131 1021 scripti
2156 983 2322 1023 privilegio

1309 1034 1556 1063 communimus.
1608 1034 1817 1065 Decernimus
1856 1044 1984 1074 quoque
2015 1038 2052 1064 ut
2083 1035 2162 1065 nulli
2191 1036 2322 1066 omnino

1310 1086 1477 1116 hominum
1495 1089 1555 1116 etc.
1574 1096 1696 1126 usque:
1715 1087 1896 1126 profutura,
1914 1089 2004 1118 salva
2023 1088 2112 1118 Sedis
2138 1088 2323 1127 Apostolice

1309 1139 1514 1175 auctoritate.

1351 1192 1402 1221 Ad
1422 1192 1577 1222 indicium
1597 1195 1708 1222 autem
1730 1194 1816 1232 quod
1837 1193 1924 1223 idem
1945 1194 2179 1223 monasterium
2200 1194 2321 1232 specia-

1309 1244 1382 1274 liter
1396 1245 1491 1274 Beati
1514 1245 1602 1274 Petri
1624 1245 1704 1284 juris
1728 1246 1849 1280 existit,
1875 1255 1974 1276 unam
1998 1246 2113 1276 libram
2137 1255 2206 1276 cere
2229 1246 2322 1276 nobis

1310 1297 1492 1336 nostrisque
1536 1299 1770 1328 successoribus
1805 1299 1898 1328 annis
1940 1299 2072 1337 singulis
2115 1299 2317 1338 persolvetis.

1310 1349 1341 1379 Si
1373 1359 1437 1389 qua
1454 1350 1558 1390 ‚igitur
1581 1353 1641 1381 etc.
1666 1360 1784 1390 usque:
1809 1351 1934 1381 ultioni.
1958 1351 2089 1381 Cunctis
2110 1354 2222 1382 autem
2259 1354 2321 1382 etc.

1311 1411 1435 1442 usque:
1461 1403 1640 1433 inveniant.
1676 1405 1790 1434 Amen.
1825 1404 1939 1434 Amen.
1976 1405 2052 1434 Dat.
2087 1404 2224 1434 Viterbii
2265 1413 2323 1444 per

1308 1464 1442 1485 manum
1482 1457 1628 1495 magistri
1653 1457 1800 1492 Jordani,
1836 1457 1952 1487 Sancte
1994 1457 2140 1487 Romane
2181 1457 2322 1488 Ecclesie

1308 1509 1426 1538 notarii
1443 1511 1476 1538 et
1493 1510 1757 1544 vicecancellarii,
1779 1509 1810 1539 11
1827 1510 1891 1539 kal.
1909 1510 2050 1549 augusti,
2067 1510 2243 1540 indictione
2258 1510 2323 1549 pri-

1307 1569 1370 1596 ma,
1386 1561 1622 1592 Incarnationis
1633 1562 1783 1592 Dominic
1799 1572 1902 1592 eanno
1915 1562 2200 1598 M⁰.CC⁰.LV1110,
2214 1563 2323 1602 ponti-

1306 1614 1423 1644 ficatus
1434 1624 1510 1645 vero
1521 1615 1619 1644 donni
1630 1617 1699 1651 (sic)
1710 1615 1885 1645 Alexandri
1895 1624 1978 1654 pape
1992 1615 2070 1650 1111,
2082 1624 2167 1646 anno
2178 1618 2322 1655 quarto.»

1385 1820 1476 1846 2649
1834 1814 1974 1853 Viterbe,
1994 1820 2031 1847 12
2051 1820 2130 1847 avril
2150 1820 2238 1848 1258.

1346 1872 1504 1907 Episcopo
1527 1873 1745 1900 Aurelianensi
1768 1873 1901 1900 mandat
1924 1875 1960 1900 ut
1983 1873 2161 1900 Dionisium
2184 1873 2223 1900 de
2243 1873 2321 1901 Tra-

1304 1912 1436 1944 viciam),
1459 1913 1616 1945 clericum,
1639 1913 1671 1939 in
1683 1913 1812 1939 ecelesia
1825 1913 1855 1941 S.
1869 1913 1984 1940 Verani
2001 1913 2038 1939 de
2053 1913 2203 1946 Jargolio,
2221 1913 2320 1940 Aure-

1303 1951 1454 1978 lianensis
1478 1953 1620 1984 diocesis,
1644 1953 1675 1979 in
1700 1953 1886 1979 canonicum
1911 1954 1943 1979 et
1965 1953 1997 1979 in
2021 1952 2151 1979 tratrem
2174 1953 2318 1987 recipiat,

1303 1991 1397 2024 juxta
1430 1992 1570 2026 priorum
1603 1993 1643 2018 ad
1676 1987 1747 2018 eum
1781 1993 1972 2019 directarum
2005 1992 2236 2019 continentiam
2265 1992 2318 2019 lit-

1304 2032 1454 2058 terarum.
1474 2032 1572 2065 (Rau.
1592 2031 1640 2063 25,
1660 2031 1682 2057 f.
1704 2032 1761 2058 150
1779 2035 1826 2064 νο,
1846 2039 1896 2058 an.
1920 2032 1972 2064 IV,
1992 2039 2017 2058 c.
2037 2032 2120 2066 207.)

1346 2142 1367 2159 «.
1385 2153 1403 2165 .,
1425 2131 1568 2170 episcopo
1589 2131 1823 2161 Aurelianensi.
1846 2131 1892 2161 Ut
1912 2140 2008 2170 super
2027 2131 2244 2170 receptionem
2263 2148 2315 2160 ——.

1305 2183 1382 2213 Dat.
1412 2183 1559 2217 Viterbii,
1594 2183 1625 2213 II
1654 2184 1726 2213 idus
1755 2184 1875 2223 aprilis,
1905 2192 1991 2213 anno
2021 2186 2149 2222 quarto.
2179 2194 2192 2211 n

1383 2376 1473 2402 2650
1839 2376 1977 2407 Viterbe,
1999 2376 2035 2403 13
2053 2376 2122 2409 J'uin
2143 2375 2230 2403 1257.

1344 2428 1470 2455 Decano
1493 2428 1641 2455 eeclesiae
1663 2428 1890 2455 Lincolniensis
1912 2429 2045 2455 mandat
2068 2430 2104 2455 ut
2126 2430 2236 2455 contra
2257 2428 2313 2456 Jo-

1301 2468 1437 2494 hannem
1478 2468 1599 2494 dictum
1630 2468 1779 2500 Walram,
1812 2468 1997 2495 canonicum
2028 2468 2225 2500 Wellensem,
2257 2467 2312 2502 qui
2368 2481 2374 2483 f
2406 2475 2412 2495 .·

1301 2507 1435 2534 Eliensis
1471 2508 1617 2534 ecclesiae
1653 2508 1712 2534 sibi
1748 2508 1972 2534 custodiendae
2008 2508 2192 2534 commissae
2227 2507 2311 2534 bona

1301 2547 1517 2578 dextruxerat,
1537 2547 1666 2580 ejusque
1692 2547 1858 2581 complices
1884 2547 2218 2574 excommunicationis
2242 2554 2310 2574 sen-

1300 2587 1435 2613 tentiam
1455 2587 1648 2621 pronuntiet.
1668 2587 1765 2619 (REG.
1785 2587 1833 2618 25,
1852 2587 1874 2613 f.
1895 2587 1952 2614 150
1971 2591 2016 2619 v⁰‚
2036 2594 2085 2613 an.
2108 2586 2161 2618 IV,
2181 2593 2206 2614 c.
2225 2586 2315 2621 208.)Α

1342 2701 1354 2717 «
1368 2712 1397 2724 ..,
1421 2690 1534 2719 decano
1557 2689 1677 2719 ecclesie
1699 2690 1940 2719 Lincolniensis.
1965 2690 2027 2720 Sua
2052 2689 2153 2723 nobis,
2176 2698 2308 2719 venera-

1300 2742 1371 2772 bilis
1393 2742 1494 2772 frater
1516 2744 1657 2776 noster..,
1682 2742 1828 2780 Elyensis
1855 2743 2034 2781 episcopus,
2044 2742 2202 2780 petitione
2215 2750 2307 2772 mon-

1297 2795 1401 2825 travit
1424 2795 1510 2834 quod
1543 2795 1709 2825 carisimus
1738 2795 1772 2824 in
1797 2795 1923 2825 Christo
1952 2795 2038 2824 filius
2080 2797 2220 2829 noster..,
2250 2803 2306 2824 rex

1297 2848 1410 2886 Anglie
1435 2848 1577 2881 illustris,
1603 2848 1840 2877 venerabilibus
1883 2847 2036 2877 fratribus
2063 2847 2179 2877 nostris
2203 2846 2305 2877 archi-

1297 2900 1453 2938 episcopis
1469 2902 1501 2929 et
1515 2901 1682 2939 episcopis,
1708 2903 1740 2930 et
1765 2900 1889 2930 dilectis
1913 2900 1987 2929 filiis
2011 2900 2196 2935 abbatibus,
2221 2899 2305 2938 prio-

1297 2953 1385 2982 ribus
1411 2955 1444 2982 et
1471 2953 1540 2982 aliis
1567 2953 1771 2982 ecclesiarum
1798 2953 1929 2991 prelatis
1956 2953 2043 2992 regni
2078 2946 2191 2991 Anglie
2217 2952 2301 2991 regia

1297 3005 1489 3035 liberalitate
1510 3006 1666 3035 concessit
1686 3008 1733 3040 ut,
1755 3015 1827 3035 cum
1848 3006 1991 3044 aliquam
2011 3015 2051 3035 ex
2070 3004 2208 3034 ecclesiis
2226 3003 2303 3044 ipssi
