<?xml version="1.0" encoding="UTF-8"?>
<!DOCTYPE html PUBLIC "-//W3C//DTD XHTML 1.0 Transitional//EN"
    "http://www.w3.org/TR/xhtml1/DTD/xhtml1-transitional.dtd">
<html xmlns="http://www.w3.org/1999/xhtml" xml:lang="en" lang="en">
 <head>
  <title>
</title>
<meta http-equiv="Content-Type" content="text/html;charset=utf-8" />
  <meta name='ocr-system' content='tesseract 3.04.00' />
  <meta name='ocr-capabilities' content='ocr_page ocr_carea ocr_par ocr_line ocrx_word'/>
</head>
<body>
  <div class='ocr_page' id='page_1' title='image "./lesregistresdegr02cathuoft_0207.png"; bbox 0 0 2477 3512; ppageno 0'>
   <div class='ocr_carea' id='block_1_1' title="bbox 935 285 1335 327">
    <p class='ocr_par' dir='ltr' id='par_1_1' title="bbox 935 285 1335 327">
     <span class='ocr_line' id='line_1_1' title="bbox 935 285 1335 327; baseline -0.013 0"><span class='ocrx_word' id='word_1_1' title='bbox 935 286 1164 327; x_wconf 73' lang='lat' dir='ltr'>TaoisOEME</span> <span class='ocrx_word' id='word_1_2' title='bbox 1190 285 1335 323; x_wconf 77' lang='lat' dir='ltr'><strong>ANNEE</strong></span> 
     </span>
    </p>
   </div>
   <div class='ocr_carea' id='block_1_2' title="bbox 2091 302 2154 333">
    <p class='ocr_par' dir='ltr' id='par_1_2' title="bbox 2091 302 2154 333">
     <span class='ocr_line' id='line_1_2' title="bbox 2091 302 2154 333; baseline 0 0"><span class='ocrx_word' id='word_1_3' title='bbox 2091 302 2154 333; x_wconf 82' lang='lat'>679</span> 
     </span>
    </p>
   </div>
   <div class='ocr_carea' id='block_1_3' title="bbox 124 361 2153 474">
    <p class='ocr_par' dir='ltr' id='par_1_3' title="bbox 124 361 2153 474">
     <span class='ocr_line' id='line_1_3' title="bbox 124 361 2152 414; baseline -0.001 -9"><span class='ocrx_word' id='word_1_4' title='bbox 124 375 285 405; x_wconf 72' lang='lat' dir='ltr'>licentiam</span> <span class='ocrx_word' id='word_1_5' title='bbox 322 374 362 404; x_wconf 88' lang='lat' dir='ltr'>ad</span> <span class='ocrx_word' id='word_1_6' title='bbox 402 374 673 414; x_wconf 82' lang='lat' dir='ltr'>Salzburgensem</span> <span class='ocrx_word' id='word_1_7' title='bbox 716 371 887 402; x_wconf 84' lang='lat' dir='ltr'>ecclesiam</span> <span class='ocrx_word' id='word_1_8' title='bbox 923 369 1112 401; x_wconf 77' lang='lat' dir='ltr'>transeundi</span> <span class='ocrx_word' id='word_1_9' title='bbox 1136 361 1139 403; x_wconf 68' lang='grc' dir='ltr'>Ῐ</span> <span class='ocrx_word' id='word_1_10' title='bbox 1164 370 1255 398; x_wconf 71' lang='lat' dir='ltr'>catus</span> <span class='ocrx_word' id='word_1_11' title='bbox 1275 368 1393 400; x_wconf 87' lang='lat' dir='ltr'>fuerat.</span> <span class='ocrx_word' id='word_1_12' title='bbox 1418 369 1644 410; x_wconf 64' lang='grc'>110110161116011</span> <span class='ocrx_word' id='word_1_13' title='bbox 1668 372 1797 404; x_wconf 81' lang='lat' dir='ltr'>dicebat</span> <span class='ocrx_word' id='word_1_14' title='bbox 1817 375 2053 413; x_wconf 78' lang='lat' dir='ltr'>eiiiideni‚ciim</span> <span class='ocrx_word' id='word_1_15' title='bbox 2074 376 2152 407; x_wconf 63' lang='lat' dir='ltr'>dicti</span> 
     </span>
     <span class='ocr_line' id='line_1_4' title="bbox 126 415 2153 474; baseline -0.003 -13"><span class='ocrx_word' id='word_1_16' title='bbox 126 430 291 461; x_wconf 89' lang='lat' dir='ltr'>humiliter</span> <span class='ocrx_word' id='word_1_17' title='bbox 329 431 504 471; x_wconf 85' lang='lat' dir='ltr'>petierunt.</span> <span class='ocrx_word' id='word_1_18' title='bbox 548 429 700 465; x_wconf 85' lang='lat' dir='ltr'>Quamvis</span> <span class='ocrx_word' id='word_1_19' title='bbox 731 428 839 458; x_wconf 87' lang='lat' dir='ltr'>autem</span> <span class='ocrx_word' id='word_1_20' title='bbox 865 427 925 467; x_wconf 88' lang='lat' dir='ltr'>ipsi</span> <span class='ocrx_word' id='word_1_21' title='bbox 955 426 1046 458; x_wconf 84' lang='lat' dir='ltr'>nobis</span> <span class='ocrx_word' id='word_1_22' title='bbox 1073 425 1112 455; x_wconf 91' lang='lat' dir='ltr'>de</span> <span class='ocrx_word' id='word_1_23' title='bbox 1136 415 1138 474; x_wconf 68' lang='grc'>1</span> <span class='ocrx_word' id='word_1_24' title='bbox 1164 425 1346 465; x_wconf 74' lang='lat' dir='ltr'>prepositus</span> <span class='ocrx_word' id='word_1_25' title='bbox 1362 426 1395 455; x_wconf 91' lang='lat' dir='ltr'>et</span> <span class='ocrx_word' id='word_1_26' title='bbox 1427 426 1599 466; x_wconf 85' lang='lat' dir='ltr'>capitulum</span> <span class='ocrx_word' id='word_1_27' title='bbox 1639 428 1741 468; x_wconf 82' lang='lat' dir='ltr'>ipsum</span> <span class='ocrx_word' id='word_1_28' title='bbox 1774 429 1813 461; x_wconf 88' lang='lat' dir='ltr'>de</span> <span class='ocrx_word' id='word_1_29' title='bbox 1842 431 1976 462; x_wconf 71' lang='lat' dir='ltr'>civitate</span> <span class='ocrx_word' id='word_1_30' title='bbox 2006 432 2153 463; x_wconf 62' lang='lat' dir='ltr'>salzbur-</span> 
     </span>
    </p>
   </div>
   <div class='ocr_carea' id='block_1_4' title="bbox 121 481 1138 1534">
    <p class='ocr_par' dir='ltr' id='par_1_4' title="bbox 121 481 1138 1534">
     <span class='ocr_line' id='line_1_5' title="bbox 124 481 1138 578; baseline -0.006 -61"><span class='ocrx_word' id='word_1_31' title='bbox 124 487 292 528; x_wconf 75' lang='lat' dir='ltr'>premissis</span> <span class='ocrx_word' id='word_1_32' title='bbox 324 487 428 527; x_wconf 80' lang='lat' dir='ltr'>parati</span> <span class='ocrx_word' id='word_1_33' title='bbox 461 488 573 517; x_wconf 83' lang='lat' dir='ltr'>essent</span> <span class='ocrx_word' id='word_1_34' title='bbox 620 485 728 515; x_wconf 82' lang='lat' dir='ltr'>faeere</span> <span class='ocrx_word' id='word_1_35' title='bbox 755 483 881 524; x_wconf 79' lang='lat' dir='ltr'>plenam</span> <span class='ocrx_word' id='word_1_36' title='bbox 909 483 1015 519; x_wconf 78' lang='lat' dir='ltr'>tidem,</span> <span class='ocrx_word' id='word_1_37' title='bbox 1055 481 1138 578; x_wconf 66' lang='grc'><strong>0051</strong></span> 
     </span>
     <span class='ocr_line' id='line_1_6' title="bbox 125 538 1138 590; baseline -0.007 -16"><span class='ocrx_word' id='word_1_38' title='bbox 125 546 247 580; x_wconf 87' lang='lat' dir='ltr'>tamen,</span> <span class='ocrx_word' id='word_1_39' title='bbox 260 553 316 583; x_wconf 91' lang='lat' dir='ltr'>per</span> <span class='ocrx_word' id='word_1_40' title='bbox 328 543 413 573; x_wconf 87' lang='lat' dir='ltr'>viam</span> <span class='ocrx_word' id='word_1_41' title='bbox 427 542 510 583; x_wconf 84' lang='lat' dir='ltr'>juris</span> <span class='ocrx_word' id='word_1_42' title='bbox 523 544 556 572; x_wconf 89' lang='lat' dir='ltr'>et</span> <span class='ocrx_word' id='word_1_43' title='bbox 572 541 724 581; x_wconf 82' lang='lat' dir='ltr'>equitatis</span> <span class='ocrx_word' id='word_1_44' title='bbox 736 538 914 580; x_wconf 83' lang='lat' dir='ltr'>procedere</span> <span class='ocrx_word' id='word_1_45' title='bbox 927 539 1109 580; x_wconf 76' lang='lat' dir='ltr'>cupienteS,</span> <span class='ocrx_word' id='word_1_46' title='bbox 1136 583 1138 590; x_wconf 33' lang='grc' dir='ltr'><strong><em>Κ</em></strong></span> 
     </span>
     <span class='ocr_line' id='line_1_7' title="bbox 125 595 1138 640; baseline -0.006 -10"><span class='ocrx_word' id='word_1_47' title='bbox 125 599 247 630; x_wconf 89' lang='lat' dir='ltr'>dictum</span> <span class='ocrx_word' id='word_1_48' title='bbox 269 599 449 640; x_wconf 81' lang='lat' dir='ltr'>Philippum</span> <span class='ocrx_word' id='word_1_49' title='bbox 468 608 525 639; x_wconf 87' lang='lat' dir='ltr'>per</span> <span class='ocrx_word' id='word_1_50' title='bbox 546 596 682 628; x_wconf 88' lang='lat' dir='ltr'>eundem</span> <span class='ocrx_word' id='word_1_51' title='bbox 701 595 903 627; x_wconf 81' lang='lat' dir='ltr'>Chimensem</span> <span class='ocrx_word' id='word_1_52' title='bbox 927 595 1111 636; x_wconf 68' lang='lat' dir='ltr'>episcopum</span> <span class='ocrx_word' id='word_1_53' title='bbox 1136 595 1138 615; x_wconf 53' lang='grc'>’1</span> 
     </span>
     <span class='ocr_line' id='line_1_8' title="bbox 126 652 1138 694; baseline -0.006 -8"><span class='ocrx_word' id='word_1_54' title='bbox 126 656 218 686; x_wconf 86' lang='lat' dir='ltr'>citari</span> <span class='ocrx_word' id='word_1_55' title='bbox 239 655 470 691; x_wconf 71' lang='lat' dir='ltr'>mandavimus,</span> <span class='ocrx_word' id='word_1_56' title='bbox 492 657 532 694; x_wconf 23' lang='lat' dir='ltr'>*ut</span> <span class='ocrx_word' id='word_1_57' title='bbox 562 652 646 682; x_wconf 88' lang='lat' dir='ltr'>infra</span> <span class='ocrx_word' id='word_1_58' title='bbox 683 655 808 682; x_wconf 83' lang='lat' dir='ltr'>certum</span> <span class='ocrx_word' id='word_1_59' title='bbox 834 655 974 692; x_wconf 84' lang='lat' dir='ltr'>tempus,</span> <span class='ocrx_word' id='word_1_60' title='bbox 999 661 1056 692; x_wconf 85' lang='lat' dir='ltr'>per</span> <span class='ocrx_word' id='word_1_61' title='bbox 1077 660 1111 681; x_wconf 89' lang='lat' dir='ltr'>se</span> <span class='ocrx_word' id='word_1_62' title='bbox 1136 662 1138 690; x_wconf 55' lang='lat'>¹,</span> 
     </span>
     <span class='ocr_line' id='line_1_9' title="bbox 128 708 1112 753; baseline -0.003 -12"><span class='ocrx_word' id='word_1_63' title='bbox 128 712 179 743; x_wconf 83' lang='lat' dir='ltr'>vel</span> <span class='ocrx_word' id='word_1_64' title='bbox 198 722 253 753; x_wconf 89' lang='lat' dir='ltr'>per</span> <span class='ocrx_word' id='word_1_65' title='bbox 272 712 515 753; x_wconf 75' lang='lat' dir='ltr'>procuratorem</span> <span class='ocrx_word' id='word_1_66' title='bbox 536 709 697 746; x_wconf 77' lang='lat' dir='ltr'>idoneum,</span> <span class='ocrx_word' id='word_1_67' title='bbox 721 709 750 738; x_wconf 89' lang='lat' dir='ltr'>in</span> <span class='ocrx_word' id='word_1_68' title='bbox 778 710 886 739; x_wconf 79' lang='lat' dir='ltr'>nostra</span> <span class='ocrx_word' id='word_1_69' title='bbox 908 708 1112 748; x_wconf 86' lang='lat' dir='ltr'>compareret</span> 
     </span>
     <span class='ocr_line' id='line_1_10' title="bbox 127 764 1111 809; baseline -0.006 -10"><span class='ocrx_word' id='word_1_70' title='bbox 127 768 302 809; x_wconf 75' lang='lat' dir='ltr'>presentia,</span> <span class='ocrx_word' id='word_1_71' title='bbox 320 772 353 797; x_wconf 84' lang='lat' dir='ltr'>et</span> <span class='ocrx_word' id='word_1_72' title='bbox 379 766 572 797; x_wconf 75' lang='lat' dir='ltr'>munitiones</span> <span class='ocrx_word' id='word_1_73' title='bbox 594 768 626 796; x_wconf 91' lang='lat' dir='ltr'>et</span> <span class='ocrx_word' id='word_1_74' title='bbox 658 767 766 796; x_wconf 87' lang='lat' dir='ltr'>castra</span> <span class='ocrx_word' id='word_1_75' title='bbox 799 764 945 806; x_wconf 82' lang='lat' dir='ltr'>ejusdem</span> <span class='ocrx_word' id='word_1_76' title='bbox 971 764 1111 795; x_wconf 76' lang='lat' dir='ltr'>ecclesie</span> 
     </span>
     <span class='ocr_line' id='line_1_11' title="bbox 127 820 1109 863; baseline -0.004 -9"><span class='ocrx_word' id='word_1_77' title='bbox 127 825 155 855; x_wconf 90' lang='lat' dir='ltr'>in</span> <span class='ocrx_word' id='word_1_78' title='bbox 179 823 323 854; x_wconf 86' lang='lat' dir='ltr'>manibus</span> <span class='ocrx_word' id='word_1_79' title='bbox 339 822 439 863; x_wconf 88' lang='lat' dir='ltr'>ipsius</span> <span class='ocrx_word' id='word_1_80' title='bbox 461 822 615 863; x_wconf 74' lang='lat' dir='ltr'>episcopi,</span> <span class='ocrx_word' id='word_1_81' title='bbox 639 821 785 852; x_wconf 83' lang='lat' dir='ltr'>Ecclesie</span> <span class='ocrx_word' id='word_1_82' title='bbox 803 822 946 852; x_wconf 76' lang='lat' dir='ltr'>Romane</span> <span class='ocrx_word' id='word_1_83' title='bbox 968 820 1109 856; x_wconf 89' lang='lat' dir='ltr'>nomine,</span> 
     </span>
     <span class='ocr_line' id='line_1_12' title="bbox 125 876 1111 919; baseline -0.005 -8"><span class='ocrx_word' id='word_1_84' title='bbox 125 880 321 919; x_wconf 69' lang='lat' dir='ltr'>assignaret,</span> <span class='ocrx_word' id='word_1_85' title='bbox 353 888 423 909; x_wconf 88' lang='lat' dir='ltr'>cnm</span> <span class='ocrx_word' id='word_1_86' title='bbox 459 878 651 908; x_wconf 80' lang='lat' dir='ltr'>haberemus</span> <span class='ocrx_word' id='word_1_87' title='bbox 686 878 788 918; x_wconf 89' lang='lat' dir='ltr'>ipsum</span> <span class='ocrx_word' id='word_1_88' title='bbox 817 877 856 908; x_wconf 88' lang='lat' dir='ltr'>de</span> <span class='ocrx_word' id='word_1_89' title='bbox 883 876 1111 917; x_wconf 76' lang='lat' dir='ltr'>dilapidatione</span> 
     </span>
     <span class='ocr_line' id='line_1_13' title="bbox 125 933 1111 976; baseline -0.003 -10"><span class='ocrx_word' id='word_1_90' title='bbox 125 936 323 976; x_wconf 87' lang='lat' dir='ltr'>suspectum.</span> <span class='ocrx_word' id='word_1_91' title='bbox 356 935 400 965; x_wconf 89' lang='lat' dir='ltr'>Eo</span> <span class='ocrx_word' id='word_1_92' title='bbox 434 935 544 974; x_wconf 85' lang='lat' dir='ltr'>itaque</span> <span class='ocrx_word' id='word_1_93' title='bbox 575 944 633 976; x_wconf 91' lang='lat' dir='ltr'>per</span> <span class='ocrx_word' id='word_1_94' title='bbox 660 934 761 975; x_wconf 91' lang='lat' dir='ltr'>ipsum</span> <span class='ocrx_word' id='word_1_95' title='bbox 797 934 985 974; x_wconf 85' lang='lat' dir='ltr'>episcopum</span> <span class='ocrx_word' id='word_1_96' title='bbox 1016 933 1111 974; x_wconf 81' lang='lat' dir='ltr'>juxta</span> 
     </span>
     <span class='ocr_line' id='line_1_14' title="bbox 124 989 1137 1032; baseline -0.003 -10"><span class='ocrx_word' id='word_1_97' title='bbox 124 990 305 1032; x_wconf 88' lang='lat' dir='ltr'>hujusmodi</span> <span class='ocrx_word' id='word_1_98' title='bbox 326 991 511 1022; x_wconf 85' lang='lat' dir='ltr'>mandatum</span> <span class='ocrx_word' id='word_1_99' title='bbox 535 994 678 1021; x_wconf 81' lang='lat' dir='ltr'>nostrum</span> <span class='ocrx_word' id='word_1_100' title='bbox 700 991 813 1027; x_wconf 80' lang='lat' dir='ltr'>citato,</span> <span class='ocrx_word' id='word_1_101' title='bbox 834 989 1004 1020; x_wconf 82' lang='lat' dir='ltr'>Albericus</span> <span class='ocrx_word' id='word_1_102' title='bbox 1025 989 1110 1030; x_wconf 85' lang='lat' dir='ltr'>ejus-</span> <span class='ocrx_word' id='word_1_103' title='bbox 1135 992 1137 1002; x_wconf 81' lang='lat'><strong>¹</strong></span> 
     </span>
     <span class='ocr_line' id='line_1_15' title="bbox 123 1045 1110 1088; baseline -0.003 -10"><span class='ocrx_word' id='word_1_104' title='bbox 123 1047 192 1078; x_wconf 90' lang='lat' dir='ltr'>dem</span> <span class='ocrx_word' id='word_1_105' title='bbox 215 1047 355 1088; x_wconf 88' lang='lat' dir='ltr'>Philippi</span> <span class='ocrx_word' id='word_1_106' title='bbox 373 1047 523 1084; x_wconf 91' lang='lat' dir='ltr'>clericus,</span> <span class='ocrx_word' id='word_1_107' title='bbox 541 1046 593 1077; x_wconf 91' lang='lat' dir='ltr'>diu</span> <span class='ocrx_word' id='word_1_108' title='bbox 612 1050 685 1088; x_wconf 91' lang='lat' dir='ltr'>post</span> <span class='ocrx_word' id='word_1_109' title='bbox 706 1046 907 1087; x_wconf 81' lang='lat' dir='ltr'>assignatum</span> <span class='ocrx_word' id='word_1_110' title='bbox 924 1045 982 1076; x_wconf 88' lang='grc'><strong>51111</strong></span> <span class='ocrx_word' id='word_1_111' title='bbox 998 1045 1110 1076; x_wconf 88' lang='lat' dir='ltr'>termi-</span> 
     </span>
     <span class='ocr_line' id='line_1_16' title="bbox 123 1101 1136 1144; baseline -0.001 -11"><span class='ocrx_word' id='word_1_112' title='bbox 123 1114 198 1134; x_wconf 91' lang='lat' dir='ltr'>num</span> <span class='ocrx_word' id='word_1_113' title='bbox 223 1104 403 1144; x_wconf 78' lang='lat' dir='ltr'>comparuit</span> <span class='ocrx_word' id='word_1_114' title='bbox 423 1113 531 1134; x_wconf 85' lang='lat' dir='ltr'>coram</span> <span class='ocrx_word' id='word_1_115' title='bbox 549 1103 652 1141; x_wconf 67' lang='lat' dir='ltr'>nobis,</span> <span class='ocrx_word' id='word_1_116' title='bbox 669 1103 823 1143; x_wconf 82' lang='lat' dir='ltr'>quosdam</span> <span class='ocrx_word' id='word_1_117' title='bbox 844 1102 945 1143; x_wconf 75' lang='lat' dir='ltr'>ipsius</span> <span class='ocrx_word' id='word_1_118' title='bbox 972 1101 1109 1142; x_wconf 84' lang='lat' dir='ltr'>Philippi</span> <span class='ocrx_word' id='word_1_119' title='bbox 1135 1105 1136 1132; x_wconf 75' lang='grc'>1</span> 
     </span>
     <span class='ocr_line' id='line_1_17' title="bbox 123 1158 1136 1201; baseline -0.002 -11"><span class='ocrx_word' id='word_1_120' title='bbox 123 1160 250 1191; x_wconf 88' lang='lat' dir='ltr'>nuntios</span> <span class='ocrx_word' id='word_1_121' title='bbox 271 1170 288 1190; x_wconf 87' lang='lat' dir='ltr'>a</span> <span class='ocrx_word' id='word_1_122' title='bbox 309 1170 344 1190; x_wconf 87' lang='lat' dir='ltr'>se</span> <span class='ocrx_word' id='word_1_123' title='bbox 365 1161 480 1191; x_wconf 81' lang='lat' dir='ltr'>missos</span> <span class='ocrx_word' id='word_1_124' title='bbox 502 1165 633 1201; x_wconf 88' lang='lat' dir='ltr'>propter</span> <span class='ocrx_word' id='word_1_125' title='bbox 656 1160 714 1190; x_wconf 87' lang='lat' dir='ltr'>hoc</span> <span class='ocrx_word' id='word_1_126' title='bbox 746 1159 782 1190; x_wconf 88' lang='lat' dir='ltr'>ad</span> <span class='ocrx_word' id='word_1_127' title='bbox 812 1159 926 1189; x_wconf 86' lang='lat' dir='ltr'>Sedem</span> <span class='ocrx_word' id='word_1_128' title='bbox 949 1158 1109 1199; x_wconf 84' lang='lat' dir='ltr'>Apostoli-</span> <span class='ocrx_word' id='word_1_129' title='bbox 1134 1166 1136 1182; x_wconf 64' lang='lat'>»¹</span> 
     </span>
     <span class='ocr_line' id='line_1_18' title="bbox 123 1214 1109 1255; baseline -0.003 -8"><span class='ocrx_word' id='word_1_130' title='bbox 123 1227 205 1254; x_wconf 87' lang='lat' dir='ltr'>cam,</span> <span class='ocrx_word' id='word_1_131' title='bbox 228 1221 261 1246; x_wconf 90' lang='lat' dir='ltr'>ut</span> <span class='ocrx_word' id='word_1_132' title='bbox 282 1216 423 1254; x_wconf 78' lang='lat' dir='ltr'>dicebat,</span> <span class='ocrx_word' id='word_1_133' title='bbox 446 1226 599 1247; x_wconf 87' lang='lat' dir='ltr'>asserens</span> <span class='ocrx_word' id='word_1_134' title='bbox 620 1226 700 1247; x_wconf 80' lang='grc'><strong>111101·</strong></span> <span class='ocrx_word' id='word_1_135' title='bbox 728 1216 756 1245; x_wconf 88' lang='grc'>111</span> <span class='ocrx_word' id='word_1_136' title='bbox 799 1214 1008 1255; x_wconf 70' lang='lat' dir='ltr'>Aquilegensi</span> <span class='ocrx_word' id='word_1_137' title='bbox 1036 1224 1109 1255; x_wconf 89' lang='lat' dir='ltr'>pro-</span> 
     </span>
     <span class='ocr_line' id='line_1_19' title="bbox 122 1269 1109 1314; baseline -0.002 -11"><span class='ocrx_word' id='word_1_138' title='bbox 122 1273 240 1309; x_wconf 87' lang='lat' dir='ltr'>vincia,</span> <span class='ocrx_word' id='word_1_139' title='bbox 261 1283 342 1303; x_wconf 82' lang='lat' dir='ltr'>nunc</span> <span class='ocrx_word' id='word_1_140' title='bbox 363 1273 394 1303; x_wconf 93' lang='grc'>10</span> <span class='ocrx_word' id='word_1_141' title='bbox 424 1283 526 1313; x_wconf 80' lang='lat' dir='ltr'>regno</span> <span class='ocrx_word' id='word_1_142' title='bbox 557 1273 700 1313; x_wconf 80' lang='lat' dir='ltr'>Ungarie</span> <span class='ocrx_word' id='word_1_143' title='bbox 721 1272 918 1314; x_wconf 81' lang='lat' dir='ltr'>captivatos,</span> <span class='ocrx_word' id='word_1_144' title='bbox 950 1271 1028 1301; x_wconf 86' lang='lat' dir='ltr'>licet</span> <span class='ocrx_word' id='word_1_145' title='bbox 1049 1269 1109 1301; x_wconf 81' lang='lat' dir='ltr'>hoc</span> 
     </span>
     <span class='ocr_line' id='line_1_20' title="bbox 122 1327 1109 1370; baseline -0.003 -10"><span class='ocrx_word' id='word_1_146' title='bbox 122 1332 224 1360; x_wconf 88' lang='lat' dir='ltr'>totum</span> <span class='ocrx_word' id='word_1_147' title='bbox 256 1339 298 1359; x_wconf 75' lang='lat' dir='ltr'>ex</span> <span class='ocrx_word' id='word_1_148' title='bbox 336 1330 428 1370; x_wconf 83' lang='lat' dir='ltr'>parte</span> <span class='ocrx_word' id='word_1_149' title='bbox 461 1329 537 1359; x_wconf 84' lang='lat' dir='ltr'>dicti</span> <span class='ocrx_word' id='word_1_150' title='bbox 570 1328 701 1370; x_wconf 82' lang='lat' dir='ltr'>capituli</span> <span class='ocrx_word' id='word_1_151' title='bbox 745 1329 934 1369; x_wconf 70' lang='lat' dir='ltr'>negaretur.</span> <span class='ocrx_word' id='word_1_152' title='bbox 968 1327 1109 1368; x_wconf 89' lang='lat' dir='ltr'>Negotio</span> 
     </span>
     <span class='ocr_line' id='line_1_21' title="bbox 122 1384 1108 1426; baseline -0.003 -10"><span class='ocrx_word' id='word_1_153' title='bbox 122 1388 229 1417; x_wconf 88' lang='lat' dir='ltr'>autem</span> <span class='ocrx_word' id='word_1_154' title='bbox 245 1384 427 1426; x_wconf 77' lang='lat' dir='ltr'>hujusmodi</span> <span class='ocrx_word' id='word_1_155' title='bbox 446 1385 629 1425; x_wconf 74' lang='lat' dir='ltr'>aliquandiu</span> <span class='ocrx_word' id='word_1_156' title='bbox 650 1386 680 1415; x_wconf 93' lang='lat' dir='ltr'>in</span> <span class='ocrx_word' id='word_1_157' title='bbox 707 1387 819 1416; x_wconf 83' lang='lat' dir='ltr'>nostra</span> <span class='ocrx_word' id='word_1_158' title='bbox 843 1385 1007 1426; x_wconf 82' lang='lat' dir='ltr'>presentia</span> <span class='ocrx_word' id='word_1_159' title='bbox 1033 1394 1108 1414; x_wconf 86' lang='lat' dir='ltr'>ven-</span> 
     </span>
     <span class='ocr_line' id='line_1_22' title="bbox 121 1442 1109 1483; baseline -0.002 -10"><span class='ocrx_word' id='word_1_160' title='bbox 121 1443 227 1479; x_wconf 78' lang='lat' dir='ltr'>tilato,</span> <span class='ocrx_word' id='word_1_161' title='bbox 247 1442 321 1473; x_wconf 89' lang='lat' dir='ltr'>dnm</span> <span class='ocrx_word' id='word_1_162' title='bbox 343 1442 479 1473; x_wconf 89' lang='lat' dir='ltr'>eundem</span> <span class='ocrx_word' id='word_1_163' title='bbox 504 1442 686 1483; x_wconf 86' lang='lat' dir='ltr'>Philippum</span> <span class='ocrx_word' id='word_1_164' title='bbox 715 1444 942 1483; x_wconf 83' lang='lat' dir='ltr'>reputaremus</span> <span class='ocrx_word' id='word_1_165' title='bbox 970 1450 1011 1471; x_wconf 85' lang='lat' dir='ltr'>ex</span> <span class='ocrx_word' id='word_1_166' title='bbox 1037 1450 1109 1481; x_wconf 90' lang='lat' dir='ltr'>pre-</span> 
     </span>
     <span class='ocr_line' id='line_1_23' title="bbox 122 1497 1105 1534; baseline -0.003 -5"><span class='ocrx_word' id='word_1_167' title='bbox 122 1499 230 1529; x_wconf 86' lang='lat' dir='ltr'>missis</span> <span class='ocrx_word' id='word_1_168' title='bbox 249 1509 310 1529; x_wconf 85' lang='grc'><strong>11011</strong></span> <span class='ocrx_word' id='word_1_169' title='bbox 331 1499 492 1529; x_wconf 86' lang='lat' dir='ltr'>immerito</span> <span class='ocrx_word' id='word_1_170' title='bbox 520 1500 757 1531; x_wconf 80' lang='lat' dir='ltr'>contumacem.</span> <span class='ocrx_word' id='word_1_171' title='bbox 786 1498 891 1529; x_wconf 89' lang='lat' dir='ltr'>dictus</span> <span class='ocrx_word' id='word_1_172' title='bbox 921 1497 1105 1534; x_wconf 80' lang='lat' dir='ltr'>Albericus,</span> 
     </span>
    </p>
   </div>
   <div class='ocr_carea' id='block_1_5' title="bbox 1133 748 1139 1547">
    <p class='ocr_par' dir='ltr' id='par_1_5' title="bbox 1133 748 1139 1547">
     <span class='ocr_line' id='line_1_24' title="bbox 1133 748 1139 1547; baseline 0 0"><span class='ocrx_word' id='word_1_173' title='bbox 1133 748 1139 1547; x_wconf 95' lang='lat' dir='ltr'> </span> 
     </span>
    </p>
   </div>
   <div class='ocr_carea' id='block_1_6' title="bbox 118 1555 1110 2385">
    <p class='ocr_par' dir='ltr' id='par_1_6' title="bbox 118 1555 1110 2385">
     <span class='ocr_line' id='line_1_25' title="bbox 121 1555 1108 1597; baseline -0.002 -11"><span class='ocrx_word' id='word_1_174' title='bbox 121 1565 271 1586; x_wconf 86' lang='lat' dir='ltr'>asserens</span> <span class='ocrx_word' id='word_1_175' title='bbox 287 1565 321 1586; x_wconf 86' lang='lat' dir='ltr'>se</span> <span class='ocrx_word' id='word_1_176' title='bbox 342 1557 589 1597; x_wconf 87' lang='lat' dir='ltr'>procuratorem</span> <span class='ocrx_word' id='word_1_177' title='bbox 610 1555 757 1597; x_wconf 83' lang='lat' dir='ltr'>ejusdem</span> <span class='ocrx_word' id='word_1_178' title='bbox 779 1555 935 1595; x_wconf 76' lang='lat' dir='ltr'>quoddam</span> <span class='ocrx_word' id='word_1_179' title='bbox 957 1564 1108 1595; x_wconf 86' lang='lat' dir='ltr'>procura-</span> 
     </span>
     <span class='ocr_line' id='line_1_26' title="bbox 121 1610 1107 1652; baseline -0.002 -10"><span class='ocrx_word' id='word_1_180' title='bbox 121 1612 236 1642; x_wconf 86' lang='lat' dir='ltr'>torium</span> <span class='ocrx_word' id='word_1_181' title='bbox 256 1622 364 1642; x_wconf 81' lang='lat' dir='ltr'>coram</span> <span class='ocrx_word' id='word_1_182' title='bbox 384 1612 475 1643; x_wconf 92' lang='lat' dir='ltr'>nobis</span> <span class='ocrx_word' id='word_1_183' title='bbox 496 1612 653 1650; x_wconf 83' lang='lat' dir='ltr'>exhibuit,</span> <span class='ocrx_word' id='word_1_184' title='bbox 666 1612 848 1643; x_wconf 85' lang='lat' dir='ltr'>defensioni</span> <span class='ocrx_word' id='word_1_185' title='bbox 870 1611 1008 1652; x_wconf 75' lang='lat' dir='ltr'>predicti</span> <span class='ocrx_word' id='word_1_186' title='bbox 1033 1610 1107 1640; x_wconf 78' lang='lat' dir='ltr'>Phi-</span> 
     </span>
     <span class='ocr_line' id='line_1_27' title="bbox 122 1667 1108 1709; baseline -0.001 -11"><span class='ocrx_word' id='word_1_187' title='bbox 122 1668 199 1709; x_wconf 91' lang='lat' dir='ltr'>lippi</span> <span class='ocrx_word' id='word_1_188' title='bbox 221 1677 255 1698; x_wconf 93' lang='lat' dir='ltr'>se</span> <span class='ocrx_word' id='word_1_189' title='bbox 275 1668 500 1699; x_wconf 83' lang='lat' dir='ltr'>nichilominus</span> <span class='ocrx_word' id='word_1_190' title='bbox 540 1668 718 1699; x_wconf 85' lang='lat' dir='ltr'>offerendo.</span> <span class='ocrx_word' id='word_1_191' title='bbox 755 1669 858 1709; x_wconf 87' lang='lat' dir='ltr'>Super</span> <span class='ocrx_word' id='word_1_192' title='bbox 883 1677 942 1708; x_wconf 87' lang='lat' dir='ltr'>quo</span> <span class='ocrx_word' id='word_1_193' title='bbox 968 1667 1108 1698; x_wconf 90' lang='lat' dir='ltr'>dilectos</span> 
     </span>
     <span class='ocr_line' id='line_1_28' title="bbox 120 1723 1108 1766; baseline -0.001 -12"><span class='ocrx_word' id='word_1_194' title='bbox 120 1723 202 1755; x_wconf 83' lang='lat' dir='ltr'>filios</span> <span class='ocrx_word' id='word_1_195' title='bbox 222 1727 352 1755; x_wconf 89' lang='lat' dir='ltr'>nostros</span> <span class='ocrx_word' id='word_1_196' title='bbox 372 1725 412 1755; x_wconf 92' lang='lat' dir='ltr'>H.</span> <span class='ocrx_word' id='word_1_197' title='bbox 435 1725 521 1755; x_wconf 91' lang='lat' dir='ltr'>tituli</span> <span class='ocrx_word' id='word_1_198' title='bbox 543 1725 661 1756; x_wconf 88' lang='lat' dir='ltr'>Sancte</span> <span class='ocrx_word' id='word_1_199' title='bbox 690 1724 806 1755; x_wconf 82' lang='lat' dir='ltr'>Sabine</span> <span class='ocrx_word' id='word_1_200' title='bbox 833 1724 1048 1766; x_wconf 85' lang='lat' dir='ltr'>presbiterum</span> <span class='ocrx_word' id='word_1_201' title='bbox 1076 1725 1108 1754; x_wconf 90' lang='lat' dir='ltr'>et</span> 
     </span>
     <span class='ocr_line' id='line_1_29' title="bbox 121 1779 1109 1822; baseline -0.001 -12"><span class='ocrx_word' id='word_1_202' title='bbox 121 1781 158 1811; x_wconf 87' lang='lat' dir='ltr'>P.</span> <span class='ocrx_word' id='word_1_203' title='bbox 177 1780 288 1811; x_wconf 81' lang='lat' dir='ltr'>Sancti</span> <span class='ocrx_word' id='word_1_204' title='bbox 303 1781 436 1822; x_wconf 79' lang='lat' dir='ltr'>Georgii</span> <span class='ocrx_word' id='word_1_205' title='bbox 457 1781 496 1812; x_wconf 89' lang='lat' dir='ltr'>ad</span> <span class='ocrx_word' id='word_1_206' title='bbox 509 1781 625 1812; x_wconf 85' lang='lat' dir='ltr'>Veluni</span> <span class='ocrx_word' id='word_1_207' title='bbox 646 1781 791 1811; x_wconf 90' lang='lat' dir='ltr'>Aureum</span> <span class='ocrx_word' id='word_1_208' title='bbox 812 1781 981 1811; x_wconf 83' lang='lat' dir='ltr'>diaconum</span> <span class='ocrx_word' id='word_1_209' title='bbox 1002 1779 1109 1810; x_wconf 90' lang='lat' dir='ltr'>cardi—</span> 
     </span>
     <span class='ocr_line' id='line_1_30' title="bbox 120 1836 1109 1878; baseline 0 -12"><span class='ocrx_word' id='word_1_210' title='bbox 120 1836 209 1867; x_wconf 88' lang='lat' dir='ltr'>nales</span> <span class='ocrx_word' id='word_1_211' title='bbox 234 1836 380 1867; x_wconf 85' lang='lat' dir='ltr'>dedimus</span> <span class='ocrx_word' id='word_1_212' title='bbox 408 1837 552 1878; x_wconf 87' lang='lat' dir='ltr'>partibus</span> <span class='ocrx_word' id='word_1_213' title='bbox 581 1838 757 1872; x_wconf 73' lang='lat' dir='ltr'>auditores,</span> <span class='ocrx_word' id='word_1_214' title='bbox 785 1837 987 1873; x_wconf 88' lang='lat' dir='ltr'>mandantes,</span> <span class='ocrx_word' id='word_1_215' title='bbox 1017 1839 1050 1867; x_wconf 89' lang='lat' dir='ltr'>ut</span> <span class='ocrx_word' id='word_1_216' title='bbox 1071 1836 1109 1867; x_wconf 89' lang='lat' dir='ltr'>de</span> 
     </span>
     <span class='ocr_line' id='line_1_31' title="bbox 119 1893 1109 1936; baseline 0 -13"><span class='ocrx_word' id='word_1_217' title='bbox 119 1893 212 1933; x_wconf 89' lang='lat' dir='ltr'>plano</span> <span class='ocrx_word' id='word_1_218' title='bbox 234 1896 266 1924; x_wconf 92' lang='lat' dir='ltr'>et</span> <span class='ocrx_word' id='word_1_219' title='bbox 288 1894 356 1924; x_wconf 90' lang='grc'><strong>51116</strong></span> <span class='ocrx_word' id='word_1_220' title='bbox 373 1893 488 1935; x_wconf 82' lang='lat' dir='ltr'>judicii</span> <span class='ocrx_word' id='word_1_221' title='bbox 513 1895 650 1936; x_wconf 88' lang='lat' dir='ltr'>strepitu</span> <span class='ocrx_word' id='word_1_222' title='bbox 670 1894 846 1935; x_wconf 80' lang='lat' dir='ltr'>diligenter</span> <span class='ocrx_word' id='word_1_223' title='bbox 866 1893 1029 1930; x_wconf 81' lang='lat' dir='ltr'>audirent,</span> <span class='ocrx_word' id='word_1_224' title='bbox 1048 1903 1109 1933; x_wconf 89' lang='lat' dir='ltr'>que</span> 
     </span>
     <span class='ocr_line' id='line_1_32' title="bbox 122 1950 1110 1991; baseline 0.001 -12"><span class='ocrx_word' id='word_1_225' title='bbox 122 1951 233 1990; x_wconf 85' lang='lat' dir='ltr'>partes</span> <span class='ocrx_word' id='word_1_226' title='bbox 253 1950 377 1980; x_wconf 85' lang='lat' dir='ltr'>vellent</span> <span class='ocrx_word' id='word_1_227' title='bbox 396 1961 576 1991; x_wconf 84' lang='lat' dir='ltr'>proponere</span> <span class='ocrx_word' id='word_1_228' title='bbox 599 1961 706 1981; x_wconf 84' lang='lat' dir='ltr'>coram</span> <span class='ocrx_word' id='word_1_229' title='bbox 722 1951 781 1981; x_wconf 87' lang='lat' dir='ltr'>eis.</span> <span class='ocrx_word' id='word_1_230' title='bbox 810 1951 984 1981; x_wconf 87' lang='lat' dir='ltr'>Premissis</span> <span class='ocrx_word' id='word_1_231' title='bbox 1008 1950 1110 1991; x_wconf 79' lang='lat' dir='ltr'>igitur</span> 
     </span>
     <span class='ocr_line' id='line_1_33' title="bbox 122 2005 1108 2048; baseline 0.001 -13"><span class='ocrx_word' id='word_1_232' title='bbox 122 2005 153 2035; x_wconf 89' lang='lat' dir='ltr'>in</span> <span class='ocrx_word' id='word_1_233' title='bbox 174 2006 313 2046; x_wconf 87' lang='lat' dir='ltr'>ipsorum</span> <span class='ocrx_word' id='word_1_234' title='bbox 336 2007 499 2047; x_wconf 72' lang='lat' dir='ltr'>presentia</span> <span class='ocrx_word' id='word_1_235' title='bbox 519 2017 559 2037; x_wconf 80' lang='lat' dir='ltr'>ex</span> <span class='ocrx_word' id='word_1_236' title='bbox 582 2009 676 2048; x_wconf 88' lang='lat' dir='ltr'>parte</span> <span class='ocrx_word' id='word_1_237' title='bbox 700 2010 946 2047; x_wconf 75' lang='lat' dir='ltr'>procuratorum</span> <span class='ocrx_word' id='word_1_238' title='bbox 961 2006 1108 2047; x_wconf 78' lang='lat' dir='ltr'>ejusdem</span> 
     </span>
     <span class='ocr_line' id='line_1_34' title="bbox 121 2062 1108 2104; baseline 0.001 -12"><span class='ocrx_word' id='word_1_239' title='bbox 121 2062 552 2103; x_wconf 65' lang='lat' dir='ltr'>capituli1·epetitis.dictns</span> <span class='ocrx_word' id='word_1_240' title='bbox 579 2063 750 2094; x_wconf 85' lang='lat' dir='ltr'>Albericus</span> <span class='ocrx_word' id='word_1_241' title='bbox 786 2063 952 2104; x_wconf 89' lang='lat' dir='ltr'>proposuit</span> <span class='ocrx_word' id='word_1_242' title='bbox 980 2073 1023 2094; x_wconf 80' lang='lat' dir='ltr'>ex</span> <span class='ocrx_word' id='word_1_243' title='bbox 1055 2062 1108 2093; x_wconf 88' lang='lat' dir='ltr'>ad-</span> 
     </span>
     <span class='ocr_line' id='line_1_35' title="bbox 120 2118 1108 2161; baseline 0.002 -14"><span class='ocrx_word' id='word_1_244' title='bbox 120 2128 227 2156; x_wconf 82' lang='lat' dir='ltr'>verso,</span> <span class='ocrx_word' id='word_1_245' title='bbox 254 2118 335 2158; x_wconf 83' lang='lat' dir='ltr'>quod</span> <span class='ocrx_word' id='word_1_246' title='bbox 368 2121 548 2161; x_wconf 84' lang='lat' dir='ltr'>prepositus</span> <span class='ocrx_word' id='word_1_247' title='bbox 573 2125 605 2150; x_wconf 86' lang='lat' dir='ltr'>et</span> <span class='ocrx_word' id='word_1_248' title='bbox 625 2121 799 2150; x_wconf 83' lang='lat' dir='ltr'>canonicus</span> <span class='ocrx_word' id='word_1_249' title='bbox 831 2120 1008 2161; x_wconf 77' lang='lat' dir='ltr'>supradicti</span> <span class='ocrx_word' id='word_1_250' title='bbox 1047 2130 1108 2149; x_wconf 90' lang='grc'><strong>11011</strong></span> 
     </span>
     <span class='ocr_line' id='line_1_36' title="bbox 120 2176 1107 2217; baseline 0.002 -13"><span class='ocrx_word' id='word_1_251' title='bbox 120 2178 213 2205; x_wconf 86' lang='lat' dir='ltr'>erant</span> <span class='ocrx_word' id='word_1_252' title='bbox 234 2186 293 2205; x_wconf 89' lang='lat' dir='ltr'>nec</span> <span class='ocrx_word' id='word_1_253' title='bbox 324 2186 397 2206; x_wconf 84' lang='lat' dir='ltr'>esse</span> <span class='ocrx_word' id='word_1_254' title='bbox 428 2178 577 2217; x_wconf 89' lang='lat' dir='ltr'>poteraut</span> <span class='ocrx_word' id='word_1_255' title='bbox 607 2178 835 2217; x_wconf 76' lang='lat' dir='ltr'>procuratores</span> <span class='ocrx_word' id='word_1_256' title='bbox 868 2176 1012 2217; x_wconf 86' lang='lat' dir='ltr'>capituli,</span> <span class='ocrx_word' id='word_1_257' title='bbox 1036 2186 1107 2206; x_wconf 88' lang='lat' dir='ltr'>cum</span> 
     </span>
     <span class='ocr_line' id='line_1_37' title="bbox 119 2230 1104 2273; baseline 0.002 -12"><span class='ocrx_word' id='word_1_258' title='bbox 119 2230 224 2262; x_wconf 85' lang='lat' dir='ltr'>eidem</span> <span class='ocrx_word' id='word_1_259' title='bbox 245 2232 392 2273; x_wconf 87' lang='lat' dir='ltr'>Philippo</span> <span class='ocrx_word' id='word_1_260' title='bbox 418 2232 522 2273; x_wconf 83' lang='lat' dir='ltr'>major</span> <span class='ocrx_word' id='word_1_261' title='bbox 542 2243 615 2273; x_wconf 88' lang='lat' dir='ltr'>pars</span> <span class='ocrx_word' id='word_1_262' title='bbox 640 2233 739 2273; x_wconf 86' lang='lat' dir='ltr'>ipsius</span> <span class='ocrx_word' id='word_1_263' title='bbox 760 2233 891 2273; x_wconf 87' lang='lat' dir='ltr'>capituli</span> <span class='ocrx_word' id='word_1_264' title='bbox 917 2232 1104 2269; x_wconf 82' lang='lat' dir='ltr'>adhereret,</span> 
     </span>
     <span class='ocr_line' id='line_1_38' title="bbox 120 2288 1107 2331; baseline 0.002 -14"><span class='ocrx_word' id='word_1_265' title='bbox 120 2298 215 2328; x_wconf 89' lang='lat' dir='ltr'>super</span> <span class='ocrx_word' id='word_1_266' title='bbox 232 2288 289 2318; x_wconf 78' lang='lat' dir='ltr'>hoc</span> <span class='ocrx_word' id='word_1_267' title='bbox 310 2288 439 2319; x_wconf 81' lang='lat' dir='ltr'>litteras</span> <span class='ocrx_word' id='word_1_268' title='bbox 465 2289 619 2329; x_wconf 88' lang='lat' dir='ltr'>quasdam</span> <span class='ocrx_word' id='word_1_269' title='bbox 649 2289 837 2320; x_wconf 69' lang='lat' dir='ltr'>ostendens.</span> <span class='ocrx_word' id='word_1_270' title='bbox 868 2292 1001 2331; x_wconf 83' lang='lat' dir='ltr'>propter</span> <span class='ocrx_word' id='word_1_271' title='bbox 1025 2288 1107 2330; x_wconf 84' lang='lat' dir='ltr'>quod</span> 
     </span>
     <span class='ocr_line' id='line_1_39' title="bbox 118 2343 1104 2385; baseline 0.002 -12"><span class='ocrx_word' id='word_1_272' title='bbox 118 2343 177 2384; x_wconf 91' lang='lat' dir='ltr'>ipsi</span> <span class='ocrx_word' id='word_1_273' title='bbox 198 2346 348 2384; x_wconf 78' lang='lat' dir='ltr'>tanquam</span> <span class='ocrx_word' id='word_1_274' title='bbox 371 2345 443 2375; x_wconf 82' lang='lat' dir='ltr'>salsi</span> <span class='ocrx_word' id='word_1_275' title='bbox 465 2347 695 2385; x_wconf 82' lang='lat' dir='ltr'>procuratores</span> <span class='ocrx_word' id='word_1_276' title='bbox 711 2355 770 2375; x_wconf 91' lang='grc'><strong>11011</strong></span> <span class='ocrx_word' id='word_1_277' title='bbox 788 2345 949 2376; x_wconf 66' lang='lat' dir='ltr'>debebant</span> <span class='ocrx_word' id='word_1_278' title='bbox 967 2345 1104 2376; x_wconf 85' lang='lat' dir='ltr'>admitti.</span> 
     </span>
    </p>
   </div>
   <div class='ocr_carea' id='block_1_7' title="bbox 117 2399 1133 2443">
    <p class='ocr_par' dir='ltr' id='par_1_7' title="bbox 117 2399 1133 2443">
     <span class='ocr_line' id='line_1_40' title="bbox 117 2399 1133 2443; baseline 0.003 -14"><span class='ocrx_word' id='word_1_279' title='bbox 117 2399 165 2430; x_wconf 86' lang='lat' dir='ltr'>Ad</span> <span class='ocrx_word' id='word_1_280' title='bbox 195 2401 440 2432; x_wconf 81' lang='lat' dir='ltr'>excusationem</span> <span class='ocrx_word' id='word_1_281' title='bbox 469 2412 592 2442; x_wconf 85' lang='lat' dir='ltr'>quoque</span> <span class='ocrx_word' id='word_1_282' title='bbox 630 2402 707 2432; x_wconf 73' lang='lat' dir='ltr'>dicti</span> <span class='ocrx_word' id='word_1_283' title='bbox 734 2402 870 2442; x_wconf 89' lang='lat' dir='ltr'>Philippi</span> <span class='ocrx_word' id='word_1_284' title='bbox 908 2402 1107 2443; x_wconf 79' lang='lat' dir='ltr'>proponebat</span> <span class='ocrx_word' id='word_1_285' title='bbox 1132 2412 1133 2428; x_wconf 74' lang='lat'>1</span> 
     </span>
    </p>
   </div>
   <div class='ocr_carea' id='block_1_8' title="bbox 119 2456 1133 2503">
    <p class='ocr_par' dir='ltr' id='par_1_8' title="bbox 119 2456 1133 2503">
     <span class='ocr_line' id='line_1_41' title="bbox 119 2456 1133 2503; baseline 0.003 -17"><span class='ocrx_word' id='word_1_286' title='bbox 119 2465 190 2486; x_wconf 89' lang='lat' dir='ltr'>eum</span> <span class='ocrx_word' id='word_1_287' title='bbox 206 2456 400 2498; x_wconf 80' lang='lat' dir='ltr'>sollempnes</span> <span class='ocrx_word' id='word_1_288' title='bbox 420 2459 550 2488; x_wconf 86' lang='lat' dir='ltr'>nuntios</span> <span class='ocrx_word' id='word_1_289' title='bbox 572 2458 755 2489; x_wconf 82' lang='lat' dir='ltr'>destinasse</span> <span class='ocrx_word' id='word_1_290' title='bbox 773 2457 811 2488; x_wconf 83' lang='lat' dir='ltr'>ad</span> <span class='ocrx_word' id='word_1_291' title='bbox 827 2458 943 2489; x_wconf 79' lang='lat' dir='ltr'>Sedem</span> <span class='ocrx_word' id='word_1_292' title='bbox 965 2459 1106 2499; x_wconf 85' lang='lat' dir='ltr'>Aposto—</span> <span class='ocrx_word' id='word_1_293' title='bbox 1132 2499 1133 2503; x_wconf 15' lang='grc' dir='ltr'><strong>Ἰ</strong></span> 
     </span>
    </p>
   </div>
   <div class='ocr_carea' id='block_1_9' title="bbox 117 2511 1107 2556">
    <p class='ocr_par' dir='ltr' id='par_1_9' title="bbox 117 2511 1107 2556">
     <span class='ocr_line' id='line_1_42' title="bbox 117 2511 1107 2556; baseline 0.003 -14"><span class='ocrx_word' id='word_1_294' title='bbox 117 2511 211 2543; x_wconf 84' lang='lat' dir='ltr'>licam</span> <span class='ocrx_word' id='word_1_295' title='bbox 240 2513 323 2544; x_wconf 79' lang='lat' dir='ltr'>infra</span> <span class='ocrx_word' id='word_1_296' title='bbox 350 2516 499 2554; x_wconf 88' lang='lat' dir='ltr'>tempora</span> <span class='ocrx_word' id='word_1_297' title='bbox 530 2515 772 2546; x_wconf 80' lang='lat' dir='ltr'>constitutionis</span> <span class='ocrx_word' id='word_1_298' title='bbox 805 2515 953 2555; x_wconf 81' lang='lat' dir='ltr'>predicte</span> <span class='ocrx_word' id='word_1_299' title='bbox 981 2515 1019 2546; x_wconf 86' lang='lat' dir='ltr'>ad</span> <span class='ocrx_word' id='word_1_300' title='bbox 1050 2526 1107 2556; x_wconf 49' lang='grc' dir='ltr'>116κ</span> 
     </span>
    </p>
   </div>
   <div class='ocr_carea' id='block_1_10' title="bbox 118 2569 1132 2612">
    <p class='ocr_par' dir='ltr' id='par_1_10' title="bbox 118 2569 1132 2612">
     <span class='ocr_line' id='line_1_43' title="bbox 118 2569 1132 2612; baseline 0.002 -13"><span class='ocrx_word' id='word_1_301' title='bbox 118 2569 247 2599; x_wconf 80' lang='lat' dir='ltr'>tendum</span> <span class='ocrx_word' id='word_1_302' title='bbox 267 2570 426 2600; x_wconf 80' lang='lat' dir='ltr'>committi</span> <span class='ocrx_word' id='word_1_303' title='bbox 448 2581 503 2611; x_wconf 89' lang='lat' dir='ltr'>pro</span> <span class='ocrx_word' id='word_1_304' title='bbox 524 2581 562 2601; x_wconf 84' lang='grc'>60</span> <span class='ocrx_word' id='word_1_305' title='bbox 587 2571 745 2611; x_wconf 81' lang='lat' dir='ltr'>aliquibus</span> <span class='ocrx_word' id='word_1_306' title='bbox 771 2570 988 2612; x_wconf 79' lang='lat' dir='ltr'>suffraganeis</span> <span class='ocrx_word' id='word_1_307' title='bbox 1016 2572 1106 2612; x_wconf 84' lang='lat' dir='ltr'>ejus-</span> <span class='ocrx_word' id='word_1_308' title='bbox 1131 2583 1132 2590; x_wconf 58' lang='lat'>³</span> 
     </span>
    </p>
   </div>
   <div class='ocr_carea' id='block_1_11' title="bbox 117 2621 1132 2666">
    <p class='ocr_par' dir='ltr' id='par_1_11' title="bbox 117 2621 1132 2666">
     <span class='ocr_line' id='line_1_44' title="bbox 117 2621 1132 2666; baseline 0.002 -11"><span class='ocrx_word' id='word_1_309' title='bbox 117 2624 189 2655; x_wconf 90' lang='lat' dir='ltr'>dem</span> <span class='ocrx_word' id='word_1_310' title='bbox 220 2625 371 2664; x_wconf 80' lang='lat' dir='ltr'>ecclesie,</span> <span class='ocrx_word' id='word_1_311' title='bbox 399 2627 462 2666; x_wconf 88' lang='lat' dir='ltr'>qui,</span> <span class='ocrx_word' id='word_1_312' title='bbox 496 2628 691 2658; x_wconf 76' lang='lat' dir='ltr'>auctoritate</span> <span class='ocrx_word' id='word_1_313' title='bbox 723 2631 847 2663; x_wconf 87' lang='lat' dir='ltr'>nostra,</span> <span class='ocrx_word' id='word_1_314' title='bbox 874 2627 932 2658; x_wconf 89' lang='lat' dir='ltr'>sibi</span> <span class='ocrx_word' id='word_1_315' title='bbox 955 2629 1106 2658; x_wconf 75' lang='lat' dir='ltr'>conterre</span> <span class='ocrx_word' id='word_1_316' title='bbox 1131 2621 1132 2627; x_wconf 41' lang='lat'>¹</span> 
     </span>
    </p>
   </div>
   <div class='ocr_carea' id='block_1_12' title="bbox 116 2687 1129 3011">
    <p class='ocr_par' dir='ltr' id='par_1_12' title="bbox 116 2687 1129 3011">
     <span class='ocr_line' id='line_1_45' title="bbox 117 2687 1106 2730; baseline 0.004 -15"><span class='ocrx_word' id='word_1_317' title='bbox 117 2687 351 2717; x_wconf 81' lang='lat' dir='ltr'>sacerdotalem</span> <span class='ocrx_word' id='word_1_318' title='bbox 374 2688 516 2718; x_wconf 84' lang='lat' dir='ltr'>ordinem</span> <span class='ocrx_word' id='word_1_319' title='bbox 527 2691 559 2719; x_wconf 88' lang='lat' dir='ltr'>et</span> <span class='ocrx_word' id='word_1_320' title='bbox 577 2689 833 2719; x_wconf 77' lang='lat' dir='ltr'>consecrationis</span> <span class='ocrx_word' id='word_1_321' title='bbox 853 2700 966 2719; x_wconf 87' lang='lat' dir='ltr'>munus</span> <span class='ocrx_word' id='word_1_322' title='bbox 986 2690 1106 2730; x_wconf 92' lang='lat' dir='ltr'>impen-</span> 
     </span>
     <span class='ocr_line' id='line_1_46' title="bbox 116 2742 1105 2786; baseline 0.003 -14"><span class='ocrx_word' id='word_1_323' title='bbox 116 2742 194 2772; x_wconf 86' lang='lat' dir='ltr'>dere</span> <span class='ocrx_word' id='word_1_324' title='bbox 210 2746 434 2783; x_wconf 85' lang='lat' dir='ltr'>procurarent,</span> <span class='ocrx_word' id='word_1_325' title='bbox 458 2744 598 2775; x_wconf 81' lang='lat' dir='ltr'>maxime</span> <span class='ocrx_word' id='word_1_326' title='bbox 619 2755 689 2775; x_wconf 80' lang='lat' dir='ltr'>cum</span> <span class='ocrx_word' id='word_1_327' title='bbox 717 2745 785 2786; x_wconf 81' lang='lat' dir='ltr'>ipse</span> <span class='ocrx_word' id='word_1_328' title='bbox 818 2746 929 2776; x_wconf 80' lang='lat' dir='ltr'>venire</span> <span class='ocrx_word' id='word_1_329' title='bbox 965 2745 1001 2776; x_wconf 84' lang='lat' dir='ltr'>ad</span> <span class='ocrx_word' id='word_1_330' title='bbox 1029 2756 1105 2776; x_wconf 83' lang='lat' dir='ltr'>can—</span> 
     </span>
     <span class='ocr_line' id='line_1_47' title="bbox 117 2798 1104 2843; baseline 0.004 -15"><span class='ocrx_word' id='word_1_331' title='bbox 117 2798 188 2829; x_wconf 85' lang='lat' dir='ltr'>dem</span> <span class='ocrx_word' id='word_1_332' title='bbox 212 2799 326 2829; x_wconf 68' lang='lat' dir='ltr'>Sedem</span> <span class='ocrx_word' id='word_1_333' title='bbox 350 2803 482 2841; x_wconf 87' lang='lat' dir='ltr'>propter</span> <span class='ocrx_word' id='word_1_334' title='bbox 515 2800 637 2831; x_wconf 79' lang='lat' dir='ltr'>viarum</span> <span class='ocrx_word' id='word_1_335' title='bbox 665 2801 852 2832; x_wconf 85' lang='lat' dir='ltr'>discrimina</span> <span class='ocrx_word' id='word_1_336' title='bbox 882 2807 909 2832; x_wconf 95' lang='grc'>61</span> <span class='ocrx_word' id='word_1_337' title='bbox 947 2802 1104 2843; x_wconf 76' lang='lat' dir='ltr'>capitales</span> 
     </span>
     <span class='ocr_line' id='line_1_48' title="bbox 116 2855 1103 2900; baseline 0.005 -16"><span class='ocrx_word' id='word_1_338' title='bbox 116 2855 311 2893; x_wconf 81' lang='lat' dir='ltr'>inimicitias,</span> <span class='ocrx_word' id='word_1_339' title='bbox 327 2867 405 2896; x_wconf 87' lang='lat' dir='ltr'>quas</span> <span class='ocrx_word' id='word_1_340' title='bbox 417 2856 556 2888; x_wconf 82' lang='lat' dir='ltr'>habebat</span> <span class='ocrx_word' id='word_1_341' title='bbox 572 2858 601 2887; x_wconf 90' lang='lat' dir='ltr'>in</span> <span class='ocrx_word' id='word_1_342' title='bbox 622 2858 672 2888; x_wconf 85' lang='lat' dir='ltr'>via</span> <span class='ocrx_word' id='word_1_343' title='bbox 689 2861 841 2899; x_wconf 81' lang='lat' dir='ltr'>pretextu</span> <span class='ocrx_word' id='word_1_344' title='bbox 860 2858 1103 2900; x_wconf 69' lang='lat' dir='ltr'>salzburgensis</span> 
     </span>
     <span class='ocr_line' id='line_1_49' title="bbox 117 2902 1129 2946; baseline 0.005 -6"><span class='ocrx_word' id='word_1_345' title='bbox 117 2912 151 2940; x_wconf 89' lang='lat' dir='ltr'>et</span> <span class='ocrx_word' id='word_1_346' title='bbox 170 2911 361 2943; x_wconf 81' lang='lat' dir='ltr'>universalis</span> <span class='ocrx_word' id='word_1_347' title='bbox 388 2913 539 2946; x_wconf 67' lang='lat' dir='ltr'>ecclesie,</span> <span class='ocrx_word' id='word_1_348' title='bbox 560 2924 618 2944; x_wconf 91' lang='lat' dir='ltr'>non</span> <span class='ocrx_word' id='word_1_349' title='bbox 656 2913 804 2945; x_wconf 84' lang='lat' dir='ltr'>auderet.</span> <span class='ocrx_word' id='word_1_350' title='bbox 837 2914 884 2945; x_wconf 81' lang='lat' dir='ltr'>Ad</span> <span class='ocrx_word' id='word_1_351' title='bbox 915 2914 1103 2945; x_wconf 86' lang='lat' dir='ltr'>solvendum</span> <span class='ocrx_word' id='word_1_352' title='bbox 1128 2902 1129 2919; x_wconf 70' lang='lat'>;</span> 
     </span>
     <span class='ocr_line' id='line_1_50' title="bbox 117 2967 1128 3011; baseline 0.005 -14"><span class='ocrx_word' id='word_1_353' title='bbox 117 2967 213 2997; x_wconf 87' lang='lat' dir='ltr'>etiam</span> <span class='ocrx_word' id='word_1_354' title='bbox 235 2967 375 2999; x_wconf 89' lang='lat' dir='ltr'>debitum</span> <span class='ocrx_word' id='word_1_355' title='bbox 396 2970 540 3001; x_wconf 76' lang='lat' dir='ltr'>Romane</span> <span class='ocrx_word' id='word_1_356' title='bbox 561 2970 719 3007; x_wconf 82' lang='lat' dir='ltr'>Ecclesie,</span> <span class='ocrx_word' id='word_1_357' title='bbox 737 2981 793 3011; x_wconf 90' lang='lat' dir='ltr'>pro</span> <span class='ocrx_word' id='word_1_358' title='bbox 809 2981 870 3011; x_wconf 86' lang='lat' dir='ltr'>quo</span> <span class='ocrx_word' id='word_1_359' title='bbox 881 2972 1102 3002; x_wconf 87' lang='lat' dir='ltr'>excommuni-</span> <span class='ocrx_word' id='word_1_360' title='bbox 1127 2987 1128 2991; x_wconf 63' lang='lat'><em>=</em></span> 
     </span>
    </p>
   </div>
   <div class='ocr_carea' id='block_1_13' title="bbox 1157 480 2156 1827">
    <p class='ocr_par' dir='ltr' id='par_1_13' title="bbox 1157 480 2156 1827">
     <span class='ocr_line' id='line_1_51' title="bbox 1163 480 2151 523; baseline 0.009 -13"><span class='ocrx_word' id='word_1_361' title='bbox 1163 481 1255 520; x_wconf 78' lang='lat' dir='ltr'>gensi</span> <span class='ocrx_word' id='word_1_362' title='bbox 1286 480 1465 521; x_wconf 78' lang='lat' dir='ltr'>expelli,et</span> <span class='ocrx_word' id='word_1_363' title='bbox 1492 489 1602 512; x_wconf 81' lang='lat' dir='ltr'>castra</span> <span class='ocrx_word' id='word_1_364' title='bbox 1636 484 1735 523; x_wconf 70' lang='lat' dir='ltr'>ipsius</span> <span class='ocrx_word' id='word_1_365' title='bbox 1763 486 1903 517; x_wconf 76' lang='lat' dir='ltr'>ecclesie</span> <span class='ocrx_word' id='word_1_366' title='bbox 1939 487 1976 518; x_wconf 87' lang='lat' dir='ltr'>ab</span> <span class='ocrx_word' id='word_1_367' title='bbox 2016 489 2151 519; x_wconf 88' lang='lat' dir='ltr'>inimicis</span> 
     </span>
     <span class='ocr_line' id='line_1_52' title="bbox 1163 536 2149 583; baseline 0.011 -18"><span class='ocrx_word' id='word_1_368' title='bbox 1163 536 1309 576; x_wconf 83' lang='lat' dir='ltr'>ejusdem</span> <span class='ocrx_word' id='word_1_369' title='bbox 1330 537 1608 579; x_wconf 59' lang='grc' dir='ltr'>11106111ε1ν61110111</span> <span class='ocrx_word' id='word_1_370' title='bbox 1624 542 1785 580; x_wconf 72' lang='lat' dir='ltr'>occupari,</span> <span class='ocrx_word' id='word_1_371' title='bbox 1811 546 1942 583; x_wconf 87' lang='lat' dir='ltr'>propter</span> <span class='ocrx_word' id='word_1_372' title='bbox 1965 544 2047 583; x_wconf 86' lang='lat' dir='ltr'>quod</span> <span class='ocrx_word' id='word_1_373' title='bbox 2066 545 2149 576; x_wconf 88' lang='lat' dir='ltr'>idem</span> 
     </span>
     <span class='ocr_line' id='line_1_53' title="bbox 1164 592 2153 633; baseline 0.011 -12"><span class='ocrx_word' id='word_1_374' title='bbox 1164 592 1330 633; x_wconf 84' lang='lat' dir='ltr'>Philippus</span> <span class='ocrx_word' id='word_1_375' title='bbox 1351 593 1419 624; x_wconf 82' lang='lat' dir='ltr'>sinc</span> <span class='ocrx_word' id='word_1_376' title='bbox 1439 594 1613 625; x_wconf 82' lang='lat' dir='ltr'>amissione</span> <span class='ocrx_word' id='word_1_377' title='bbox 1631 602 1809 627; x_wconf 77' lang='lat' dir='ltr'>castrorum</span> <span class='ocrx_word' id='word_1_378' title='bbox 1835 604 1867 629; x_wconf 78' lang='lat' dir='ltr'>et</span> <span class='ocrx_word' id='word_1_379' title='bbox 1886 600 2018 630; x_wconf 76' lang='lat' dir='ltr'>:iliorum</span> <span class='ocrx_word' id='word_1_380' title='bbox 2054 601 2153 633; x_wconf 90' lang='lat' dir='ltr'>bono-</span> 
     </span>
     <span class='ocr_line' id='line_1_54' title="bbox 1163 648 2155 696; baseline 0.013 -19"><span class='ocrx_word' id='word_1_381' title='bbox 1163 657 1231 678; x_wconf 90' lang='lat' dir='ltr'>rum</span> <span class='ocrx_word' id='word_1_382' title='bbox 1247 648 1394 688; x_wconf 77' lang='lat' dir='ltr'>ejusdem</span> <span class='ocrx_word' id='word_1_383' title='bbox 1408 650 1548 681; x_wconf 74' lang='lat' dir='ltr'>ecclesie</span> <span class='ocrx_word' id='word_1_384' title='bbox 1569 651 1681 682; x_wconf 83' lang='lat' dir='ltr'>venire</span> <span class='ocrx_word' id='word_1_385' title='bbox 1699 654 1916 692; x_wconf 74' lang='lat' dir='ltr'>personaliter</span> <span class='ocrx_word' id='word_1_386' title='bbox 1936 666 2000 685; x_wconf 85' lang='lat' dir='ltr'>non</span> <span class='ocrx_word' id='word_1_387' title='bbox 2023 660 2155 696; x_wconf 84' lang='lat' dir='ltr'>poterat</span> 
     </span>
     <span class='ocr_line' id='line_1_55' title="bbox 1164 704 2156 748; baseline 0.01 -14"><span class='ocrx_word' id='word_1_388' title='bbox 1164 714 1222 734; x_wconf 76' lang='lat' dir='ltr'>nec</span> <span class='ocrx_word' id='word_1_389' title='bbox 1249 704 1397 735; x_wconf 81' lang='lat' dir='ltr'>audebat.</span> <span class='ocrx_word' id='word_1_390' title='bbox 1423 706 1600 737; x_wconf 85' lang='lat' dir='ltr'>Asserebat</span> <span class='ocrx_word' id='word_1_391' title='bbox 1626 707 1760 748; x_wconf 87' lang='grc'><strong>1115111161</strong></span> <span class='ocrx_word' id='word_1_392' title='bbox 1781 709 1879 740; x_wconf 83' lang='lat' dir='ltr'>talem</span> <span class='ocrx_word' id='word_1_393' title='bbox 1907 722 1978 741; x_wconf 71' lang='lat' dir='ltr'>oum</span> <span class='ocrx_word' id='word_1_394' title='bbox 2009 722 2027 742; x_wconf 89' lang='lat' dir='ltr'>a</span> <span class='ocrx_word' id='word_1_395' title='bbox 2052 713 2156 743; x_wconf 83' lang='lat' dir='ltr'>felicis</span> 
     </span>
     <span class='ocr_line' id='line_1_56' title="bbox 1162 765 2154 813; baseline 0.01 -19"><span class='ocrx_word' id='word_1_396' title='bbox 1162 765 1398 796; x_wconf 83' lang='lat' dir='ltr'>recordationis</span> <span class='ocrx_word' id='word_1_397' title='bbox 1424 768 1446 796; x_wconf 92' lang='grc' dir='ltr'>Ι.</span> <span class='ocrx_word' id='word_1_398' title='bbox 1478 778 1559 808; x_wconf 87' lang='lat' dir='ltr'>papa</span> <span class='ocrx_word' id='word_1_399' title='bbox 1584 768 1819 808; x_wconf 82' lang='lat' dir='ltr'>predecessore</span> <span class='ocrx_word' id='word_1_400' title='bbox 1848 775 1959 802; x_wconf 84' lang='lat' dir='ltr'>nostro</span> <span class='ocrx_word' id='word_1_401' title='bbox 1986 773 2154 813; x_wconf 82' lang='lat' dir='ltr'>indulgen-</span> 
     </span>
     <span class='ocr_line' id='line_1_57' title="bbox 1163 822 2151 861; baseline 0.009 -10"><span class='ocrx_word' id='word_1_402' title='bbox 1163 822 1240 852; x_wconf 85' lang='lat' dir='ltr'>tiam</span> <span class='ocrx_word' id='word_1_403' title='bbox 1257 822 1421 861; x_wconf 83' lang='lat' dir='ltr'>liabuisse,</span> <span class='ocrx_word' id='word_1_404' title='bbox 1439 825 1473 854; x_wconf 89' lang='lat' dir='ltr'>ut</span> <span class='ocrx_word' id='word_1_405' title='bbox 1493 825 1750 855; x_wconf 83' lang='lat' dir='ltr'>consecrationis</span> <span class='ocrx_word' id='word_1_406' title='bbox 1769 836 1881 856; x_wconf 83' lang='lat' dir='ltr'>munus</span> <span class='ocrx_word' id='word_1_407' title='bbox 1897 838 1957 858; x_wconf 91' lang='lat' dir='ltr'>non</span> <span class='ocrx_word' id='word_1_408' title='bbox 1982 830 2151 860; x_wconf 67' lang='lat' dir='ltr'>teneretur</span> 
     </span>
     <span class='ocr_line' id='line_1_58' title="bbox 1163 878 2148 923; baseline 0.008 -15"><span class='ocrx_word' id='word_1_409' title='bbox 1163 878 1309 919; x_wconf 88' lang='lat' dir='ltr'>recipere</span> <span class='ocrx_word' id='word_1_410' title='bbox 1350 889 1448 919; x_wconf 88' lang='lat' dir='ltr'>usque</span> <span class='ocrx_word' id='word_1_411' title='bbox 1491 880 1529 911; x_wconf 87' lang='lat' dir='ltr'>ad</span> <span class='ocrx_word' id='word_1_412' title='bbox 1572 891 1627 911; x_wconf 86' lang='lat' dir='ltr'>sue</span> <span class='ocrx_word' id='word_1_413' title='bbox 1664 881 1900 923; x_wconf 82' lang='lat' dir='ltr'>beneplacitum</span> <span class='ocrx_word' id='word_1_414' title='bbox 1961 885 2148 916; x_wconf 80' lang='lat' dir='ltr'>voluntatis.</span> 
     </span>
     <span class='ocr_line' id='line_1_59' title="bbox 1162 934 2152 980; baseline 0.007 -15"><span class='ocrx_word' id='word_1_415' title='bbox 1162 934 1336 975; x_wconf 83' lang='lat' dir='ltr'>Allegabat</span> <span class='ocrx_word' id='word_1_416' title='bbox 1358 936 1454 966; x_wconf 87' lang='lat' dir='ltr'>etiam</span> <span class='ocrx_word' id='word_1_417' title='bbox 1476 936 1558 967; x_wconf 89' lang='lat' dir='ltr'>idem</span> <span class='ocrx_word' id='word_1_418' title='bbox 1576 938 1615 967; x_wconf 94' lang='lat' dir='ltr'>A.</span> <span class='ocrx_word' id='word_1_419' title='bbox 1637 939 1780 978; x_wconf 84' lang='lat' dir='ltr'>tempora</span> <span class='ocrx_word' id='word_1_420' title='bbox 1801 940 2011 980; x_wconf 78' lang='lat' dir='ltr'>precedentia</span> <span class='ocrx_word' id='word_1_421' title='bbox 2029 942 2152 972; x_wconf 86' lang='lat' dir='ltr'>consti-</span> 
     </span>
     <span class='ocr_line' id='line_1_60' title="bbox 1162 992 2153 1037; baseline 0.007 -16"><span class='ocrx_word' id='word_1_422' title='bbox 1162 992 1318 1022; x_wconf 85' lang='lat' dir='ltr'>tutionem</span> <span class='ocrx_word' id='word_1_423' title='bbox 1339 992 1519 1033; x_wconf 86' lang='lat' dir='ltr'>predictam</span> <span class='ocrx_word' id='word_1_424' title='bbox 1540 994 1762 1025; x_wconf 80' lang='lat' dir='ltr'>circuinducta</span> <span class='ocrx_word' id='word_1_425' title='bbox 1784 996 1885 1026; x_wconf 85' lang='lat' dir='ltr'>fuisse</span> <span class='ocrx_word' id='word_1_426' title='bbox 1909 1007 1967 1037; x_wconf 91' lang='lat' dir='ltr'>per</span> <span class='ocrx_word' id='word_1_427' title='bbox 1995 998 2153 1028; x_wconf 84' lang='lat' dir='ltr'>constitu-</span> 
     </span>
     <span class='ocr_line' id='line_1_61' title="bbox 1161 1048 2154 1093; baseline 0.006 -15"><span class='ocrx_word' id='word_1_428' title='bbox 1161 1048 1279 1079; x_wconf 86' lang='lat' dir='ltr'>tionem</span> <span class='ocrx_word' id='word_1_429' title='bbox 1298 1048 1445 1087; x_wconf 87' lang='lat' dir='ltr'>eandem,</span> <span class='ocrx_word' id='word_1_430' title='bbox 1462 1049 1631 1090; x_wconf 87' lang='lat' dir='ltr'>adjiciens,</span> <span class='ocrx_word' id='word_1_431' title='bbox 1646 1051 1740 1091; x_wconf 87' lang='lat' dir='ltr'>quod,</span> <span class='ocrx_word' id='word_1_432' title='bbox 1756 1052 1841 1082; x_wconf 89' lang='lat' dir='ltr'>sicut</span> <span class='ocrx_word' id='word_1_433' title='bbox 1855 1053 2026 1093; x_wconf 86' lang='lat' dir='ltr'>episcopus</span> <span class='ocrx_word' id='word_1_434' title='bbox 2050 1053 2154 1093; x_wconf 76' lang='lat' dir='ltr'>negli-</span> 
     </span>
     <span class='ocr_line' id='line_1_62' title="bbox 1161 1105 2151 1149; baseline 0.005 -15"><span class='ocrx_word' id='word_1_435' title='bbox 1161 1114 1242 1144; x_wconf 76' lang='lat' dir='ltr'>gens</span> <span class='ocrx_word' id='word_1_436' title='bbox 1282 1105 1427 1145; x_wconf 86' lang='lat' dir='ltr'>recipere</span> <span class='ocrx_word' id='word_1_437' title='bbox 1467 1115 1580 1136; x_wconf 88' lang='lat' dir='ltr'>munus</span> <span class='ocrx_word' id='word_1_438' title='bbox 1617 1108 1877 1138; x_wconf 84' lang='lat' dir='ltr'>consecrationis</span> <span class='ocrx_word' id='word_1_439' title='bbox 1906 1108 1990 1138; x_wconf 84' lang='lat' dir='ltr'>infra</span> <span class='ocrx_word' id='word_1_440' title='bbox 2025 1111 2151 1149; x_wconf 88' lang='lat' dir='ltr'>tempus</span> 
     </span>
     <span class='ocr_line' id='line_1_63' title="bbox 1161 1161 2150 1205; baseline 0.005 -15"><span class='ocrx_word' id='word_1_441' title='bbox 1161 1170 1354 1201; x_wconf 79' lang='lat' dir='ltr'>expressum</span> <span class='ocrx_word' id='word_1_442' title='bbox 1370 1161 1400 1191; x_wconf 91' lang='lat' dir='ltr'>iu</span> <span class='ocrx_word' id='word_1_443' title='bbox 1422 1171 1559 1199; x_wconf 85' lang='lat' dir='ltr'>canone,</span> <span class='ocrx_word' id='word_1_444' title='bbox 1583 1163 1669 1194; x_wconf 87' lang='lat' dir='ltr'>cedit</span> <span class='ocrx_word' id='word_1_445' title='bbox 1691 1164 1928 1204; x_wconf 86' lang='lat' dir='ltr'>metropolitani</span> <span class='ocrx_word' id='word_1_446' title='bbox 1950 1165 1997 1195; x_wconf 87' lang='lat' dir='ltr'>sui</span> <span class='ocrx_word' id='word_1_447' title='bbox 2015 1164 2150 1205; x_wconf 74' lang='lat' dir='ltr'>judicio,</span> 
     </span>
     <span class='ocr_line' id='line_1_64' title="bbox 1161 1217 2154 1259; baseline 0.005 -13"><span class='ocrx_word' id='word_1_448' title='bbox 1161 1217 1206 1247; x_wconf 84' lang='grc'>516</span> <span class='ocrx_word' id='word_1_449' title='bbox 1235 1217 1498 1259; x_wconf 80' lang='lat' dir='ltr'>archiepiscopus</span> <span class='ocrx_word' id='word_1_450' title='bbox 1528 1219 1558 1249; x_wconf 90' lang='lat' dir='ltr'>in</span> <span class='ocrx_word' id='word_1_451' title='bbox 1594 1230 1670 1250; x_wconf 86' lang='lat' dir='ltr'>casu</span> <span class='ocrx_word' id='word_1_452' title='bbox 1705 1220 1862 1250; x_wconf 88' lang='lat' dir='ltr'>consimili</span> <span class='ocrx_word' id='word_1_453' title='bbox 1898 1221 2015 1252; x_wconf 91' lang='lat' dir='ltr'>cedere</span> <span class='ocrx_word' id='word_1_454' title='bbox 2055 1221 2154 1252; x_wconf 85' lang='lat' dir='ltr'>debet</span> 
     </span>
     <span class='ocr_line' id='line_1_65' title="bbox 1161 1274 2152 1318; baseline 0.005 -15"><span class='ocrx_word' id='word_1_455' title='bbox 1161 1276 1288 1309; x_wconf 68' lang='lat' dir='ltr'>nostro,</span> <span class='ocrx_word' id='word_1_456' title='bbox 1314 1277 1446 1315; x_wconf 88' lang='lat' dir='ltr'>propter</span> <span class='ocrx_word' id='word_1_457' title='bbox 1471 1274 1554 1314; x_wconf 89' lang='lat' dir='ltr'>quod</span> <span class='ocrx_word' id='word_1_458' title='bbox 1577 1275 1683 1306; x_wconf 89' lang='lat' dir='ltr'>dictus</span> <span class='ocrx_word' id='word_1_459' title='bbox 1718 1277 1884 1317; x_wconf 87' lang='lat' dir='ltr'>Philippus</span> <span class='ocrx_word' id='word_1_460' title='bbox 1906 1288 1967 1308; x_wconf 92' lang='lat' dir='ltr'>non</span> <span class='ocrx_word' id='word_1_461' title='bbox 1989 1283 2061 1315; x_wconf 81' lang='lat' dir='ltr'>erat</span> <span class='ocrx_word' id='word_1_462' title='bbox 2080 1278 2152 1318; x_wconf 88' lang='lat' dir='ltr'>ipso</span> 
     </span>
     <span class='ocr_line' id='line_1_66' title="bbox 1157 1330 2151 1375; baseline 0.006 -16"><span class='ocrx_word' id='word_1_463' title='bbox 1157 1330 1231 1369; x_wconf 84' lang='lat' dir='ltr'>jure</span> <span class='ocrx_word' id='word_1_464' title='bbox 1253 1330 1398 1371; x_wconf 80' lang='lat' dir='ltr'>privatus</span> <span class='ocrx_word' id='word_1_465' title='bbox 1424 1331 1480 1362; x_wconf 88' lang='lat' dir='ltr'>sed</span> <span class='ocrx_word' id='word_1_466' title='bbox 1497 1342 1539 1362; x_wconf 83' lang='lat' dir='ltr'>ex</span> <span class='ocrx_word' id='word_1_467' title='bbox 1567 1332 1756 1373; x_wconf 88' lang='lat' dir='ltr'>Apostolice</span> <span class='ocrx_word' id='word_1_468' title='bbox 1786 1333 1878 1364; x_wconf 80' lang='lat' dir='ltr'>Sedis</span> <span class='ocrx_word' id='word_1_469' title='bbox 1898 1333 2021 1375; x_wconf 83' lang='lat' dir='ltr'>judicio</span> <span class='ocrx_word' id='word_1_470' title='bbox 2042 1335 2151 1375; x_wconf 84' lang='lat' dir='ltr'>potius</span> 
     </span>
     <span class='ocr_line' id='line_1_67' title="bbox 1160 1386 2151 1431; baseline 0.005 -15"><span class='ocrx_word' id='word_1_471' title='bbox 1160 1386 1375 1427; x_wconf 75' lang='lat' dir='ltr'>dependebat,</span> <span class='ocrx_word' id='word_1_472' title='bbox 1400 1390 1432 1418; x_wconf 90' lang='lat' dir='ltr'>et</span> <span class='ocrx_word' id='word_1_473' title='bbox 1450 1388 1508 1427; x_wconf 88' lang='lat' dir='ltr'>ita,</span> <span class='ocrx_word' id='word_1_474' title='bbox 1540 1398 1598 1428; x_wconf 85' lang='lat' dir='ltr'>per</span> <span class='ocrx_word' id='word_1_475' title='bbox 1624 1399 1838 1428; x_wconf 75' lang='lat' dir='ltr'>cousequenS,</span> <span class='ocrx_word' id='word_1_476' title='bbox 1869 1389 1956 1421; x_wconf 78' lang='lat' dir='ltr'>dicta</span> <span class='ocrx_word' id='word_1_477' title='bbox 1974 1391 2151 1431; x_wconf 87' lang='lat' dir='ltr'>postulatio</span> 
     </span>
     <span class='ocr_line' id='line_1_68' title="bbox 1160 1443 2153 1483; baseline 0.006 -11"><span class='ocrx_word' id='word_1_478' title='bbox 1160 1443 1190 1472; x_wconf 91' lang='lat' dir='ltr'>iu</span> <span class='ocrx_word' id='word_1_479' title='bbox 1213 1443 1352 1473; x_wconf 79' lang='lat' dir='ltr'>ecclesia</span> <span class='ocrx_word' id='word_1_480' title='bbox 1369 1454 1430 1474; x_wconf 92' lang='grc' dir='ltr'>11οο</span> <span class='ocrx_word' id='word_1_481' title='bbox 1451 1446 1591 1475; x_wconf 82' lang='lat' dir='ltr'>vacante</span> <span class='ocrx_word' id='word_1_482' title='bbox 1630 1445 1718 1476; x_wconf 84' lang='lat' dir='ltr'>facta</span> <span class='ocrx_word' id='word_1_483' title='bbox 1747 1446 1866 1483; x_wconf 86' lang='lat' dir='ltr'>fuerat,</span> <span class='ocrx_word' id='word_1_484' title='bbox 1890 1450 1923 1477; x_wconf 87' lang='lat' dir='ltr'>et</span> <span class='ocrx_word' id='word_1_485' title='bbox 1953 1446 2024 1478; x_wconf 88' lang='lat' dir='ltr'>ideo</span> <span class='ocrx_word' id='word_1_486' title='bbox 2049 1447 2153 1478; x_wconf 89' lang='lat' dir='ltr'>nulla-</span> 
     </span>
     <span class='ocr_line' id='line_1_69' title="bbox 1161 1499 2152 1544; baseline 0.006 -16"><span class='ocrx_word' id='word_1_487' title='bbox 1161 1501 1253 1529; x_wconf 87' lang='lat' dir='ltr'>tenus</span> <span class='ocrx_word' id='word_1_488' title='bbox 1289 1499 1500 1531; x_wconf 84' lang='lat' dir='ltr'>admittenda.</span> <span class='ocrx_word' id='word_1_489' title='bbox 1545 1501 1607 1531; x_wconf 87' lang='lat' dir='ltr'>Sed</span> <span class='ocrx_word' id='word_1_490' title='bbox 1635 1505 1868 1542; x_wconf 85' lang='lat' dir='ltr'>procuratores</span> <span class='ocrx_word' id='word_1_491' title='bbox 1909 1503 1987 1533; x_wconf 90' lang='lat' dir='ltr'>dicti</span> <span class='ocrx_word' id='word_1_492' title='bbox 2019 1503 2152 1544; x_wconf 83' lang='lat' dir='ltr'>capituli</span> 
     </span>
     <span class='ocr_line' id='line_1_70' title="bbox 1160 1556 2150 1601; baseline 0.006 -16"><span class='ocrx_word' id='word_1_493' title='bbox 1160 1556 1373 1595; x_wconf 80' lang='lat' dir='ltr'>exceptiones</span> <span class='ocrx_word' id='word_1_494' title='bbox 1398 1558 1432 1587; x_wconf 85' lang='lat' dir='ltr'>et</span> <span class='ocrx_word' id='word_1_495' title='bbox 1450 1557 1666 1598; x_wconf 77' lang='lat' dir='ltr'>allegationes</span> <span class='ocrx_word' id='word_1_496' title='bbox 1693 1568 1750 1589; x_wconf 91' lang='lat' dir='ltr'>seu</span> <span class='ocrx_word' id='word_1_497' title='bbox 1778 1560 2014 1600; x_wconf 82' lang='lat' dir='ltr'>propositiones</span> <span class='ocrx_word' id='word_1_498' title='bbox 2037 1560 2150 1601; x_wconf 87' lang='lat' dir='ltr'>hujus-</span> 
     </span>
     <span class='ocr_line' id='line_1_71' title="bbox 1161 1610 2150 1657; baseline 0.006 -16"><span class='ocrx_word' id='word_1_499' title='bbox 1161 1610 1245 1641; x_wconf 86' lang='lat' dir='ltr'>modi</span> <span class='ocrx_word' id='word_1_500' title='bbox 1266 1612 1486 1651; x_wconf 84' lang='lat' dir='ltr'>confutantes,</span> <span class='ocrx_word' id='word_1_501' title='bbox 1501 1614 1666 1655; x_wconf 83' lang='lat' dir='ltr'>negabant</span> <span class='ocrx_word' id='word_1_502' title='bbox 1689 1615 1843 1656; x_wconf 82' lang='lat' dir='ltr'>majorem</span> <span class='ocrx_word' id='word_1_503' title='bbox 1867 1617 1992 1656; x_wconf 87' lang='lat' dir='ltr'>partem</span> <span class='ocrx_word' id='word_1_504' title='bbox 2019 1616 2150 1657; x_wconf 88' lang='lat' dir='ltr'>capituli</span> 
     </span>
     <span class='ocr_line' id='line_1_72' title="bbox 1160 1667 2149 1713; baseline 0.005 -15"><span class='ocrx_word' id='word_1_505' title='bbox 1160 1667 1263 1699; x_wconf 87' lang='lat' dir='ltr'>eidem</span> <span class='ocrx_word' id='word_1_506' title='bbox 1296 1668 1455 1700; x_wconf 84' lang='lat' dir='ltr'>adherere</span> <span class='ocrx_word' id='word_1_507' title='bbox 1482 1670 1642 1711; x_wconf 84' lang='lat' dir='ltr'>Philippo,</span> <span class='ocrx_word' id='word_1_508' title='bbox 1666 1681 1701 1701; x_wconf 89' lang='lat' dir='ltr'>se</span> <span class='ocrx_word' id='word_1_509' title='bbox 1732 1673 1961 1712; x_wconf 82' lang='lat' dir='ltr'>procuratores</span> <span class='ocrx_word' id='word_1_510' title='bbox 1989 1673 2149 1713; x_wconf 82' lang='lat' dir='ltr'>legitimos</span> 
     </span>
     <span class='ocr_line' id='line_1_73' title="bbox 1455 1726 2151 1769; baseline 0.004 -12"><span class='ocrx_word' id='word_1_511' title='bbox 1455 1726 1568 1757; x_wconf 76' lang='lat' dir='ltr'>decani</span> <span class='ocrx_word' id='word_1_512' title='bbox 1594 1730 1626 1758; x_wconf 91' lang='lat' dir='ltr'>et</span> <span class='ocrx_word' id='word_1_513' title='bbox 1651 1728 1749 1768; x_wconf 89' lang='lat' dir='ltr'>ipsius</span> <span class='ocrx_word' id='word_1_514' title='bbox 1777 1729 1910 1769; x_wconf 89' lang='lat' dir='ltr'>capituli</span> <span class='ocrx_word' id='word_1_515' title='bbox 1942 1729 2071 1760; x_wconf 89' lang='lat' dir='ltr'>litteras</span> <span class='ocrx_word' id='word_1_516' title='bbox 2098 1740 2151 1760; x_wconf 86' lang='lat' dir='ltr'>os-</span> 
     </span>
     <span class='ocr_line' id='line_1_74' title="bbox 1162 1782 2151 1827; baseline 0.005 -16"><span class='ocrx_word' id='word_1_517' title='bbox 1162 1782 1346 1819; x_wconf 86' lang='lat' dir='ltr'>tendentes,</span> <span class='ocrx_word' id='word_1_518' title='bbox 1369 1793 1405 1813; x_wconf 71' lang='grc'>66</span> <span class='ocrx_word' id='word_1_519' title='bbox 1428 1793 1469 1813; x_wconf 79' lang='lat' dir='ltr'>ex</span> <span class='ocrx_word' id='word_1_520' title='bbox 1500 1783 1561 1814; x_wconf 85' lang='lat' dir='ltr'>hoc</span> <span class='ocrx_word' id='word_1_521' title='bbox 1582 1787 1772 1815; x_wconf 80' lang='lat' dir='ltr'>asserentes</span> <span class='ocrx_word' id='word_1_522' title='bbox 1795 1786 1947 1816; x_wconf 71' lang='lat' dir='ltr'>ostensas</span> <span class='ocrx_word' id='word_1_523' title='bbox 1966 1796 2023 1826; x_wconf 88' lang='lat' dir='ltr'>per</span> <span class='ocrx_word' id='word_1_524' title='bbox 2047 1786 2151 1827; x_wconf 90' lang='lat' dir='ltr'>ipsum</span> 
     </span>
    </p>
   </div>
   <div class='ocr_carea' id='block_1_14' title="bbox 1161 1727 1423 1766">
    <p class='ocr_par' dir='ltr' id='par_1_14' title="bbox 1161 1727 1423 1766">
     <span class='ocr_line' id='line_1_75' title="bbox 1161 1727 1423 1766; baseline 0.008 -12"><span class='ocrx_word' id='word_1_525' title='bbox 1161 1735 1218 1765; x_wconf 90' lang='lat' dir='ltr'>per</span> <span class='ocrx_word' id='word_1_526' title='bbox 1246 1727 1408 1766; x_wconf 85' lang='lat' dir='ltr'>patentes.</span> <span class='ocrx_word' id='word_1_527' title='bbox 1419 1752 1423 1756; x_wconf 76' lang='grc'>,</span> 
     </span>
    </p>
   </div>
   <div class='ocr_carea' id='block_1_15' title="bbox 1155 1839 2151 2898">
    <p class='ocr_par' dir='ltr' id='par_1_15' title="bbox 1155 1839 2151 2898">
     <span class='ocr_line' id='line_1_76' title="bbox 1161 1839 2149 1880; baseline 0.004 -12"><span class='ocrx_word' id='word_1_528' title='bbox 1161 1839 1199 1868; x_wconf 82' lang='lat' dir='ltr'>A.</span> <span class='ocrx_word' id='word_1_529' title='bbox 1224 1849 1265 1869; x_wconf 83' lang='lat' dir='ltr'>ex</span> <span class='ocrx_word' id='word_1_530' title='bbox 1281 1840 1373 1879; x_wconf 90' lang='lat' dir='ltr'>parte</span> <span class='ocrx_word' id='word_1_531' title='bbox 1395 1839 1524 1880; x_wconf 85' lang='lat' dir='ltr'>capituli</span> <span class='ocrx_word' id='word_1_532' title='bbox 1544 1840 1674 1871; x_wconf 87' lang='lat' dir='ltr'>litteras</span> <span class='ocrx_word' id='word_1_533' title='bbox 1688 1840 1790 1872; x_wconf 88' lang='lat' dir='ltr'>fuisse</span> <span class='ocrx_word' id='word_1_534' title='bbox 1804 1841 1965 1872; x_wconf 88' lang='lat' dir='ltr'>violenter</span> <span class='ocrx_word' id='word_1_535' title='bbox 1985 1844 2040 1873; x_wconf 87' lang='lat' dir='ltr'>aut</span> <span class='ocrx_word' id='word_1_536' title='bbox 2060 1842 2149 1873; x_wconf 83' lang='lat' dir='ltr'>frau-</span> 
     </span>
     <span class='ocr_line' id='line_1_77' title="bbox 1161 1895 2151 1939; baseline 0.004 -14"><span class='ocrx_word' id='word_1_537' title='bbox 1161 1895 1310 1926; x_wconf 88' lang='lat' dir='ltr'>dulenter</span> <span class='ocrx_word' id='word_1_538' title='bbox 1330 1897 1490 1927; x_wconf 84' lang='lat' dir='ltr'>extortas.</span> <span class='ocrx_word' id='word_1_539' title='bbox 1519 1896 1609 1932; x_wconf 83' lang='lat' dir='ltr'>Quod</span> <span class='ocrx_word' id='word_1_540' title='bbox 1622 1898 1728 1927; x_wconf 88' lang='lat' dir='ltr'>autem</span> <span class='ocrx_word' id='word_1_541' title='bbox 1755 1897 1859 1928; x_wconf 86' lang='lat' dir='ltr'>dictus</span> <span class='ocrx_word' id='word_1_542' title='bbox 1877 1898 2043 1939; x_wconf 86' lang='lat' dir='ltr'>Philippus</span> <span class='ocrx_word' id='word_1_543' title='bbox 2064 1898 2151 1929; x_wconf 87' lang='lat' dir='ltr'>dice-</span> 
     </span>
     <span class='ocr_line' id='line_1_78' title="bbox 1163 1951 2150 1995; baseline 0.004 -14"><span class='ocrx_word' id='word_1_544' title='bbox 1163 1951 1256 1982; x_wconf 87' lang='lat' dir='ltr'>batur</span> <span class='ocrx_word' id='word_1_545' title='bbox 1287 1952 1480 1993; x_wconf 80' lang='lat' dir='ltr'>sollempnes</span> <span class='ocrx_word' id='word_1_546' title='bbox 1505 1953 1545 1984; x_wconf 87' lang='lat' dir='ltr'>ad</span> <span class='ocrx_word' id='word_1_547' title='bbox 1566 1963 1623 1984; x_wconf 88' lang='lat' dir='ltr'>nos</span> <span class='ocrx_word' id='word_1_548' title='bbox 1651 1954 1780 1984; x_wconf 86' lang='lat' dir='ltr'>misisse</span> <span class='ocrx_word' id='word_1_549' title='bbox 1803 1955 1934 1984; x_wconf 90' lang='lat' dir='ltr'>nuutios</span> <span class='ocrx_word' id='word_1_550' title='bbox 1955 1965 2012 1995; x_wconf 90' lang='lat' dir='ltr'>pro</span> <span class='ocrx_word' id='word_1_551' title='bbox 2034 1965 2150 1986; x_wconf 87' lang='lat' dir='ltr'>conse-</span> 
     </span>
     <span class='ocr_line' id='line_1_79' title="bbox 1161 2008 2147 2049; baseline 0.005 -12"><span class='ocrx_word' id='word_1_552' title='bbox 1161 2008 1317 2038; x_wconf 78' lang='lat' dir='ltr'>crationis</span> <span class='ocrx_word' id='word_1_553' title='bbox 1330 2018 1463 2040; x_wconf 86' lang='lat' dir='ltr'>munere</span> <span class='ocrx_word' id='word_1_554' title='bbox 1484 2009 1670 2049; x_wconf 76' lang='lat' dir='ltr'>obtinendo,</span> <span class='ocrx_word' id='word_1_555' title='bbox 1684 2020 1743 2041; x_wconf 89' lang='lat' dir='ltr'>nec</span> <span class='ocrx_word' id='word_1_556' title='bbox 1763 2020 1874 2041; x_wconf 90' lang='lat' dir='ltr'>verum</span> <span class='ocrx_word' id='word_1_557' title='bbox 1898 2021 1971 2041; x_wconf 87' lang='lat' dir='ltr'>esse</span> <span class='ocrx_word' id='word_1_558' title='bbox 1983 2021 2041 2041; x_wconf 89' lang='lat' dir='ltr'>nec</span> <span class='ocrx_word' id='word_1_559' title='bbox 2059 2012 2147 2042; x_wconf 82' lang='lat' dir='ltr'>veri-</span> 
     </span>
     <span class='ocr_line' id='line_1_80' title="bbox 1162 2064 2147 2108; baseline 0.004 -14"><span class='ocrx_word' id='word_1_560' title='bbox 1162 2064 1266 2095; x_wconf 84' lang='lat' dir='ltr'>simile</span> <span class='ocrx_word' id='word_1_561' title='bbox 1300 2067 1529 2106; x_wconf 86' lang='lat' dir='ltr'>procuratores</span> <span class='ocrx_word' id='word_1_562' title='bbox 1565 2067 1698 2107; x_wconf 86' lang='lat' dir='ltr'>capitnli</span> <span class='ocrx_word' id='word_1_563' title='bbox 1733 2066 1984 2107; x_wconf 83' lang='lat' dir='ltr'>responderunt,</span> <span class='ocrx_word' id='word_1_564' title='bbox 2022 2068 2095 2108; x_wconf 84' lang='lat' dir='ltr'>quia</span> <span class='ocrx_word' id='word_1_565' title='bbox 2122 2069 2147 2098; x_wconf 92' lang='lat' dir='ltr'>si</span> 
     </span>
     <span class='ocr_line' id='line_1_81' title="bbox 1161 2121 2148 2164; baseline 0.004 -13"><span class='ocrx_word' id='word_1_566' title='bbox 1161 2121 1221 2152; x_wconf 87' lang='lat' dir='ltr'>fuit</span> <span class='ocrx_word' id='word_1_567' title='bbox 1237 2131 1427 2152; x_wconf 88' lang='lat' dir='ltr'>concessum</span> <span class='ocrx_word' id='word_1_568' title='bbox 1448 2122 1564 2157; x_wconf 77' lang='lat' dir='ltr'>eidem,</span> <span class='ocrx_word' id='word_1_569' title='bbox 1582 2125 1615 2154; x_wconf 89' lang='lat' dir='ltr'>et</span> <span class='ocrx_word' id='word_1_570' title='bbox 1631 2124 1701 2163; x_wconf 89' lang='lat' dir='ltr'>ipse</span> <span class='ocrx_word' id='word_1_571' title='bbox 1722 2123 1905 2164; x_wconf 84' lang='lat' dir='ltr'>hujusmodi</span> <span class='ocrx_word' id='word_1_572' title='bbox 1925 2124 2148 2155; x_wconf 85' lang='lat' dir='ltr'>concessione</span> 
     </span>
     <span class='ocr_line' id='line_1_82' title="bbox 1161 2179 2145 2220; baseline 0.002 -12"><span class='ocrx_word' id='word_1_573' title='bbox 1161 2189 1221 2208; x_wconf 90' lang='lat' dir='ltr'>non</span> <span class='ocrx_word' id='word_1_574' title='bbox 1244 2188 1332 2216; x_wconf 82' lang='lat' dir='ltr'>usus,</span> <span class='ocrx_word' id='word_1_575' title='bbox 1366 2179 1471 2219; x_wconf 77' lang='lat' dir='ltr'>magis</span> <span class='ocrx_word' id='word_1_576' title='bbox 1493 2179 1604 2210; x_wconf 89' lang='lat' dir='ltr'>debuit</span> <span class='ocrx_word' id='word_1_577' title='bbox 1625 2179 1664 2210; x_wconf 88' lang='lat' dir='ltr'>de</span> <span class='ocrx_word' id='word_1_578' title='bbox 1695 2180 1899 2220; x_wconf 85' lang='lat' dir='ltr'>negligentia</span> <span class='ocrx_word' id='word_1_579' title='bbox 1936 2180 2145 2220; x_wconf 87' lang='lat' dir='ltr'>reprehendi.</span> 
     </span>
     <span class='ocr_line' id='line_1_83' title="bbox 1162 2235 2145 2277; baseline 0.002 -12"><span class='ocrx_word' id='word_1_580' title='bbox 1162 2235 1320 2274; x_wconf 84' lang='lat' dir='ltr'>Negatum</span> <span class='ocrx_word' id='word_1_581' title='bbox 1341 2245 1419 2266; x_wconf 88' lang='lat' dir='ltr'>vero</span> <span class='ocrx_word' id='word_1_582' title='bbox 1440 2235 1542 2266; x_wconf 85' lang='lat' dir='ltr'>fuisse</span> <span class='ocrx_word' id='word_1_583' title='bbox 1562 2235 1605 2273; x_wconf 89' lang='lat' dir='ltr'>id,</span> <span class='ocrx_word' id='word_1_584' title='bbox 1635 2235 1673 2266; x_wconf 86' lang='lat' dir='ltr'>ad</span> <span class='ocrx_word' id='word_1_585' title='bbox 1704 2236 1785 2276; x_wconf 87' lang='lat' dir='ltr'>quod</span> <span class='ocrx_word' id='word_1_586' title='bbox 1814 2236 1947 2277; x_wconf 86' lang='lat' dir='ltr'>quilibet</span> <span class='ocrx_word' id='word_1_587' title='bbox 1972 2237 2145 2273; x_wconf 87' lang='lat' dir='ltr'>invitatur,</span> 
     </span>
     <span class='ocr_line' id='line_1_84' title="bbox 1160 2284 2147 2333; baseline 0.002 -12"><span class='ocrx_word' id='word_1_588' title='bbox 1160 2290 1313 2322; x_wconf 74' lang='lat' dir='ltr'>credibile</span> <span class='ocrx_word' id='word_1_589' title='bbox 1324 2284 1394 2322; x_wconf 62' lang='lat' dir='ltr'>&#39;non</span> <span class='ocrx_word' id='word_1_590' title='bbox 1406 2291 1545 2329; x_wconf 87' lang='lat' dir='ltr'>videtur,</span> <span class='ocrx_word' id='word_1_591' title='bbox 1560 2303 1629 2322; x_wconf 82' lang='lat' dir='ltr'>cum</span> <span class='ocrx_word' id='word_1_592' title='bbox 1646 2292 1792 2323; x_wconf 76' lang='lat' dir='ltr'>Ecclesia</span> <span class='ocrx_word' id='word_1_593' title='bbox 1804 2293 1960 2327; x_wconf 78' lang='lat' dir='ltr'>Romana,</span> <span class='ocrx_word' id='word_1_594' title='bbox 1975 2303 2035 2333; x_wconf 86' lang='lat' dir='ltr'>que</span> <span class='ocrx_word' id='word_1_595' title='bbox 2049 2303 2147 2333; x_wconf 87' lang='lat' dir='ltr'>quos-</span> 
     </span>
     <span class='ocr_line' id='line_1_85' title="bbox 1159 2347 2146 2390; baseline 0.002 -13"><span class='ocrx_word' id='word_1_596' title='bbox 1159 2347 1237 2378; x_wconf 88' lang='lat' dir='ltr'>libet</span> <span class='ocrx_word' id='word_1_597' title='bbox 1265 2348 1390 2379; x_wconf 87' lang='lat' dir='ltr'>electos</span> <span class='ocrx_word' id='word_1_598' title='bbox 1424 2349 1578 2379; x_wconf 68' lang='lat' dir='ltr'>canonice</span> <span class='ocrx_word' id='word_1_599' title='bbox 1611 2350 1796 2380; x_wconf 85' lang='lat' dir='ltr'>consecrari</span> <span class='ocrx_word' id='word_1_600' title='bbox 1826 2349 2006 2390; x_wconf 79' lang='lat' dir='ltr'>desiderat,</span> <span class='ocrx_word' id='word_1_601' title='bbox 2035 2350 2146 2390; x_wconf 86' lang='lat' dir='ltr'>puniat</span> 
     </span>
     <span class='ocr_line' id='line_1_86' title="bbox 1160 2404 2144 2447; baseline 0.003 -14"><span class='ocrx_word' id='word_1_602' title='bbox 1160 2404 1306 2445; x_wconf 77' lang='lat' dir='ltr'>graviter</span> <span class='ocrx_word' id='word_1_603' title='bbox 1336 2405 1546 2446; x_wconf 80' lang='lat' dir='ltr'>negligentes</span> <span class='ocrx_word' id='word_1_604' title='bbox 1581 2406 1709 2446; x_wconf 87' lang='lat' dir='ltr'>sintque</span> <span class='ocrx_word' id='word_1_605' title='bbox 1747 2416 1828 2446; x_wconf 80' lang='lat' dir='ltr'>pene</span> <span class='ocrx_word' id='word_1_606' title='bbox 1865 2416 1880 2435; x_wconf 86' lang='lat' dir='ltr'>a</span> <span class='ocrx_word' id='word_1_607' title='bbox 1908 2406 1982 2447; x_wconf 85' lang='lat' dir='ltr'>jure</span> <span class='ocrx_word' id='word_1_608' title='bbox 2018 2406 2144 2447; x_wconf 89' lang='lat' dir='ltr'>prodite</span> 
     </span>
     <span class='ocr_line' id='line_1_87' title="bbox 1159 2461 2146 2502; baseline 0.002 -12"><span class='ocrx_word' id='word_1_609' title='bbox 1159 2464 1272 2491; x_wconf 79' lang='lat' dir='ltr'>contra</span> <span class='ocrx_word' id='word_1_610' title='bbox 1291 2461 1390 2497; x_wconf 81' lang='lat' dir='ltr'>tales;</span> <span class='ocrx_word' id='word_1_611' title='bbox 1404 2471 1445 2492; x_wconf 79' lang='lat' dir='ltr'>ex</span> <span class='ocrx_word' id='word_1_612' title='bbox 1463 2471 1523 2501; x_wconf 89' lang='lat' dir='ltr'>quo</span> <span class='ocrx_word' id='word_1_613' title='bbox 1538 2462 1676 2502; x_wconf 86' lang='lat' dir='ltr'>presumi</span> <span class='ocrx_word' id='word_1_614' title='bbox 1695 2472 1754 2492; x_wconf 90' lang='lat' dir='ltr'>non</span> <span class='ocrx_word' id='word_1_615' title='bbox 1771 2462 1881 2500; x_wconf 84' lang='lat' dir='ltr'>debet,</span> <span class='ocrx_word' id='word_1_616' title='bbox 1898 2463 1930 2492; x_wconf 91' lang='lat' dir='ltr'>ut</span> <span class='ocrx_word' id='word_1_617' title='bbox 1948 2462 2024 2492; x_wconf 86' lang='lat' dir='ltr'>inde</span> <span class='ocrx_word' id='word_1_618' title='bbox 2039 2462 2146 2492; x_wconf 85' lang='lat' dir='ltr'>orian—</span> 
     </span>
     <span class='ocr_line' id='line_1_88' title="bbox 1159 2517 2144 2558; baseline 0.001 -11"><span class='ocrx_word' id='word_1_619' title='bbox 1159 2520 1211 2547; x_wconf 88' lang='lat' dir='ltr'>tur</span> <span class='ocrx_word' id='word_1_620' title='bbox 1230 2517 1359 2558; x_wconf 79' lang='lat' dir='ltr'>injurie,</span> <span class='ocrx_word' id='word_1_621' title='bbox 1384 2517 1465 2548; x_wconf 90' lang='lat' dir='ltr'>unde</span> <span class='ocrx_word' id='word_1_622' title='bbox 1481 2518 1553 2558; x_wconf 71' lang='lat' dir='ltr'>jura</span> <span class='ocrx_word' id='word_1_623' title='bbox 1571 2520 1759 2548; x_wconf 73' lang='lat' dir='ltr'>nascuntur.</span> <span class='ocrx_word' id='word_1_624' title='bbox 1783 2518 1874 2554; x_wconf 80' lang='lat' dir='ltr'>Quod</span> <span class='ocrx_word' id='word_1_625' title='bbox 1895 2521 2001 2548; x_wconf 86' lang='lat' dir='ltr'>:uitem</span> <span class='ocrx_word' id='word_1_626' title='bbox 2019 2518 2058 2549; x_wconf 88' lang='lat' dir='ltr'>de</span> <span class='ocrx_word' id='word_1_627' title='bbox 2081 2518 2144 2549; x_wconf 85' lang='lat' dir='ltr'>dif-</span> 
     </span>
     <span class='ocr_line' id='line_1_89' title="bbox 1159 2573 2145 2615; baseline 0.002 -12"><span class='ocrx_word' id='word_1_628' title='bbox 1159 2573 1303 2604; x_wconf 74' lang='lat' dir='ltr'>ficultate</span> <span class='ocrx_word' id='word_1_629' title='bbox 1322 2574 1449 2604; x_wconf 86' lang='lat' dir='ltr'>itineris</span> <span class='ocrx_word' id='word_1_630' title='bbox 1471 2574 1619 2605; x_wconf 83' lang='lat' dir='ltr'>veniendi</span> <span class='ocrx_word' id='word_1_631' title='bbox 1648 2574 1685 2605; x_wconf 90' lang='lat' dir='ltr'>ad</span> <span class='ocrx_word' id='word_1_632' title='bbox 1712 2575 1847 2611; x_wconf 82' lang='lat' dir='ltr'>curiam,</span> <span class='ocrx_word' id='word_1_633' title='bbox 1870 2575 2061 2615; x_wconf 87' lang='lat' dir='ltr'>impotentia</span> <span class='ocrx_word' id='word_1_634' title='bbox 2083 2575 2145 2605; x_wconf 61' lang='grc'><strong>501·</strong></span> 
     </span>
     <span class='ocr_line' id='line_1_90' title="bbox 1159 2629 2143 2671; baseline 0.002 -12"><span class='ocrx_word' id='word_1_635' title='bbox 1159 2629 1251 2659; x_wconf 85' lang='lat' dir='ltr'>vendi</span> <span class='ocrx_word' id='word_1_636' title='bbox 1273 2629 1428 2664; x_wconf 72' lang='lat' dir='ltr'>debitum„</span> <span class='ocrx_word' id='word_1_637' title='bbox 1462 2630 1501 2662; x_wconf 87' lang='lat' dir='ltr'>de</span> <span class='ocrx_word' id='word_1_638' title='bbox 1522 2631 1723 2671; x_wconf 78' lang='lat' dir='ltr'>indulgentia</span> <span class='ocrx_word' id='word_1_639' title='bbox 1746 2630 1804 2661; x_wconf 86' lang='lat' dir='ltr'>sibi</span> <span class='ocrx_word' id='word_1_640' title='bbox 1838 2641 1994 2662; x_wconf 74' lang='lat' dir='ltr'>concessa</span> <span class='ocrx_word' id='word_1_641' title='bbox 2025 2633 2059 2662; x_wconf 88' lang='lat' dir='ltr'>et</span> <span class='ocrx_word' id='word_1_642' title='bbox 2079 2631 2143 2661; x_wconf 92' lang='lat' dir='ltr'>cir—</span> 
     </span>
     <span class='ocr_line' id='line_1_91' title="bbox 1158 2686 2143 2728; baseline 0.002 -13"><span class='ocrx_word' id='word_1_643' title='bbox 1158 2686 1383 2717; x_wconf 70' lang='lat' dir='ltr'>cumductione</span> <span class='ocrx_word' id='word_1_644' title='bbox 1406 2687 1615 2727; x_wconf 87' lang='lat' dir='ltr'>quorumdam</span> <span class='ocrx_word' id='word_1_645' title='bbox 1640 2691 1818 2728; x_wconf 87' lang='lat' dir='ltr'>temporum</span> <span class='ocrx_word' id='word_1_646' title='bbox 1839 2687 2019 2721; x_wconf 78' lang='lat' dir='ltr'>dicebatur,</span> <span class='ocrx_word' id='word_1_647' title='bbox 2040 2688 2143 2728; x_wconf 90' lang='lat' dir='ltr'>ipsum</span> 
     </span>
     <span class='ocr_line' id='line_1_92' title="bbox 1155 2743 2143 2784; baseline 0 -11"><span class='ocrx_word' id='word_1_648' title='bbox 1155 2743 1338 2783; x_wconf 76' lang='lat' dir='ltr'>Philippum</span> <span class='ocrx_word' id='word_1_649' title='bbox 1358 2753 1418 2773; x_wconf 88' lang='lat' dir='ltr'>non</span> <span class='ocrx_word' id='word_1_650' title='bbox 1439 2743 1576 2779; x_wconf 78' lang='lat' dir='ltr'>relevat,</span> <span class='ocrx_word' id='word_1_651' title='bbox 1597 2744 1692 2774; x_wconf 88' lang='lat' dir='ltr'>immo</span> <span class='ocrx_word' id='word_1_652' title='bbox 1713 2747 1841 2784; x_wconf 84' lang='lat' dir='ltr'>gravat,</span> <span class='ocrx_word' id='word_1_653' title='bbox 1864 2754 1934 2774; x_wconf 76' lang='lat' dir='ltr'>cum</span> <span class='ocrx_word' id='word_1_654' title='bbox 1961 2744 2043 2774; x_wconf 86' lang='lat' dir='ltr'>idem</span> <span class='ocrx_word' id='word_1_655' title='bbox 2064 2744 2143 2774; x_wconf 80' lang='lat' dir='ltr'>fina-</span> 
     </span>
     <span class='ocr_line' id='line_1_93' title="bbox 1157 2798 2146 2840; baseline 0.002 -11"><span class='ocrx_word' id='word_1_656' title='bbox 1157 2798 1232 2829; x_wconf 90' lang='lat' dir='ltr'>liter</span> <span class='ocrx_word' id='word_1_657' title='bbox 1253 2810 1312 2829; x_wconf 89' lang='lat' dir='ltr'>non</span> <span class='ocrx_word' id='word_1_658' title='bbox 1335 2800 1445 2830; x_wconf 88' lang='lat' dir='ltr'>venire</span> <span class='ocrx_word' id='word_1_659' title='bbox 1466 2798 1641 2840; x_wconf 67' lang='lat' dir='ltr'>disponens</span> <span class='ocrx_word' id='word_1_660' title='bbox 1663 2799 1779 2830; x_wconf 85' lang='lat' dir='ltr'>multas</span> <span class='ocrx_word' id='word_1_661' title='bbox 1800 2800 1831 2830; x_wconf 90' lang='grc'>10</span> <span class='ocrx_word' id='word_1_662' title='bbox 1853 2800 1912 2831; x_wconf 83' lang='grc'><strong>1106</strong></span> <span class='ocrx_word' id='word_1_663' title='bbox 1932 2800 2146 2831; x_wconf 80' lang='lat' dir='ltr'>difficultates</span> 
     </span>
     <span class='ocr_line' id='line_1_94' title="bbox 1157 2856 2143 2898; baseline 0.002 -13"><span class='ocrx_word' id='word_1_664' title='bbox 1157 2856 1345 2896; x_wconf 76' lang='lat' dir='ltr'>ingesserit,</span> <span class='ocrx_word' id='word_1_665' title='bbox 1374 2858 1596 2898; x_wconf 84' lang='lat' dir='ltr'>paupertatem</span> <span class='ocrx_word' id='word_1_666' title='bbox 1629 2859 1660 2887; x_wconf 79' lang='lat' dir='ltr'>et</span> <span class='ocrx_word' id='word_1_667' title='bbox 1690 2857 1877 2887; x_wconf 79' lang='lat' dir='ltr'>inimicitias</span> <span class='ocrx_word' id='word_1_668' title='bbox 1912 2856 2143 2897; x_wconf 82' lang='lat' dir='ltr'>confingendo.</span> 
     </span>
    </p>
   </div>
   <div class='ocr_carea' id='block_1_16' title="bbox 1188 2981 1495 3011">
    <p class='ocr_par' dir='ltr' id='par_1_16' title="bbox 1188 2981 1495 3011">
     <span class='ocr_line' id='line_1_95' title="bbox 1188 2981 1495 3011; baseline 0 -8"><span class='ocrx_word' id='word_1_669' title='bbox 1188 2982 1207 3003; x_wconf 83' lang='grc'>1.</span> <span class='ocrx_word' id='word_1_670' title='bbox 1227 2981 1271 3003; x_wconf 64' lang='grc'><strong>1115.</strong></span> <span class='ocrx_word' id='word_1_671' title='bbox 1289 2989 1295 3003; x_wconf 79' lang='grc'><em>;</em></span> <span class='ocrx_word' id='word_1_672' title='bbox 1311 2981 1495 3011; x_wconf 78' lang='lat' dir='ltr'>impetentem.</span> 
     </span>
    </p>
   </div>
  </div>
 </body>
</html>
