2477 3512
975 267 1247 315 CINQUIEME
1273 267 1439 305 ANNEE
2218 273 2260 306 65

151 397 164 414 «
178 385 308 417 habere
329 384 393 416 soli
414 386 450 416 et
472 383 681 415 habebimus
703 382 738 413 in
760 381 844 413 villa
867 380 1152 423 Pampilonensi3

150 440 205 472 «si
229 441 350 471 tamen
376 438 484 480 aliqui
509 439 551 470 de
576 436 659 469 villa
685 439 829 479 propter
853 436 1042 472 defectum,
1070 435 1152 477 quia

150 505 247 526 «non
272 494 414 526 iverunt
438 493 483 525 ad
507 492 702 524 exereitum
727 494 888 523 nostrum
912 490 967 523 vel
993 490 1152 522 cavalca-

149 552 263 586 «tam,
298 549 333 580 in
368 548 607 590 calumpniam
640 547 697 578 vel
731 547 918 578 emendam
952 545 1150 582 inciderint,

149 604 324 636 «emenda
346 603 519 635 manualis
540 602 606 634 fiat
627 602 729 633 nobis
749 601 804 633 vel
826 601 997 633 mandato
1018 603 1150 636 nostro,

149 659 212 689 «et
239 655 324 688 illud
354 656 448 698 quod
478 655 637 687 dandum
664 654 773 686 fuerit
800 664 862 696 pro
891 653 1040 685 emenda
1068 653 1153 684 reci-

149 709 277 751 «piant
302 708 413 750 bajuli
438 708 549 740 nostri
575 710 611 740 et
636 707 790 749 episcopi
816 717 856 738 ac
881 705 1022 738 ecclesie
1048 705 1151 737 simul

150 764 212 794 «et
234 762 416 794 dividatur
436 761 529 793 inter
549 770 612 792 nos
633 763 669 792 et
690 760 794 802 ipsos,
818 760 867 791 ita
887 760 981 801 quod
1005 769 1067 790 nos
1088 759 1152 790 soli

149 815 370 846 «habeamus
399 814 640 846 medietatem.
671 813 831 854 Excepto
861 813 970 844 etiam
1000 812 1094 853 quod
1124 811 1151 843 si

148 878 238 899 «nos
271 868 480 909 petitionem
513 867 685 898 faciamus
718 875 780 908 pro
814 865 886 897 filia
920 864 976 897 vel
1009 865 1151 896 filiabus

145 920 303 953 «nostris
340 919 560 956 maritandis,
598 919 655 950 vel
694 928 755 960 pro
794 918 909 949 eundo
948 918 992 949 ad
1031 920 1150 959 partes

145 973 438 1010 «transmarinas,
476 972 533 1004 vel
571 972 598 1003 si
637 980 800 1013 guerram
837 971 1032 1003 habeamus
1069 981 1149 1002 cum

145 1025 289 1068 «aliquo
309 1034 398 1068 rege,
420 1025 455 1057 in
475 1025 551 1057 istis
570 1025 685 1056 tribus
705 1024 843 1056 casibus
864 1023 1031 1065 quicquid
1052 1024 1150 1055 dabi-

144 1081 232 1110 «tur
269 1081 430 1111 nostrum
469 1078 545 1116 erit,
586 1088 649 1110 nec
687 1077 872 1119 episcopus
910 1077 966 1109 vel
1005 1077 1149 1109 00010513

144 1132 460 1174 «Pampilonenses
496 1131 592 1163 istud
630 1133 801 1173 poterunt
838 1130 1018 1171 impedire.
1061 1130 1150 1161 Item

144 1179 252 1217 «cum
276 1194 339 1217 nos
363 1184 564 1217 cuderimus
588 1194 719 1215 novam
743 1185 936 1219 monetam,
962 1183 1150 1224 reprobata

143 1238 294 1275 «veteri,
330 1238 526 1270 habeamus
559 1247 718 1269 mensam
752 1235 1032 1267 numulariorum
1066 1245 1151 1277 qua-

143 1303 156 1320 «
171 1290 334 1332 draginta
352 1291 476 1322 diebus
492 1290 556 1322 soli
573 1300 634 1332 per
650 1299 723 1327 nos,
741 1289 776 1320 in
794 1289 922 1331 quibus
939 1289 1151 1330 quadragin-

142 1346 208 1376 «ta
229 1343 352 1376 diebus
373 1343 489 1375 nullus
510 1343 598 1375 alius
619 1343 748 1374 debeat
768 1341 922 1373 cambire
944 1342 985 1373 (10
1006 1344 1150 1373 moneta

142 1406 262 1429 «nova
295 1407 360 1429 nec
392 1397 434 1428 de
465 1396 666 1438 reprobata,
700 1395 765 1427 nisi
796 1395 831 1426 in
863 1404 984 1426 mensa
1016 1397 1148 1426 nostra.

141 1461 156 1480 «
170 1449 223 1482 De
241 1450 317 1482 aliis
331 1460 414 1482 vero
433 1449 595 1486 monetis,
614 1451 690 1481 tam
708 1448 744 1480 in
763 1458 883 1480 mensa
902 1450 1022 1480 nostra
1041 1457 1149 1489 quam

142 1502 204 1534 «in
223 1502 299 1534 aliis
319 1502 458 1540 mensis,
480 1502 616 1544 possint
636 1501 789 1533 cambire
808 1501 914 1532 libere
934 1510 1148 1542 campsores.

141 1567 155 1584 «
173 1555 273 1594 Item,
293 1555 329 1587 in
348 1555 588 1587 oblationibus
608 1565 675 1596 que
694 1554 787 1585 fiunt
806 1553 862 1585 vel
881 1553 969 1585 fient
988 1553 1023 1585 in
1042 1553 1149 1585 eccle—

141 1608 237 1646 «siis,
265 1619 336 1640 non
362 1608 573 1640 habebimus
599 1607 756 1649 aliquam
783 1606 995 1648 portionem,
1024 1616 1085 1638 nec
1112 1606 1147 1637 in

141 1661 416 1693 «anniversariis
452 1661 508 1693 vel
545 1661 580 1692 in
617 1660 684 1693 hiis
722 1670 799 1702 que,
840 1660 982 1701 quando
1021 1659 1147 1701 aliquis

141 1714 327 1752 «moritur,
350 1715 482 1746 dantur
502 1715 546 1746 ad
568 1714 633 1746 hoc
655 1714 749 1755 quod
771 1712 930 1745 canonici
952 1715 1081 1744 exeant
1101 1713 1146 1744 ad

141 1767 280 1800 «fossas
306 1770 342 1800 et
368 1767 545 1800 eelebrent
572 1767 696 1799 missas
724 1776 785 1808 pro
814 1766 993 1802 defuncto,
1023 1775 1085 1797 nec
1111 1765 1146 1797 in

141 1821 272 1853 «rebus
304 1821 494 1852 mobilibus
526 1831 594 1862 que
626 1830 688 1862 pro
720 1818 886 1851 luminari
918 1821 982 1850 aut
1013 1818 1146 1850 fabrica

141 1886 154 1902 ι(
168 1874 310 1906 ecclesie
324 1874 517 1906 dabuntur.
534 1873 568 1905 Si
582 1876 703 1905 autem
717 1883 833 1904 rerum
848 1871 1031 1903 mobilium
1047 1871 1147 1903 nobis

141 1927 224 1958 «vel
252 1927 416 1969 episeopo
446 1929 509 1958 aut
537 1926 679 1959 ecclesie
709 1925 971 1967 Pampilonensi
1001 1924 1146 1956 donatio

141 1980 263 2012 «facta
294 1980 412 2017 fuerit,
445 1979 551 2012 solius
581 1979 647 2011 erit
678 1979 734 2011 cui
766 1978 911 2010 donatio
943 1978 1038 2009 facta
1069 1977 1145 2009 erit.

140 2033 203 2065 «Si
220 2043 303 2065 vero
323 2033 425 2065 alicui
445 2035 618 2069 nostrum,
637 2031 803 2063 videlieet
822 2031 922 2063 nobis
941 2031 996 2062 vel
1015 2030 1147 2072 episco-

140 2098 153 2114 ‹<
167 2096 211 2128 po
234 2089 298 2118 aut
319 2086 461 2118 ecclesie
484 2085 746 2127 Pampilonensi
768 2094 822 2116 res
844 2084 1043 2116 immobiles
1066 2093 1147 2115 con-

140 2139 336 2176 «ferantur,
370 2139 463 2171 inter
495 2148 557 2170 nos
590 2141 626 2170 et
658 2138 863 2180 episcopum
897 2139 932 2169 et
965 2136 1147 2169 ecelesiam

139 2192 455 2234 «Pampilonenses
486 2201 691 2224 communes
723 2193 837 2227 erunt,
871 2190 921 2222 ita
956 2190 1051 2232 quod
1083 2199 1146 2221 nos

139 2245 230 2278 «soli
258 2245 469 2278 habebimus
498 2245 738 2277 medietatem.
770 2244 804 2276 Si
834 2254 917 2275 vero
947 2253 1009 2275 nos
1038 2242 1148 2275 credi-

140 2308 245 2330 «mus
273 2299 367 2340 quod
395 2298 443 2330 illi
471 2299 514 2330 de
540 2298 623 2329 villa
652 2297 915 2339 Pampilonensi
942 2296 996 2328 vel
1025 2305 1147 2327 eorum

140 2351 295 2393 «aliquis
315 2351 369 2384 vel
391 2351 510 2393 aliqui,
532 2351 753 2392 temporibus
774 2349 969 2387 retroactis,
992 2349 1147 2390 delique-

140 2404 239 2436 «rint
260 2407 382 2436 contra
407 2415 469 2436 nos
492 2404 547 2436 vel
570 2404 671 2435 nobis
693 2403 829 2445 aliquas
852 2402 998 2444 injurias
1021 2402 1148 2433 intule-

139 2457 248 2495 «rint,
277 2457 340 2489 soli
368 2458 535 2490 emendas
563 2457 774 2489 habebimus
802 2459 837 2488 et
865 2466 924 2488 eas
952 2455 1146 2497 poterimus

139 2521 353 2553 «procurare
378 2513 413 2543 et
437 2511 554 2542 levare
580 2520 641 2552 pro
667 2509 856 2542 voluntate
882 2511 1003 2541 nostra
1028 2508 1145 2545 libere,

139 2573 229 2596 «nec
258 2563 444 2606 episcopus
472 2574 535 2596 nec
564 2563 708 2595 ecclesia
738 2561 1021 2605 Pampilonensis
1049 2563 1148 2603 pote-

140 2619 251 2649 «runt
274 2617 514 2649 contradicere
537 2617 594 2648 vel
616 2616 652 2648 in
676 2616 794 2658 aliquo
818 2615 1018 2648 reclamare.
1045 2615 1148 2645 (Ium-

138 2679 234 2711 «que
271 2672 470 2712 peteremus
505 2670 549 2701 ab
584 2669 747 2711 episcopo
783 2668 987 2710 supradicto
1024 2668 1148 2699 domos

139 2732 255 2764 «quas
273 2722 347 2765 ipse
367 2723 515 2754 tenebat
535 2723 631 2764 apud
653 2721 909 2764 l’ampilonem,
931 2721 1018 2753 sitas
1039 2731 1146 2762 prope

139 2788 152 2804 «
166 2775 347 2808 ecclesiam
370 2776 491 2807 Sancti
514 2775 620 2812 Petri,
644 2785 733 2817 quas
753 2775 872 2807 inclite
894 2773 1146 2806 recordationis

139 2838 227 2861 «rex
256 2828 412 2866 Saucius,
442 2838 596 2870 proavus
625 2830 754 2865 noster,
785 2827 978 2864 edificavit,
1008 2829 1044 2858 et
1072 2836 1145 2858 eas—

139 2882 246 2913 «dem
274 2882 317 2913 ad
346 2892 408 2913 nos
435 2881 620 2923 pertinere,
647 2883 683 2913 et
708 2880 744 2912 in
771 2881 818 2912 015
846 2890 908 2911 1105
933 2879 990 2921 jus
1017 2880 1144 2911 habere

140 2948 152 2965 α
168 2935 372 2972 diceremus,
399 2935 604 2967 ordinatum
628 2934 698 2966 fuit
723 2934 765 2966 (10
791 2943 963 2966 consensu
989 2932 1145 2975 partium

139 3001 152 3017 «
167 2991 202 3021 et
223 2988 422 3020 comuniter
443 2987 699 3020 concordatum
722 2987 817 3029 quod
840 2987 966 3018 domus
988 2985 1145 3028 predicte

1258 380 1386 411 «nobis
1426 380 1671 416 restituantur,
1714 381 1750 410 et
1789 389 1897 420 penes
1938 389 2001 411 nos
2040 382 2076 411 01
2115 379 2260 412 heredes

1257 437 1422 467 «nostros
1447 444 1542 476 reges
1568 435 1726 467 Navarre
1752 434 1787 465 in
1814 436 2024 476 perpetuum
2050 437 2258 467 remaneant

1257 500 1363 521 «011111
1390 493 1467 522 tota
1495 490 1673 532 porpresia
1702 492 1737 521 et
1764 489 1927 521 omnibus
1956 489 2176 530 pertinentiis
2203 499 2259 521 ea-

1257 557 1268 572 «
1283 546 1442 577 rundem.
1465 546 1600 577 Domus
1619 555 1704 576 vero
1726 554 1813 586 quas
1832 544 2041 575 tenebamus
2061 544 2095 574 in
2116 543 2259 584 pignore

1257 608 1391 640 «prope
1416 598 1599 630 ecclesiam
1622 598 1731 629 Beate
1756 597 1865 628 Marie
1890 596 2168 638 Pampilonensis
2193 606 2260 638 que

1256 654 1457 682 «vocantur
1481 651 1591 682 Jhesu
1616 650 1754 686 Christi,
1781 659 1847 691 que
1871 652 1955 681 sunt
1978 648 2132 690 episcopi
2157 649 2261 681 Pam-

1256 703 1471 744 «pilonensis
1511 703 1661 745 proprie,
1702 703 1898 734 reddantur
1936 702 2042 733 libere
2082 701 2258 743 episcopo,

1257 769 1268 784 κ
1283 759 1318 788 01
1355 757 1512 798 predicto
1548 756 1711 797 episcopo
1748 758 1783 786 et
1818 755 1894 796 ejus
1929 754 2189 786 successoribus
2224 754 2259 786 in

1256 812 1494 851 «perpetuum
1534 810 1742 840 remaneant
1783 817 1863 839 011111
1904 807 2076 848 porprisia
2118 817 2180 838 sua
2222 810 2258 838 et

1255 862 1446 894 «omnibus
1474 861 1696 904 pertinentiis
1724 860 1926 891 earundem.
1956 860 2004 891 Et
2032 862 2071 891 ut
2099 860 2257 901 predicta

1256 915 1401 947 «omnia
1425 917 1460 946 et
1486 913 1622 955 singula
1646 913 1749 944 firma
1774 916 1810 944 et
1833 912 1969 944 illibata
1993 915 2029 944 et
2052 912 2259 944 inconcussa

1255 968 1480 1000 «stabilitate
1512 967 1679 999 roborata
1711 966 1746 997 in
1780 968 1991 1007 perpetuum
2024 965 2178 996 debeant
2210 975 2261 997 re-

1255 1034 1268 1050 «
1284 1031 1435 1058 manere,
1462 1030 1524 1052 nos
1550 1022 1585 1052 et
1610 1019 1794 1061 episcopus
1819 1018 1999 1060 predictus
2023 1018 2065 1049 de
2089 1027 2259 1049 consensu

1255 1073 1460 1116 «Peregrini
1486 1075 1522 1105 et
1548 1072 1738 1109 Thomasii,
1766 1071 2094 1103 archidiaconorum
2120 1070 2261 1112 Pampi-

1255 1127 1491 1163 «lonensium,
1520 1128 1791 1168 procuratorum
1817 1123 1963 1166 capituli
1989 1122 2130 1155 ecclesie
2157 1124 2260 1155 Pam-

1255 1193 1267 1209 «
1283 1179 1473 1222 pilonensis
1497 1178 1776 1211 constitutorum
1800 1177 1998 1219 specialiter
2021 1177 2066 1208 ad
2089 1177 2261 1218 composi-

1256 1233 1417 1265 «tionem
1440 1232 1651 1268 faciendam,
1675 1241 1715 1263 ea
1739 1241 1800 1273 pro
1824 1230 1925 1262 nobis
1947 1232 1983 1261 et
2005 1229 2261 1261 successoribus

1255 1286 1422 1323 «nostris,
1462 1285 1622 1317 volentes
1651 1294 1867 1316 successores
1897 1285 2046 1319 nostros,
2076 1282 2168 1314 sicut
2197 1292 2259 1314 un-

1254 1349 1390 1381 «quam
1423 1338 1560 1370 firmius
1594 1340 1752 1380 possunt,
1788 1337 1832 1369 ad
1866 1336 2153 1368 observationem
2185 1345 2261 1377 pre-

1254 1392 1469 1424 «missorum
1500 1392 1535 1422 in
1567 1393 1779 1433 perpetuum
1811 1389 1975 1431 obligare,
2009 1389 2194 1420 firmamus
2224 1388 2259 1420 in

1254 1445 1402 1477 «formis
1426 1445 1570 1477 inferius
1594 1444 1776 1476 annotatis
1801 1454 1808 1475 z

1300 1511 1312 1527 «
1335 1499 1408 1530 Nos
1431 1497 1667 1534 Theobaldus‚
1693 1496 1758 1528 Dei
1781 1496 1895 1537 gratia
1918 1505 1980 1527 rex
2003 1495 2161 1527 Navarre
2185 1504 2262 1536 pre·-

1252 1552 1407 1588 «dictus,
1437 1561 1499 1592 pro
1527 1550 1682 1582 remedio
1710 1549 1826 1581 anime
1854 1551 1973 1580 nostre
2000 1550 2036 1579 et
2063 1550 2262 1579 antecesso-

1252 1614 1357 1635 «rum
1401 1606 1615 1640 nostrorum,
1660 1605 1696 1634 et
1740 1601 1940 1644 specialiter
1982 1600 2094 1642 patris
2137 1600 2264 1634 nostri,

1252 1657 1506 1688 «intendentes
1530 1656 1565 1687 in
1591 1656 1656 1687 hoc
1681 1656 1795 1687 faeere
1819 1653 2073 1686 helemosinam
2097 1652 2262 1694 episcopo

1251 1713 1314 1742 «et
1335 1708 1476 1742 ecclesie
1499 1708 1832 1751 pampilonensibus
1852 1717 1914 1749 pro
1936 1706 2002 1738 hiis
2023 1716 2090 1747 que
2111 1705 2156 1737 ab
2177 1705 2261 1747 ipsis

1251 1763 1471 1805 «accipimus
1500 1772 1544 1794 ex
1572 1762 1638 1793 hae
1667 1760 1935 1803 compositione,
1964 1759 2125 1800 juramus
2153 1768 2260 1800 supra

1251 1829 1263 1845 «
1278 1818 1503 1848 sacrosancta
1533 1815 1598 1847 Dei
1627 1813 1810 1855 evangelia
1839 1813 1935 1855 quod
1964 1812 2128 1844 dabimus
2157 1821 2261 1853 opem

1250 1872 1313 1901 «et
1344 1879 1488 1911 operam
1521 1867 1726 1909 diligentem
1758 1870 1798 1898 ut
1829 1876 1869 1898 ea
1901 1876 1969 1908 que
2000 1874 2105 1906 super
2135 1863 2261 1896 castris

1250 1935 1262 1951 «
1277 1925 1313 1954 01
1339 1931 1443 1964 super
1468 1920 1716 1953 communione
1742 1920 1817 1951 sive
1844 1919 2015 1951 societate
2041 1917 2200 1960 predicta
2224 1908 2259 1948 in

1250 1974 1488 2017 «pampilona
1519 1976 1555 2006 et
1586 1973 1746 2005 terminis
1777 1972 1853 2013 ejus
1884 1971 2044 2013 superius
2075 1969 2260 2002 continen-

1249 2031 1345 2065 «tur,
1371 2028 1406 2059 in
1431 2027 1595 2059 omnibus
1618 2030 1654 2058 et
1677 2036 1739 2068 per
1762 2025 1880 2057 omnia
1904 2023 2059 2056 fideliter
2081 2023 2116 2055 in
2138 2032 2261 2065 perpe-

1250 2094 1261 2110 «
1276 2084 1379 2113 11111111
1420 2081 1664 2116 observentur,
1706 2082 1741 2111 et
1780 2079 1944 2110 heredem
1984 2079 2156 2113 nostrum,
2198 2075 2258 2117 qui

1250 2137 1488 2175 «regnaturus
1510 2133 1586 2170 erit,
1610 2133 1637 2165 si
1661 2143 1767 2174 quem
1790 2132 1890 2163 nobis
1913 2130 2087 2162 Dominus
2109 2128 2257 2165 dederit,

1250 2197 1358 2219 «cum
1385 2187 1430 2219 ad
1458 2196 1570 2219 annos
1598 2186 1798 2228 pubertatis
1826 2183 2037 2227 pervenerit,
2066 2183 2160 2214 bona
2187 2181 2258 2213 fide

1250 2241 1485 2272 «inducemus
1520 2242 1556 2271 et
1591 2239 1705 2271 eidem
1741 2248 1904 2280 expresse
1939 2235 2183 2279 precipiemus‚
2224 2237 2259 2266 et

1249 2293 1545 2336 «procurabimus
1564 2293 1657 2325 bona
1676 2292 1747 2324 side
1767 2292 1861 2334 quod
1882 2292 2015 2333 prestet
2034 2288 2145 2321 simile
2163 2288 2258 2329 jura-

1248 2350 1439 2379 «mentun.
1474 2347 1521 2378 Et
1554 2346 1619 2377 nisi
1652 2345 1822 2388 predicta,
1857 2346 2034 2386 quantum
2066 2342 2111 2374 ad
2143 2343 2259 2373 castra

1249 2402 1312 2432 «et
1348 2402 1525 2442 quantum
1562 2400 1606 2431 ad
1645 2399 1902 2430 comunitatem
1940 2397 2014 2428 sive
2050 2394 2258 2427 societatem

1249 2453 1475 2495 «predictam
1507 2452 1703 2489 fecerimus,
1737 2452 1781 2483 ab
1814 2451 1978 2493 episcopo
2011 2448 2169 2491 predicto
2201 2446 2258 2479 vel

1249 2517 1320 2538 «ex
1339 2509 1441 2549 parte
1461 2505 1570 2548 ipsius
1590 2505 1761 2547 requisiti,
1783 2505 1836 2536 ita
1857 2504 1952 2546 quod
1973 2503 2016 2535 de
2036 2502 2101 2534 hoc
2117 2502 2257 2533 constet

1249 2560 1470 2592 «existentes
1494 2560 1528 2591 111
1553 2567 1659 2599 regno
1684 2561 1804 2590 nostro
1830 2558 1989 2589 Navarre
2012 2555 2103 2586 infra
2124 2562 2257 2586 annum

1249 2615 1469 2655 «postquam
1512 2612 1681 2643 fuerimus
1723 2611 1893 2652 requisiti,
1938 2610 2130 2641 existentes
2173 2615 2254 2637 vero

1248 2669 1375 2697 «extra
1405 2674 1551 2706 regnum
1581 2665 1791 2707 predictum.
1822 2664 1910 2695 infra
1942 2661 2132 2694 biennium,
2163 2669 2256 2690 enio-

1249 2719 1477 2751 «Iumentum
1501 2728 1604 2750 omne
1628 2718 1723 2759 quod
1747 2717 1919 2749 habemus
1942 2718 1978 2747 et
2001 2714 2129 2745 habere
2153 2711 2256 2743 debc-

1249 2782 1354 2803 «mus
1382 2772 1417 2803 in
1447 2771 1543 2803 dicta
1571 2771 1752 2807 societate,
1782 2779 1802 2802 a
1833 2772 1989 2811 temporo
2017 2763 2255 2808 requisitionis

1249 2837 1261 2854 «
1277 2834 1389 2867 usque
1410 2834 1479 2866 quo
1501 2834 1692 2861 servemus,
1716 2823 1874 2865 predicta
1895 2822 2052 2854 habeant
2072 2818 2257 2861 episcopus

1249 2880 1312 2909 «et
1349 2877 1491 2908 ecelesia
1533 2876 1819 2918 pampilonenses
1856 2878 1892 2907 et
1928 2874 2111 2906 remaneat
2149 2878 2254 2911 penes

1250 2931 1369 2972 «ipsos
1392 2931 1464 2961 sine
1487 2930 1606 2971 aliqua
1629 2929 1912 2961 contradictione
1930 2930 1966 2960 et
1987 2924 2252 2967 impedimento,

1249 2996 1261 3012 «
1276 2987 1311 3015 01
1328 2984 1422 3025 quod
1441 2993 1509 3014 nou
1530 2985 1712 3015 teneamur
1727 2982 1775 3013 eis
1792 2982 1836 3013 ad
1854 2980 2116 3013 restitutionem
2126 2977 2251 3016 damp-
