2477 3512
184 259 225 291 8-11
885 252 1154 285 REGISTRES
1180 249 1532 284 D’ALEXANDRE
1562 249 1609 281 IV

188 359 324 391 diendis
352 358 421 389 tuis
448 359 483 388 ct
511 356 687 398 prioratus
716 356 765 387 tui
794 356 835 387 de
864 354 1023 391 Corbeni,
1052 355 1193 386 Laudu-

187 412 303 444 nensis
338 410 494 447 diocesis,
532 410 690 450 negotiis,
728 419 788 450 pro
824 408 953 450 quibus
987 408 1031 439 ad
1067 408 1192 439 Sedcm

188 464 430 507 Apostolicain
461 463 648 499 accessisti,
683 465 715 493 tc
745 461 862 493 subire
893 463 1057 502 oporteat
1087 470 1192 492 onera

187 527 432 559 expensarum,
458 526 499 547 ne
523 526 584 557 pro
608 515 747 547 defectu
771 515 927 556 ipsarum
951 514 1073 545 eadem
1097 514 1194 545 inex-

189 571 309 613 pedita
336 579 515 601 remanere
542 569 737 609 contingat,
768 578 840 604 nos,
869 567 940 599 tuis
966 567 1194 608 supplicatio-

189 624 291 655 nibus
316 622 485 658 inclinati,
512 621 744 653 contrahendi
770 623 934 652 mutuum
961 622 1105 662 propter
1130 620 1194 651 hoc

188 686 297 717 usque
323 676 366 707 ad
393 684 568 706 suminam
594 674 879 714 octingentarum
904 673 1073 704 librarum
1099 673 1195 704 l'ari-

187 729 364 765 siensium,
388 731 423 759 et
446 727 624 767 obligandi
647 727 880 759 creditoribus
903 736 1012 768 usque
1035 726 1079 758 ad
1101 735 1195 757 sum-

187 792 283 814 mam
310 781 514 822 hujusmodi
541 783 574 812 te
600 783 635 812 et
662 781 857 822 prioratum
885 780 1000 822 ipsum
1021 782 1054 810 ct
1077 778 1195 811 omnia

188 836 279 867 bona
318 844 392 872 sua,
431 844 471 866 ac
509 843 725 866 successores
762 836 854 869 tuos,
894 836 929 865 et
968 832 1195 864 renuntiandi

188 887 435 921 constitutioni
469 888 511 920 (le
545 887 683 919 duabus
717 886 820 919 dietis
852 886 948 918 edita
980 887 1015 918 in
1049 884 1195 917 concilio

187 941 350 982 generali,
386 943 422 972 et
457 940 628 972 beneficio
664 939 900 972 restitutionis
935 940 970 970 in
1006 939 1194 979 integrum,

188 1004 322 1027 necnon
348 996 382 1026 et
407 993 634 1026 conventioni
657 993 829 1034 judicum,
854 993 882 1024 si
906 993 1063 1034 ipsorum
1087 992 1197 1024 credi-

188 1051 307 1079 torum
346 1047 487 1078 nomine
526 1046 739 1088 apostolicas
778 1046 915 1078 litteras
953 1046 1197 1087 cujuscunque

190 1099 322 1132 tenoris
347 1100 380 1131 in
406 1102 587 1142 posterum
613 1099 795 1140 impetrari
821 1099 1018 1140 contigerit,
1046 1098 1198 1130 auctori-

187 1156 263 1185 tate
294 1153 510 1195 presentium
543 1152 605 1184 tibi
637 1153 862 1184 concedimus
893 1151 1113 1188 facultatem,
1144 1152 1195 1184 ita

187 1209 308 1238 tamen
335 1206 429 1248 quod
455 1208 494 1237 tu
520 1208 556 1237 et
580 1215 796 1237 successores
822 1205 885 1242 tui,
913 1205 1026 1236 usuris
1052 1205 1195 1237 omnino

188 1259 420 1296 cessantibus,
458 1258 649 1290 teneamini
686 1259 730 1290 ad
768 1258 972 1300 hujusmodi
1008 1258 1195 1300 pecuniam

188 1312 469 1355 persolvendam,
503 1314 538 1343 et
570 1312 615 1343 ad
648 1321 788 1353 penam,
823 1312 990 1353 dampna,
1024 1321 1198 1354 expensas

188 1368 224 1397 et
242 1365 420 1401 interesse,
439 1364 467 1396 si
484 1364 519 1395 in
539 1364 690 1396 termino
708 1374 727 1396 a
746 1367 781 1395 tc
799 1365 991 1396 statuendo
1010 1365 1197 1406 pecuniam

188 1428 258 1450 non
282 1417 520 1460 persolveritis
544 1420 789 1454 memoratam,
815 1417 956 1449 sublata
981 1418 1065 1459 ipsis
1088 1417 1197 1450 credi-

189 1471 325 1503 toribus
349 1470 559 1502 necessitate
582 1470 756 1512 probandi
781 1471 875 1512 quod
900 1471 1049 1513 pecunia
1072 1471 1196 1503 eadem

188 1525 224 1556 in
247 1523 440 1555 utilitatem
463 1523 549 1555 dicti
571 1523 750 1565 prioratus
771 1523 817 1555 sit
839 1533 1008 1556 conversa
1030 1526 1196 1565 pretextu

190 1577 339 1618 alicujus
371 1576 637 1609 constitutionis
669 1577 836 1608 canonice
875 1577 931 1608 vel
970 1577 1093 1613 civilis,
1128 1587 1197 1609 non

190 1630 419 1662 obstantibus
454 1630 631 1671 aliquibus
665 1630 847 1671 priviligiis
881 1630 935 1661 vel
970 1630 1199 1671 indulgentiis

191 1683 233 1715 de
264 1683 392 1724 quibus
421 1683 456 1714 in
487 1682 615 1714 nostris
645 1682 772 1714 litteris
802 1686 966 1724 oporteat
996 1683 1072 1714 fieri
1103 1693 1199 1715 men-

191 1736 336 1772 tionem,
362 1738 398 1767 et
423 1745 484 1777 per
509 1745 576 1777 que
602 1738 640 1766 tu
666 1745 705 1766 ac
731 1745 946 1767 successores
972 1736 1022 1767 tui
1050 1736 1199 1768 valeatis

191 1780 296 1831 super
311 1788 377 1820 hiis
391 1788 427 1820 in
443 1788 562 1830 aliquo
578 1798 642 1820 vos
657 1788 759 1820 tueri.
778 1789 860 1820 Dat.
878 1789 1048 1829 Anagnie,
1070 1789 1103 1820 ΙΙ
1120 1789 1198 1821 idus

192 1841 396 1878 decembris,
420 1851 512 1872 anno
535 1841 672 1883 quinto.
697 1853 709 1869 »

271 2026 360 2053 ³018
718 2026 853 2060 Anagni,
877 2026 914 2053 17
935 2027 1003 2060 Juin
1028 2026 1114 2054 1259.

232 2080 427 2108 Sententiam
451 2088 469 2108 a
492 2080 619 2108 Matheo
644 2081 681 2107 de
704 2080 863 2114 Alperino,
886 2080 1047 2114 capellano
1071 2081 1198 2114 aposto-

193 2124 262 2156 lico,
288 2125 320 2151 in
347 2132 441 2152 causa
467 2125 549 2151 inter
577 2125 745 2158 Rogerium
774 2125 810 2151 de
839 2124 984 2156 castello,
1012 2125 1197 2151 canonicum

193 2168 338 2195 ecclesiae
356 2169 393 2196 de
409 2169 526 2201 Bribia,
546 2169 783 2196 Mediolanensis
802 2169 943 2201 diocesis,
961 2176 999 2196 ex
1016 2170 1106 2203 parte
1125 2176 1198 2201 nna,

195 2220 232 2239 ac
253 2213 418 2240 Albertum
441 2214 478 2239 de
504 2213 601 2247 Ispira
624 2216 651 2240 et
679 2214 835 2241 Simonem
859 2215 896 2240 de
918 2213 1049 2245 Varisio,
1073 2213 1198 2240 clericos

195 2257 336 2290 ejiisdem
361 2258 489 2284 diocesis
514 2265 551 2284 cx
575 2258 673 2284 altera
697 2260 850 2291 vertente,
874 2258 973 2285 latam
997 2257 1197 2290 confirmans,

194 2302 373 2335 praeposito
397 2302 542 2328 ecclesiae
567 2302 596 2328 S.
622 2302 706 2328 Petri
730 2303 769 2329 ad
795 2303 933 2334 Ulmum,
959 2302 1198 2329 Mediolanensis

195 2345 335 2377 diocesis,
363 2346 494 2372 mandat
523 2347 558 2372 ut
587 2347 704 2373 dictam
733 2347 923 2374 sententiam
952 2347 1063 2380 exequi
1091 2347 1197 2374 faciat.

196 2389 292 2422 (Rae.
313 2390 361 2421 25,
380 2390 401 2416 f.
422 2390 490 2422 232,
510 2397 559 2416 an.
580 2390 617 2422 V,
637 2398 661 2416 c.
682 2391 764 2423 243.)

243 2504 255 2519 «
286 2516 306 2523 ..
337 2492 507 2533 preposito
538 2493 670 2525 ecclesie
700 2493 817 2526 Sancti
848 2493 941 2524 Petri
972 2493 1016 2524 ad
1050 2492 1200 2532 Ulmum,

197 2545 470 2578 Mediolanensis
495 2547 648 2579 diocesis.
675 2547 805 2579 Petitio
831 2547 949 2579 dilecti
974 2547 1036 2578 filii
1064 2548 1204 2589 Rogerii

198 2599 241 2631 de
273 2599 435 2637 Caste110,
469 2600 628 2632 canonici
660 2600 802 2632 ecclesie
835 2601 877 2632 dc
906 2600 1039 2638 Bribia,
1072 2601 1204 2634 Medio-

196 2651 350 2685 lanensis
374 2652 531 2690 diocesis,
557 2653 657 2684 nobis
681 2653 839 2685 exhibita
864 2653 1071 2686 continebat
1095 2656 1202 2697 quod,

199 2716 279 2739 cum
298 2706 334 2738 in
354 2716 460 2738 causa
481 2716 548 2748 que
569 2707 776 2738 vertebatur
794 2706 886 2738 inter
905 2707 1021 2748 ipsum
1041 2718 1084 2739 ex
1104 2712 1203 2750 parte

199 2769 281 2798 una,
304 2762 340 2792 et
361 2760 548 2792 Albertum
571 2760 612 2791 de
639 2760 747 2801 Ispira
770 2763 805 2791 et
828 2761 1019 2801 symonem
1042 2761 1083 2792 dc
1107 2761 1205 2793 Vari-

199 2813 260 2851 sio,
303 2812 444 2846 clericos
485 2813 756 2845 Mediolanensis
799 2814 955 2850 diocesis,
998 2824 1040 2845 ex
1082 2814 1204 2852 altera,

200 2876 304 2907 super
336 2876 376 2898 eo
411 2866 505 2908 quod
540 2866 605 2908 ipsi
639 2876 719 2898 eum
754 2877 858 2908 super
891 2867 1073 2904 beneficio,
1109 2868 1204 2909 quod

202 2918 347 2951 feudum
369 2919 562 2960 vulgariter
584 2919 794 2961 appellatur,
819 2930 949 2951 vacans
972 2930 1032 2961 per
1056 2923 1205 2952 mortem

203 2972 355 3014 Philippi
388 2973 431 3006 de
461 2972 621 3010 Besucio,
656 2973 816 3005 canonici
848 2973 957 3014 ipsius
990 2973 1131 3005 ecclesie
1165 2974 1206 3005 de

1298 353 1430 391 Bribia,
1461 355 1497 384 et
1525 353 1621 394 quod
1649 352 1768 384 iuerat
1797 352 2013 384 auctoritate
2051 352 2246 394 apostolica
2275 352 2310 384 in

1299 407 1423 439 eadem
1445 405 1590 438 ecclesia
1612 405 1780 438 canonice
1802 407 1995 442 assecutus,
2019 405 2054 436 in
2076 405 2178 447 cujus
2199 405 2308 437 etiam

1247 459 1248 484 l
1300 459 1556 502 possessionem
1593 458 1812 500 corporalem
1849 458 2017 490 inductus
2053 458 2234 495 extiterat,
2272 457 2308 490 in

1299 522 1370 555 quo
1398 514 1546 553 uterque
1569 521 1690 544 eorum
1714 521 1750 543 se
1772 511 1830 553 jus
1854 511 1983 543 habere
2007 511 2160 548 dicebat,
2184 513 2309 544 contra

1298 566 1478 608 justitiam
1510 564 1754 606 multipliciter
1785 564 2038 601 molestabant,
2070 563 2241 597 dilectum
2270 563 2312 596 fi-

1299 618 1386 651 lium
1420 618 1631 659 magistrum
1663 617 1849 649 Matheum
1882 617 1924 649 de
1956 617 2135 659 Alperino,
2168 615 2313 649 sudea-

1301 682 1431 704 conum
1473 674 1508 703 et
1552 670 1777 713 capellanum
1820 673 1994 708 nostrum,
2038 669 2313 702 concesserimus

1302 725 1464 767 partibus
1490 724 1701 761 auditorem,
1728 723 1822 755 idem
1848 723 2000 761 auditor,
2027 722 2179 764 cognitis
2202 722 2313 765 ipsius

1302 787 1406 810 cause
1428 777 1561 810 meritis
1582 780 1617 809 et
1637 777 1724 818 juris
1746 776 1867 808 ordine
1889 776 2078 808 observato
2098 775 2313 818 licentiaque

1303 840 1322 863 a
1351 831 1452 862 nobis
1480 831 1522 862 de
1550 830 1800 862 sententiando
1829 839 1934 871 super
1961 829 2026 861 hoc
2054 831 2208 871 recepta,
2237 837 2314 871 pre·

1303 884 1463 915 sentibus
1488 884 1680 920 Resonato,
1706 883 1791 914 dicti
1816 882 1871 920 R„
1896 885 1932 914 et
1954 882 2086 914 Butino
2111 882 2153 914 de
2176 881 2312 919 Velate,

1303 937 1413 978 ipsius
1436 937 1573 968 Alberti
1597 936 1896 978 procuratoribus,
1923 945 1963 967 ac
1987 935 2082 967 dicto
2107 934 2140 967 S.
2164 933 2221 967 vel
2244 934 2312 967 alio

1305 999 1366 1031 pro
1394 1000 1434 1021 eo
1462 990 1605 1021 minime
1633 991 1872 1031 comparente,
1901 988 2151 1030 pronuntiavit
2177 988 2314 1020 dictum

1305 1043 1518 1075 beneficium
1543 1043 1587 1074 ad
1612 1042 1729 1084 ipsum
1755 1042 1797 1074 Β.
1824 1042 1950 1074 debere
1974 1044 2135 1084 spectare
2159 1041 2202 1072 de
2223 1040 2313 1082 jure,

1304 1096 1493 1138 ipsumque
1516 1105 1596 1128 cum
1617 1095 1756 1137 juribus
1778 1098 1814 1127 et
1837 1095 2060 1137 pertinentiis
2082 1094 2154 1126 suis
2175 1093 2317 1136 adjudi-

1305 1149 1402 1181 cavit
1435 1149 1560 1186 eidem,
1594 1148 1679 1190 ipsis
1711 1148 1857 1180 Alberto
1890 1151 1926 1180 et
1960 1147 2106 1189 symoni
2137 1156 2244 1189 super
2274 1156 2315 1180 eo

1305 1205 1518 1245 perpetuum
1547 1201 1727 1234 silentium
1756 1201 1984 1244 imponendo,
2014 1201 2197 1243 quandam
2224 1200 2316 1232 ordi-

1307 1255 1489 1288 nationem
1519 1256 1561 1287 de
1590 1254 1767 1286 fructibus
1796 1254 1882 1286 dicti
1911 1253 2073 1286 beneficii
2101 1253 2195 1285 inter
2221 1252 2316 1295 ipsos

1306 1309 1350 1341 R.
1375 1311 1411 1341 et
1434 1308 1476 1340 A.
1502 1309 1544 1340 de
1569 1308 1753 1350 utriusque
1777 1307 1965 1339 voluntate
1989 1317 2029 1339 ac
2052 1306 2195 1348 speciali
2217 1315 2317 1338 man-

1305 1362 1390 1394 dato
1424 1364 1546 1393 nostro
1579 1361 1722 1398 faciens,
1757 1363 1863 1403 prout
1895 1361 1930 1392 in
1963 1360 2201 1392 instrumento
2234 1359 2316 1392 inde

1305 1415 1467 1447 confecto
1504 1414 1614 1457 ipsius
1651 1413 1823 1456 capellani
1861 1413 2000 1445 munito
2037 1412 2149 1454 sigillo
2186 1412 2316 1444 dicitur

1305 1468 1443 1510 plenius
1469 1467 1653 1500 contineri.
1682 1467 1756 1499 Nos
1781 1466 1898 1508 igitur,
1926 1466 2086 1508 ejusdem
2113 1465 2156 1497 R.
2183 1464 2318 1507 suppli-

1305 1521 1506 1553 cationibus
1544 1519 1715 1557 inclinati,
1755 1520 1851 1562 quod
1889 1519 1934 1551 ab
1972 1519 2096 1552 eodem
2133 1518 2316 1560 capellano

1305 1584 1411 1616 super
1443 1574 1508 1606 hoc
1542 1574 1689 1616 provide
1722 1573 1859 1605 factum
1892 1575 1956 1610 est,
1992 1575 2110 1604 ratum
2144 1571 2317 1604 habentes

1305 1631 1339 1660 et
1361 1627 1516 1664 firmum,
1539 1636 1579 1659 ac
1599 1626 1813 1658 auctoritate
1834 1626 2029 1668 apostolica
2049 1625 2314 1662 confirmantes,

1306 1681 1520 1713 mandamus
1542 1680 1711 1722 quatinus
1733 1689 1934 1721 processum
1957 1679 2042 1710 dicti
2063 1677 2235 1720 capellani
2256 1687 2318 1720 per

1307 1737 1342 1767 te
1362 1734 1417 1765 vel
1438 1743 1500 1776 per
1519 1733 1627 1765 alium
1648 1732 1849 1764 executioni
1869 1732 1988 1764 debite
2007 1731 2153 1764 studeas
2173 1731 2318 1763 deman-

1308 1788 1401 1824 dare,
1425 1786 1706 1819 contradictores
1727 1788 1795 1818 etc.
1818 1785 1985 1817 invocato
2009 1785 2054 1817 ad
2076 1784 2153 1822 hoc,
2177 1783 2206 1816 si
2228 1793 2317 1826 opus

1307 1840 1416 1872 fuerit
1434 1842 1501 1872 etc.
1522 1839 1606 1871 Dat.
1626 1838 1798 1880 Anagnie,
1819 1838 1887 1870 XV
1906 1838 1975 1870 kal.
1994 1836 2083 1880 julii,
2103 1847 2197 1869 anno
2217 1837 2318 1880 quin-

1305 1896 1354 1925 to.
1377 1905 1390 1922 »

1385 2036 1473 2062 3017
1860 2034 1996 2069 Anagni,
2019 2034 2037 2062 3
2059 2033 2123 2061 mai
2146 2033 2234 2060 1259.

1346 2090 1521 2116 Theodosio
1558 2089 1596 2116 de
1634 2088 1786 2120 Lavania,
1815 2088 1984 2120 Macdensi,
2013 2089 2044 2114 et
2074 2087 2167 2114 Petro
2194 2085 2316 2120 Angeli,

1307 2134 1474 2161 Narniensi
1505 2133 1672 2165 canonicis,
1706 2132 1842 2160 Parisius
1873 2131 2153 2163 commorantibus,
2184 2130 2316 2158 mandat

1306 2180 1343 2205 ut
1371 2178 1581 2205 Morinensem
1607 2178 1790 2212 episcopum
1817 2177 1857 2204 ad
1883 2176 2066 2211 pensionem
2093 2175 2317 2202 exsolvendam

1306 2223 1583 2257 provisionemque
1619 2222 1797 2249 faciendam
1834 2221 1983 2255 magistro
2020 2221 2058 2247 de
2096 2220 2184 2252 Orto,
2219 2219 2317 2254 ipsins

1307 2266 1462 2300 scriptori,
1487 2266 1687 2300 compellant.
1713 2266 1810 2299 (Rm.
1835 2266 1884 2297 25,
1908 2265 1929 2292 f.
1955 2265 2024 2297 232,
2048 2272 2098 2291 an.
2123 2264 2161 2296 V,
2185 2270 2211 2290 c.
2235 2263 2315 2295 244;

1308 2311 1480 2337 POTTHAST
1504 2310 1625 2344 17560.)

1355 2418 1368 2434 «
1396 2404 1580 2437 leeodosio
1606 2404 1645 2436 de
1670 2403 1839 2440 Lavania,
1867 2402 2041 2444 capellano
2067 2403 2190 2438 nostro,
2217 2400 2317 2432 Mac-

1310 2459 1417 2496 densi,
1437 2458 1451 2478 ²
1494 2459 1522 2489 cl
1566 2457 1665 2488 Petro
1709 2456 1847 2498 Anqeli,
1892 2455 2085 2487 Narniensi
2129 2453 2315 2490 canonicis,

1310 2512 1473 2544 Parisius
1494 2510 1795 2542 commorantibus.
1818 2509 1990 2541 Exhibita
2012 2508 2116 2540 nobis
2136 2506 2255 2540 dilecti
2273 2526 2318 2530 —

1309 2566 1395 2599 Dat.
1416 2564 1586 2605 Anagnie,
1607 2564 1637 2595 V
1657 2572 1768 2595 nonas
1788 2562 1882 2599 maii,
1903 2572 1996 2594 anno
2016 2561 2153 2603 quinto.
2174 2573 2187 2590 »

1391 2714 1478 2740 3018
1743 2711 1878 2745 Anagni,
1902 2711 1939 2738 16
1962 2710 2124 2738 decembre
2148 2709 2235 2737 1259.

1353 2767 1515 2801 Religiosis
1533 2765 1715 2793 monasterii
1733 2765 1762 2792 S.
1781 2764 1896 2791 Mariae
1914 2765 1951 2791 de
1968 2763 2147 2797 Virginibus
2164 2763 2201 2790 de
2218 2762 2317 2790 Vene-

1312 2813 1363 2839 tiis
1389 2811 1530 2845 indulget
1556 2812 1592 2837 ut
1619 2810 1704 2836 nulla
1731 2810 1769 2836 de
1794 2809 1884 2835 terris
1910 2810 1940 2835 et
1966 2807 2212 2842 possessionibus
2239 2814 2316 2841 quas

1312 2857 1420 2884 colunt
1439 2855 1559 2882 decima
1578 2854 1730 2888 exigatur.
1751 2854 1847 2887 (Rae.
1868 2853 1916 2885 25,
1937 2853 1956 2879 t.
1977 2852 2045 2885 232,
2064 2859 2114 2879 an.
2133 2851 2171 2884 V,
2191 2858 2216 2878 c.
2236 2850 2315 2884 245;

1313 2902 1496 2932 PorrnAsr,
1518 2898 1639 2932 17727.)

1345 2985 1367 3005 1.
1385 2983 1418 3005 Ge
1429 2984 1484 3004 mot
1495 2984 1532 3004 est
1545 2982 1608 3004 omis
1620 2982 1683 3004 dans
1694 2982 1834 3003 Samum
1845 2982 1871 3002 et
1882 2980 1945 3001 dans
1958 2980 2102 3001 Pori-sust.

2461 3203 2477 3306 —-—‘wr§
2463 3117 2474 3159 *s-
2471 3086 2474 3096 -
