2477 3512
193 259 235 291 92
887 254 1155 288 REGISTRES
1182 253 1537 286 D’ALEXANDRE
1566 254 1615 286 IV

192 366 414 397 utinax‘imus
451 365 671 401 festinanter,
709 367 741 396 et
782 367 940 405 ternpore
977 364 1202 405 procedente,

191 431 323 462 «super
353 421 509 462 quadam
540 420 811 451 confirmatione
843 422 875 450 et
908 419 1096 450 collatione
1129 429 1203 450 mu-

191 476 328 507 «tanda
352 475 463 517 recepi
487 475 700 517 apostolicas
721 474 859 506 litteras
881 474 946 505 sub
970 474 1033 505 hac
1057 474 1169 505 forma
1196 478 1203 498 ἲ

746 582 862 614 Asslse,
886 581 922 608 14
945 581 1007 608 mai
1033 580 1118 607 1254.

236 651 248 666 «
288 638 514 669 Innocentius
550 641 617 669 etc.
656 637 842 669 Carissimo
880 637 913 667 in
952 636 1090 667 Christo
1127 635 1199 667 silio

190 706 199 719 υ
218 694 251 724 in
271 693 408 725 (Iliristo
428 693 500 724 lilio
521 693 746 729 liadinundo,
767 693 835 731 regi
856 691 968 723 Sicilie
988 690 1113 722 illustri
1131 693 1198 725 etc.

190 762 201 775 υ
219 748 384 790 Specialis
410 748 607 779 dilectionis
632 748 802 780 at'l'cctuni
829 758 933 788 quein
960 746 1131 778 babemus
1155 746 1198 777 ad

189 804 436 835 «carissimum
467 804 498 834 in
530 804 667 834 (Iliristo
696 803 808 834 silium
839 806 997 834 nostruin
1028 801 1199 833 illustrem

189 868 333 899 «regern
365 859 499 898 Angli&
534 862 670 900 patrem
706 861 817 893 tuum,
850 858 1032 899 cupientes
1064 857 1097 888 in
1129 856 1200 888 suis

190 927 201 942 (ι
217 915 418 947 evidentius
437 915 620 946 ostendere
642 924 701 955 pcr
719 914 899 950 esl'cctum,
920 921 1066 953 regnum
1086 911 1199 943 Sicilie

191 983 202 998 υ
217 973 253 1002 et
281 973 393 1001 totam
421 973 550 1001 terram
578 981 644 1011 que
669 972 722 1001 est
748 969 834 1000 citra
864 969 991 1000 Faruni
1019 978 1128 1009 usque
1154 967 1198 999 ad

189 1038 201 1053 «
217 1026 369 1057 confinia
401 1028 572 1056 terrarum
605 1025 756 1057 licclesie
788 1025 946 1055 ltoinane
976 1024 1019 1055 ad
1048 1023 1198 1055 eandem

189 1081 411 1113 «Ecclesiam
436 1081 615 1117 devoluta,
643 1081 716 1117 tibi,
742 1091 846 1121 quein
871 1080 914 1111 ad
939 1079 973 1110 id
998 1079 1090 1110 inter
1112 1078 1198 1110 alios

189 1150 201 1165 α
217 1136 310 1167 orbis
332 1136 506 1177 principes
526 1136 759 1177 preeligimus,
780 1136 852 1176 jain
874 1135 1010 1176 pridem
1031 1134 1199 1165 duximus

188 1191 410 1224 «offerenda.
445 1192 493 1223 'l'c
526 1191 633 1231 igitur
666 1192 707 1222 de
741 1201 884 1222 assensu
918 1190 1076 1232 ejusdem
1110 1189 1199 1229 regis

188 1248 434 1279 «oblationem
462 1247 665 1287 hujusmodi
698 1250 881 1287 tamquam
909 1245 1018 1287 ipsius
1046 1244 1199 1276 Ecclesie

188 1303 348 1334 «devoto
385 1305 418 1333 et
456 1302 631 1333 catholico
669 1302 825 1343 principe
863 1301 1043 1332 humiliter
1078 1310 1201 1341 accep-

188 1360 328 1394 «tante,
357 1358 506 1389 dilectus
532 1357 626 1388 filius
654 1357 821 1397 magister
847 1357 1014 1388 Albertus
1041 1355 1200 1387 notarius

188 1415 345 1449 «noster,
378 1412 581 1454 Apostolice
614 1413 712 1444 Sedis
744 1413 890 1452 legatus,
924 1411 978 1444 cui
1010 1411 1115 1443 velud
1152 1411 1204 1443 illi

188 1468 275 1510 «qui
313 1471 413 1499 tuum
448 1468 616 1499 honorem
651 1471 682 1500 et
719 1469 947 1499 commodum
981 1466 1116 1498 zelatur
1161 1469 1203 1498 ut

187 1524 408 1566 «proprium,
435 1524 616 1564 negotium
641 1524 755 1565 ipsum
779 1526 895 1555 tecum
916 1522 1200 1555 consumandum

191 1580 260 1610 «de
287 1579 430 1611 consilio
459 1582 495 1610 et
523 1589 664 1610 assensu
695 1579 845 1611 fratrum
874 1581 1076 1610 nostrorum
1105 1587 1200 1609 com—

189 1634 386 1671 «misimus,
421 1634 486 1665 tibi
523 1635 661 1675 tuisque
696 1635 883 1666 heredibus
917 1635 950 1665 in
985 1633 1130 1665 feudum
1164 1632 1199 1664 in

189 1702 201 1718 <‹
217 1692 427 1731 perpetuum
446 1689 627 1731 reg[n]uni
645 1693 680 1722 ct
700 1693 828 1722 terram
847 1690 1055 1732 predictam,
1074 1698 1200 1730 excep-

189 1748 252 1776 «ta
289 1745 435 1776 civitate
469 1745 734 1782 Bmmventana,
772 1747 813 1777 de
848 1745 990 1787 speciali
1026 1745 1198 1776 mandato

188 1803 336 1832 «nostro
361 1801 544 1837 concessit,
572 1804 672 1842 prout
701 1802 735 1832 in
761 1802 837 1842 ejus
860 1801 987 1833 litteris
1011 1800 1091 1832 inde
1117 1809 1198 1831 con-

189 1856 317 1887 «fectis
355 1866 503 1896 quorum
545 1859 701 1887 tenorem
740 1857 781 1888 de
821 1857 928 1888 verbo
966 1856 1010 1887 ad
1047 1855 1198 1886 verbum

188 1911 438 1952 «presentibus
477 1911 579 1943 inseri
619 1912 766 1944 fecimus
805 1912 942 1954 plenius
981 1910 1197 1943 continetur.

187 1966 287 1996 «Nos
312 1966 432 2007 itaque
458 1967 719 1998 concessionem
744 1968 894 1999 candem
919 1970 1036 1999 ratam
1060 1969 1096 1998 et
1120 1974 1198 2008 gra-

187 2034 199 2049 «
216 2024 289 2052 tam
314 2021 495 2055 habentes,
521 2032 559 2053 ac
584 2022 763 2054 defectum
780 2023 807 2054 si
825 2023 902 2064 quis
919 2034 961 2054 ex
985 2032 1197 2065 quacunque

187 2090 198 2103 a
214 2086 319 2107 causa
348 2076 400 2107 vel
429 2077 615 2108 omissione
643 2077 676 2109 in
705 2088 744 2109 ea
772 2079 893 2110 extitit
914 2079 1132 2120 supplentes,
1155 2078 1196 2110 de

187 2132 406 2172 «apostolice
434 2133 653 2173 plenitudine
681 2134 870 2174 potestatis
896 2143 1041 2175 regnum
1067 2138 1101 2167 et
1128 2139 1196 2168 ter-

188 2198 200 2213 «
215 2196 290 2217 rani
313 2186 508 2227 predictam
532 2197 610 2218 cum
634 2189 798 2220 omnibus
818 2189 967 2230 juribus,
991 2190 1194 2229 honoribus,

189 2240 471 2281 «dist[r]ictibus
501 2244 534 2272 et
569 2243 789 2283 pertinentiis
820 2244 901 2281 suis,
933 2249 1081 2287 excepta
1113 2247 1197 2279 civi-

188 2308 200 2323 ‹<
216 2298 291 2327 tate
320 2296 570 2328 Beneventana
600 2309 680 2329 cum
709 2299 785 2339 ejus
811 2300 960 2341 juribus,
992 2302 1194 2340 honoribus,

189 2350 436 2382 «districtibus
460 2355 495 2383 et
520 2353 743 2393 pertinentiis
770 2355 950 2393 universis,
980 2357 1043 2387 tibi
1069 2358 1128 2398 qui
1154 2359 1196 2390 de

189 2406 401 2437 «voluntate
423 2408 570 2448 predicti
592 2409 679 2449 regis
700 2410 761 2440 hec
782 2413 984 2452 acceptasse
1005 2412 1195 2445 dinosceris

188 2462 356 2503 «tuisque
381 2462 567 2494 heredibus
590 2464 625 2494 in
650 2464 794 2496 seudum
819 2465 854 2496 in
879 2469 1090 2508 perpetuum
1114 2478 1195 2500 auc-

188 2529 200 2544 «
219 2517 362 2548 toritate
387 2518 581 2558 apostolica
607 2519 649 2550 de
676 2520 915 2560 predictorum
940 2522 1091 2554 fratrum
1118 2534 1196 2555 nos-

188 2575 351 2604 «trorum
376 2573 518 2605 consilio
543 2575 795 2607 confirmamus
819 2579 854 2607 et
878 2578 1050 2617 presentis
1074 2579 1195 2621 scripti

188 2629 412 2669 «patrocinio
451 2631 722 2668 communimus,
763 2642 802 2663 ea
845 2632 907 2663 tibi
947 2634 989 2664 de
1029 2644 1121 2666 novo
1160 2636 1195 2666 in

188 2684 372 2722 «feudum,
412 2686 517 2717 salvis
560 2686 784 2718 libertatibus
828 2691 863 2719 et
907 2689 1196 2724 immunitatibus

189 2753 197 2767 κ
215 2740 439 2772 ecclesiarum
469 2743 707 2783 predictorum
737 2743 830 2784 regni
860 2746 895 2775 et
924 2746 1025 2782 terre,
1056 2749 1130 2778 tam
1158 2748 1194 2780 in

188 2795 445 2828 «electionibus
471 2807 577 2838 quam
604 2798 637 2829 in
665 2799 740 2829 aliis
766 2799 809 2830 ad
836 2809 894 2831 eas
920 2801 1191 2841 pertinentibus,

189 2863 198 2877 (ι
216 2852 458 2884 concedentes.

235 2919 245 2929 ι’
276 2906 390 2938 'senor
419 2911 539 2939 autem
570 2909 766 2941 litterarum
799 2911 947 2951 predicti
976 2911 1081 2952 legati
1112 2913 1193 2946 talis

186 2973 199 2990 ιι
221 2964 273 2991 est
296 2972 301 2992 :

1721 361 1892 394 Vendome,
1915 362 1933 389 6
1955 369 2038 390 mars
2062 363 2139 390 1254
2159 369 2189 390 n.
2212 370 2236 390 s.

1353 429 1364 443 «
1393 416 1587 447 Excellenti
1615 415 1690 447 viro
1717 416 1861 448 domino
1889 416 2114 454 Eadmundo,
2143 420 2228 449 nato
2255 417 2317 449 do-

1307 483 1317 496 «
1336 469 1418 500 mini
1450 469 1493 500 11.
1523 469 1611 509 regis
1639 468 1762 509 Anglic
1788 469 1945 506 illustris,
1974 469 2152 507 rubertus,
2181 469 2318 502 domini

1306 531 1423 563 «pape
1461 521 1630 558 notarius,
1667 521 1869 563 Apostolice
1905 522 2003 554 Sedis
2038 522 2186 563 legatus,
2222 522 2316 555 salu-

1307 587 1319 603 «
1334 577 1405 606 tem
1426 577 1459 606 et
1481 577 1644 616 paratam
1665 575 1709 606 ad
1729 574 1898 616 obsequia
1919 575 2155 607 voluntatem.
2177 575 2228 608 Ut
2246 574 2317 608 sin-

1306 641 1317 655 «
1333 638 1409 659 cera
1429 631 1459 659 et
1483 628 1688 659 inconcussa
1707 628 1851 659 devotio
1869 638 1977 669 quam
1995 628 2160 660 dominus
2178 628 2236 665 H„
2255 637 2317 661 rex

1306 693 1319 709 α
1334 681 1457 721 Anglie,
1479 680 1634 717 illustris,
1658 683 1760 722 pater
1779 683 1897 712 vester
1918 681 2025 713 habet
2047 681 2091 713 ad
2115 681 2317 714 Romanam

1306 734 1528 765 «Ecclesiam
1555 734 1588 765 in
1615 734 1716 765 vobis
1742 736 1889 776 paterna
1916 734 2065 775 vestigia
2091 734 2318 766 imitantibus

1306 799 1318 814 «
1334 790 1542 828 propagata,
1560 787 1715 818 fructum
1733 797 1800 818 non
1818 790 1892 818 tam
1907 787 2021 819 eidem
2038 786 2192 819 Ecclesie
2207 796 2317 829 quam

1306 853 1317 867 «
1336 839 1401 871 toti
1434 839 1695 871 Christianitati
1738 840 1972 871 necessarium
2010 840 2140 872 afferat
2183 849 2318 882 vosque

1306 892 1501 933 «insigniat
1541 893 1683 933 fastigio
1725 893 1817 933 regie
1858 893 2053 934 dignitatis,
2095 894 2137 925 de
2177 892 2320 935 speciali

1306 959 1317 972 «
1334 946 1550 977 auctoritate
1570 948 1606 977 ct
1627 946 1798 977 mandato
1820 946 1954 978 domini
1975 956 2066 988 pape
2087 946 2184 978 facto
2205 945 2317 983 nobis,

1307 1011 1318 1027 κ
1335 999 1376 1031 de
1401 1008 1546 1031 suorum
1569 998 1722 1030 fratrum
1746 999 1890 1031 consilio
1915 1002 1952 1032 et
1975 1009 2132 1036 assensu,
2157 998 2260 1031 vobis
2282 1001 2320 1031 et

1306 1052 1521 1084 «heredibus
1552 1052 1680 1083 vestris
1710 1060 1858 1093 regnum
1890 1052 2003 1084 Sicilie
2033 1054 2070 1084 et
2100 1054 2218 1084 totam
2247 1054 2318 1084 ter·

1307 1118 1318 1130 υ
1333 1115 1408 1137 ram
1428 1114 1495 1147 quc
1514 1107 1566 1136 cst
1585 1105 1672 1136 eitra
1693 1105 1822 1137 Farum
1841 1115 1952 1147 usque
1971 1105 2015 1137 ad
2035 1105 2191 1137 confinia
2207 1107 2318 1138 terra-

1306 1171 1317 1186 «
1334 1168 1411 1190 rum
1440 1158 1605 1195 Ecclesie,
1633 1168 1714 1190 cum
1741 1158 1906 1189 omnibus
1932 1158 2081 1199 juribus,
2110 1158 2315 1196 honoribus,

1305 1223 1317 1239 κ
1334 1211 1554 1243 districtibus
1578 1213 1614 1242 et
1639 1211 1862 1253 pertinentiis
1886 1211 1968 1248 suis,
1994 1214 2144 1253 excepta
2169 1211 2317 1243 civitate

1307 1264 1587 1297 «Beneventana
1616 1274 1696 1296 cum
1725 1264 1835 1306 ipsius
1861 1264 2000 1306 juribus
2025 1267 2061 1296 et
2082 1263 2318 1306 pertinentiis,

1308 1330 1318 1344 ιι
1336 1317 1508 1349 universis
1533 1317 1567 1348 in
1594 1318 1740 1349 seudum
1766 1318 2003 1354 concedimus,
2038 1317 2146 1350 salvis
2177 1317 2320 1350 liberta-

1308 1371 1431 1402 «tibus
1455 1373 1489 1403 et
1513 1370 1803 1402 immunitatibus
1826 1370 2053 1403 ecclesiarum
2077 1370 2318 1412 predictorum

1308 1438 1318 1449 υ
1335 1424 1429 1465 regni
1453 1427 1487 1456 et
1513 1427 1614 1461 terre,
1640 1428 1714 1456 tam
1738 1423 1772 1455 in
1796 1423 2028 1455 electionibus
2051 1433 2160 1466 quam
2182 1423 2218 1455 in
2241 1422 2318 1456 aliis

1307 1477 1598 1518 apertinentibus
1634 1478 1678 1509 ad
1715 1477 1868 1508 easdem.
1907 1477 2019 1519 Super
2054 1476 2319 1509 conditionibus

1307 1544 1319 1560 «
1335 1540 1418 1562 vero
1435 1540 1502 1573 que
1519 1531 1699 1572 pertinent
1715 1530 1758 1562 ad
1774 1530 1869 1562 idem
1886 1530 2070 1571 negotium
2085 1529 2318 1572 apponendis,

1307 1598 1319 1613 ι(
1334 1584 1589 1616 venerabilium
1604 1586 1748 1626 patrum
1762 1582 1988 1614 dominorum
2003 1582 2042 1615 O.
2059 1582 2180 1614 Sancti
2192 1582 2319 1614 Adria·

1306 1638 1371 1670 «ni
1403 1637 1541 1669 diaconi
1572 1636 1771 1673 cardinalis,
1805 1636 1880 1673 Ph„
1908 1635 2010 1668 electi
2035 1635 2318 1677 Lugdunensis,..

1307 1690 1488 1732 «episcopi
1513 1690 1791 1726 Heretordensis,
1816 1692 1852 1721 et
1878 1689 2051 1721 nobilium
2073 1689 2232 1721 virorum
2252 1688 2318 1721 Th.

1308 1744 1376 1775 «dc
1409 1743 1586 1775 Sabaudia
1618 1742 1759 1775 comitis
1790 1745 1826 1774 et
1857 1742 1895 1773 P.
1928 1742 2050 1774 fratris
2075 1742 2153 1784 ejus
2182 1751 2319 1774 necnon

1307 1796 1527 1838 «proborum
1548 1796 1705 1828 virorum
1727 1796 1954 1828 dominorum
1975 1795 2152 1828 Johannis
2171 1795 2318 1833 Mansel,

1306 1849 1504 1892 «prepositi
1547 1849 1828 1881 Bervarlecensis
1873 1852 1909 1881 et
1955 1848 2053 1881 Petri
2100 1848 2318 1891 Cachaporo,

1305 1902 1571 1935 «archidiaconi
1600 1902 1780 1939 Vellensis,
1809 1904 1845 1935 et
1873 1904 1994 1934 nostro
2025 1901 2183 1938 arbitrio,
2212 1903 2320 1943 prout

1305 1966 1396 1987 «vos
1426 1958 1462 1987 et
1492 1955 1671 1997 predictus
1701 1955 1866 1987 dominus
1895 1965 1957 1987 rex
1985 1955 2062 1996 jam
2091 1954 2317 1996 acceptastis,

1305 2009 1488 2041 «stabitur
1515 2009 1595 2040 hinc
1621 2011 1657 2040 et
1682 2008 1776 2040 inde.
1808 2008 1846 2040 ln
1873 2008 1975 2049 cujus
2000 2008 2050 2039 rei
2075 2007 2318 2039 lestimonium

1305 2065 1367 2094 «et
1395 2064 1605 2104 perpetuam
1633 2061 1844 2093 firmitatem
1873 2061 1936 2093 has
1964 2061 2103 2093 litteras
2130 2059 2207 2092 fieri
2234 2059 2317 2092 feci-

1304 2125 1410 2146 «mus
1444 2117 1479 2146 et
1513 2114 1615 2155 sigilli
1649 2114 1760 2146 nostri
1795 2114 1990 2146 munimine
2026 2113 2195 2145 roborari.
2231 2113 2316 2145 Dat.

1304 2181 1316 2196 α
1332 2167 1531 2204 Vindocini,
1573 2177 1666 2199 anno
1708 2167 1842 2198 domini
1883 2167 1973 2199 MCC
2023 2166 2316 2208 quinquagesimo

1304 2221 1448 2257 «tertio,
1491 2221 1523 2251 II
1562 2230 1673 2252 nonas
1722 2220 1852 2257 martii,
1900 2220 2134 2262 pontificatus
2182 2218 2316 2252 domini

1305 2288 1316 2303 a
1337 2274 1532 2306 Innocentii
1555 2283 1645 2315 pape
1670 2273 1744 2304 IIII
1766 2283 1859 2305 anno
1882 2273 1948 2305 XI.
1971 2285 1984 2302 2)

1303 2327 1427 2359 «Nulli
1449 2335 1529 2367 ergo
1551 2329 1618 2358 etc.
1649 2326 1684 2358 Si
1715 2327 1794 2368 quis
1825 2329 1947 2358 autem
1978 2329 2046 2358 etc.
2080 2326 2164 2358 Dat.
2198 2325 2314 2363 Asisii‚

1304 2393 1315 2409 «
1334 2380 1367 2411 ΙΙ
1388 2380 1467 2411 idus
1488 2379 1581 2415 maii,
1604 2379 1836 2421 pontificatus
1849 2379 1960 2411 nostri
1976 2388 2069 2411 anno
2087 2378 2313 2410 undecimo.»

1349 2446 1361 2461 ‹<
1389 2433 1478 2464 Item
1503 2433 1617 2474 recepi
1642 2432 1779 2464 litteras
1803 2432 1890 2464 alias
1914 2433 1979 2464 sub
2005 2433 2069 2464 hac
2095 2432 2208 2464 forma
2234 2442 2242 2463 ;

1857 2542 1971 2574 Assise,
1995 2541 2032 2567 14
2058 2540 2121 2567 mai
2144 2540 2232 2568 1254.

1348 2611 1360 2626 «
1400 2598 1627 2630 Innocentius
1663 2600 1729 2629 etc.
1769 2596 1938 2637 magistro
1974 2595 2133 2632 Alberto,
2172 2594 2312 2627 notario

1302 2653 1461 2688 «nostro,
1484 2651 1686 2692 Apostolice
1708 2650 1806 2682 Sedis
1826 2650 1942 2690 legato
1963 2651 2030 2680 etc.
2054 2648 2205 2680 Gratum
2224 2647 2313 2689 geri-

1302 2714 1407 2735 «mus
1442 2707 1475 2735 et
1512 2707 1699 2745 acceptum
1735 2702 1953 2743 diligentiam
1989 2704 2090 2732 tuam
2126 2700 2239 2742 dignis
2274 2700 2311 2733 in

1302 2757 1483 2788 «Domino
1507 2757 1672 2788 laudibus
1696 2755 1998 2791 counnendantes,
2023 2764 2128 2795 super
2150 2764 2190 2785 eo
2215 2754 2311 2796 quod

1301 2810 1509 2851 «negotium
1547 2810 1609 2840 tibi
1643 2810 1687 2841 ab
1722 2808 1926 2850 Apostolica
1960 2807 2047 2838 sede
2082 2807 2310 2839 commissum

1301 2873 1408 2894 «cum
1433 2863 1612 2894 carissimo
1637 2863 1671 2894 in
1697 2862 1835 2893 Christo
1860 2860 1933 2891 l'ilio
1960 2862 2079 2891 nostro
2105 2860 2309 2904 Edmundo‚

1299 2928 1312 2945 α
1327 2924 1405 2957 rege
1427 2916 1539 2947 Sicilie
1561 2915 1698 2952 illustri,
1721 2912 1948 2946 laudabiliter
1968 2913 2198 2945 consumasti.
2222 2914 2310 2946 Cum

1297 2969 1432 3009 «igitur
1452 2969 1677 3000 collationem
1699 2968 1763 3000 sibi
1785 2977 1804 2998 a
1830 2969 1862 2998 te
1884 2968 1926 2998 dc
1946 2965 2022 3007 ipso
2045 2974 2150 3007 regno
2172 2966 2308 2998 factam
