2477 3512
923 261 1195 307 CINQUIEME
1221 260 1388 298 ANNEE
2173 266 2211 298 17

99 376 259 418 Cumque
293 374 522 417 postmodum
557 383 661 416 super
696 372 910 414 quibusdam
945 371 1101 404 articulis

99 428 257 470 ejusdem
278 427 452 460 sententie
473 427 534 468 qui
555 426 652 458 dubii
674 425 893 462 dicebantur,
916 435 978 466 pro
1000 427 1101 466 parte

98 482 255 523 ipsorum
287 480 428 512 abbatis
460 482 496 511 et
528 481 735 515 conventus,
770 477 971 519 Apostolice
1004 477 1102 509 Sedis

99 533 300 570 declaratio,
328 543 390 574 pro
417 535 517 574 parte
542 541 625 563 vero
653 531 739 563 dicti
763 530 873 562 vestri
898 529 1103 561 monasterii

98 586 309 619 beneficium
329 585 565 617 restitutionis
584 584 619 615 in
640 584 816 625 integrum
837 586 962 615 contra
982 582 1104 624 hujus-

98 640 194 672 modi
238 638 453 671 sententiam
498 637 645 680 ejusque
689 636 840 668 irritatio
887 638 1102 678 peterentur,

98 702 161 724 nos
192 701 297 734 super
328 691 394 723 hoc
425 693 461 722 et
493 689 569 722 aliis
601 689 758 721 articulis
791 689 958 721 dilectum
989 688 1103 719 filium

100 748 261 777 nostrum
298 744 338 776 O.
377 743 498 776 Sancti
533 742 682 774 Adriani
719 742 907 774 diaconum
944 741 1104 773 cardina-

98 798 167 830 lem
201 798 214 818 1
270 796 431 829 dedimus
470 795 631 838 partibus
671 795 881 831 auditorem,
922 794 957 826 in
998 804 1103 836 quem

97 851 327 893 postmodum
351 859 391 881 ac
417 849 588 881 dilectum
612 847 725 879 filium
751 850 911 879 nostrum
936 847 982 878 H.
1007 846 1104 878 tituli

98 904 226 935 Sancte
257 902 386 935 Sabine
415 901 650 944 presbiterum
680 901 905 937 cardinalem,
937 900 1105 941 magister

97 957 211 989 Guido
234 956 276 988 de
299 955 430 992 Remis,
454 954 610 991 clericus,
628 953 832 985 monasterii
848 953 957 985 vestri
980 963 1104 994 procu-

94 1012 202 1047 rator,
245 1009 305 1051 qui
346 1018 366 1040 a
407 1007 508 1040 vobis
543 1007 557 1027 ²
620 1007 662 1038 de
703 1006 1025 1048 compromittendo
1067 1006 1102 1037 in

95 1062 237 1094 eosdem
268 1061 463 1094 cardinales
495 1060 694 1102 specialiter
726 1062 761 1091 et
792 1059 932 1091 illorum
964 1059 1104 1091 ordina-

95 1115 185 1147 tioni
211 1125 246 1147 se
271 1114 380 1146 etiam
406 1113 662 1150 submittendo,
691 1122 729 1144 ac
756 1112 949 1149 Johanlles,
976 1112 1103 1143 elemo-

95 1167 244 1200 sinarius
284 1169 320 1199 et
361 1167 551 1203 Robertus,
594 1165 741 1197 sacrista
781 1168 817 1197 et
858 1168 1102 1207 procuratores

94 1220 291 1263 supradicti
318 1219 522 1252 monasterii
549 1218 783 1250 Molismensis
811 1218 870 1260 qui
898 1218 942 1250 ab
970 1218 1102 1250 eisdem

95 1274 226 1306 abbate
263 1276 299 1305 et
331 1275 510 1305 conventu
543 1272 585 1303 de
617 1271 862 1303 submittendo
895 1281 930 1302 se
963 1271 1102 1303 ordina-

95 1327 185 1358 tioni
213 1326 455 1368 cujuscunque
484 1326 526 1357 de
555 1335 624 1366 quo
652 1324 822 1356 vellemus
849 1324 884 1355 in
913 1323 1100 1365 premissis,

95 1380 287 1412 eorundem
305 1378 602 1411 monasteriorum
620 1377 761 1409 nomine
778 1377 959 1408 habebant
983 1377 1102 1418 plena-

94 1433 183 1464 riam
212 1434 443 1475 potestatem,
475 1434 663 1472 tamquam
693 1430 728 1461 in
760 1430 912 1461 arbitros
943 1432 979 1468 et
1010 1429 1102 1461 arbi-

95 1488 247 1518 tratores
269 1484 471 1517 amicabiles
494 1493 599 1525 super
620 1483 797 1525 premissis
820 1482 984 1514 omnibus
1007 1492 1101 1514 com-

95 1538 302 1581 promittere
324 1540 361 1569 et
383 1547 418 1569 se
441 1546 481 1568 ac
504 1537 628 1568 eadem
652 1535 865 1567 monasteria
889 1545 951 1577 per
983 1535 1101 1567 omnia

94 1592 233 1624 illorum
264 1589 479 1622 ordinationi
509 1589 616 1621 laudo
648 1591 683 1620 et
714 1588 860 1620 arbitrio
891 1588 1101 1620 submittere

95 1646 320 1681 curaverunt,
353 1653 487 1685 nosque
517 1641 755 1674 cardinalibus
787 1641 870 1683 ipsis
902 1641 1100 1679 ordinandi,

97 1697 315 1740 disponendi,
343 1696 536 1733 statuendi,
565 1695 772 1731 arbitrandi,
803 1694 1014 1732 diffiniendi,
1044 1695 1103 1727 de-

95 1750 270 1788 cernendi,
313 1749 520 1786 mandandi,
562 1748 775 1790 assignandi,
818 1748 1033 1780 concedendi
1066 1751 1101 1780 et

96 1803 306 1846 providendi
333 1813 438 1845 super
464 1802 629 1834 omnibus
656 1804 692 1833 et
718 1801 862 1843 singulis
889 1800 1102 1842 supradictis

96 1857 238 1899 plenam
268 1856 353 1888 viva
383 1865 470 1888 voce
501 1854 736 1887 concessimus
768 1856 996 1896 potestatem.
1032 1853 1102 1895 Ipsi

95 1920 178 1942 vero
208 1908 403 1942 cardinales
432 1908 729 1940 monasteriorum
758 1907 915 1949 ipsorum
946 1906 1102 1938 utilitate

97 1973 136 1996 ac
170 1972 400 2006 personarum
435 1961 638 2003 degentium
672 1961 707 1992 in
741 1960 808 1992 illis
842 1959 1102 2001 tranquillitate

96 2016 273 2058 inspectis,
301 2015 568 2051 ordinaverunt,
596 2014 857 2055 disposuerunt,
885 2015 1100 2049 statuerunt,

97 2069 260 2101 arbitrati
295 2071 389 2105 sunt,
428 2067 686 2104 diffiniverunt‚
724 2067 967 2103 decreverunt,
1004 2075 1103 2097 man-

97 2123 284 2159 daverunt,
319 2121 599 2163 assignaverunt,
634 2121 894 2156 concesserunt,
928 2119 1103 2160 certisque

97 2175 210 2207 modis
245 2177 281 2207 et
316 2174 448 2206 finibus
483 2173 727 2215 providerunt,
765 2174 871 2214 prout
906 2172 940 2203 in
976 2172 1103 2203 litteris

97 2228 178 2260 inde
212 2227 392 2264 consectis,
427 2226 547 2268 sigillis
582 2226 739 2268 ipsorum
773 2224 931 2266 signatis,
967 2225 1103 2266 plenius

97 2281 310 2321 continetur.
353 2280 427 2312 Nos
467 2279 575 2321 igitur
615 2279 744 2310 vestris
785 2278 1104 2320 supplicationibus

97 2333 268 2371 inclinati,
296 2334 391 2375 quod
418 2342 480 2375 per
505 2331 700 2364 cardinales
726 2331 820 2373 ipsos
846 2331 881 2362 in
908 2331 973 2362 hac
1003 2333 1103 2373 parte

98 2387 245 2423 factum,
270 2389 324 2418 est
347 2389 466 2418 ratum
491 2385 662 2417 habentes
686 2387 722 2416 et
745 2387 897 2425 gratum,
924 2383 957 2414 id
983 2386 1104 2415 aucto-

98 2440 204 2472 ritate
232 2439 426 2481 apostolica
455 2438 708 2471 confirmamus
736 2440 772 2468 et
800 2436 971 2478 presentis
999 2436 1105 2479 scrip-

100 2493 127 2525 ti
162 2492 357 2535 patrocinio
392 2491 665 2528 communimus,
699 2492 862 2522 tenorem
904 2489 1105 2521 litterarum

98 2546 255 2588 ipsarum
285 2546 327 2577 de
356 2545 465 2577 verbo
495 2545 540 2576 ad
569 2544 719 2576 verbum
749 2542 971 2585 presentibus
1001 2542 1105 2575 inseri

97 2598 268 2631 facientes
298 2598 358 2640 qui
384 2597 465 2630 talis
495 2599 548 2630 est
581 2607 586 2629 :

525 2694 661 2728 Anagni,
683 2693 719 2721 21
745 2693 916 2721 Decembre
940 2693 1027 2720 1258.

147 2767 160 2783 α
184 2754 409 2786 Miseratione
435 2753 555 2786 divina
579 2753 689 2785 frater
713 2753 830 2794 Hugo,
857 2752 953 2784 tituli
979 2752 1106 2783 Sancte

100 2807 256 2839 «Sabine
285 2807 467 2849 presbiter,
499 2808 535 2838 et
564 2805 779 2843 Ottobonus,
810 2805 931 2837 Sancti
958 2804 1105 2837 Adriani

101 2860 297 2892 «diaconus
330 2859 535 2896 cardinales,
571 2859 615 2890 ad
650 2861 860 2901 perpetuam
892 2857 940 2890 rei
975 2867 1107 2889 memo-

132 2961 154 2982 1.
173 2961 235 2986 ΗΕΒ.
249 2967 255 2982 :
268 2960 438 2982 απάὶηαῑίυηι.

132 2996 156 3018 2.
174 2996 236 3022 Rea.
252 3002 258 3017 :
273 2995 352 3017 nobit.

1210 371 1336 403 «riam.
1383 371 1588 403 Presidente
1631 370 1779 402 rationis
1822 370 1967 412 imperio
2012 371 2047 403 in
2093 371 2211 403 anima

1210 424 1438 465 «judicantis,
1464 424 1563 456 sedet
1585 423 1620 454 in
1644 422 1806 454 examine
1829 423 1991 454 veritatis
2015 433 2077 464 pro
2100 424 2212 456 tribu-

1210 477 1308 508 «nali
1333 476 1483 518 justitia,
1511 479 1547 508 et
1574 476 1674 518 quasi
1701 485 1762 507 rex
1788 475 1823 506 in
1851 475 1936 507 solio
1962 475 2084 516 judicii
2111 476 2212 508 recti-

1210 530 1336 567 «tudo,
1361 530 1461 571 cujus
1484 529 1676 571 dissipatur
1697 528 1831 560 intuitu
1854 528 1992 570 proprie
2015 528 2211 560 voluntatis

1210 582 1423 614 «arbitrium
1455 585 1490 614 et
1521 582 1678 623 acceptio
1711 591 1952 623 personarum,
1997 591 2040 612 ex
2071 591 2139 622 quo
2170 581 2214 612 fit

1210 647 1223 664 «
1239 638 1277 666 ut
1300 636 1400 677 parvi
1423 638 1457 667 et
1481 635 1610 676 magni,
1634 644 1805 676 pauperes
1828 636 1863 665 et
1886 633 2024 671 divites,
2049 636 2214 676 potentes

1211 701 1222 716 «
1237 691 1274 720 et
1310 688 1451 725 debiles,
1490 690 1668 729 presentes
1705 686 1813 718 etiam
1849 689 1885 718 et
1922 686 2086 718 absentes
2121 696 2212 728 equo

1210 741 1421 773 «libramine
1440 741 1655 782 judicentur.
1677 740 1767 772 Sane
1787 740 1879 771 inter
1897 739 2075 781 religiosos
2093 739 2211 771 viros..

1211 794 1407 826 «abbatem
1433 796 1470 826 et
1495 795 1712 825 conventum
1739 792 1942 824 monasterii
1969 792 2211 829 Molismensis,

1210 847 1342 878 ordinis
1381 847 1502 879 Sancti
1538 846 1732 882 Benedicti,
1773 845 2003 887 Lingonensis
2055 845 2212 881 diocesis,

1210 909 1280 931 «ex
1305 909 1375 931 una
1400 902 1512 941 parte,
1538 901 1574 931 et
1597 898 1775 940 religiosas
1800 898 1984 930 mulieres..
2011 897 2212 939 priorissam

1210 955 1273 984 «et
1297 955 1515 984 conventum
1540 951 1745 984 monasterii
1770 951 2008 983 Andeciarum
2033 960 2093 982 seu
2118 950 2215 983 Vivi-

1210 1005 1356 1043 «fontis,
1383 1005 1543 1047 ejusdem
1569 1004 1711 1041 ordinis,
1739 1003 2032 1036 Cathalaunensis
2057 1003 2214 1040 diocesis,

1210 1071 1223 1087 «
1239 1068 1283 1090 ex
1302 1058 1423 1096 altera,
1445 1068 1550 1100 super
1569 1057 1725 1100 plenaria
1746 1057 1856 1099 ipsius
1876 1056 2080 1088 monasterii
2099 1056 2216 1088 Ande-

1210 1111 1371 1143 «ciarum
1402 1111 1623 1153 subjectione
1654 1113 1729 1142 tam
1760 1109 1947 1152 temporali
1979 1119 2087 1152 quam
2117 1109 2216 1151 spiri-

1209 1164 1336 1202 «tuali,
1373 1167 1409 1196 et
1446 1164 1660 1206 quibusdam
1696 1163 1771 1195 aliis
1807 1173 1875 1205 que
1911 1162 1997 1194 dicti
2033 1162 2144 1194 abbas
2179 1165 2215 1193 et

1210 1220 1435 1249 «conventus
1455 1217 1691 1249 intendebant
1712 1216 1778 1248 sibi
1799 1218 1836 1248 et
1857 1225 1978 1247 eorum
2000 1215 2214 1247 monasterio

1209 1284 1221 1298 α
1237 1271 1436 1308 vendicare,
1453 1270 1488 1302 in
1504 1270 1579 1312 ipso
1596 1269 1810 1301 monasterio
1826 1268 2065 1300 Andeciarum
2081 1268 2217 1300 dudum

1209 1323 1420 1365 «questione
1461 1324 1620 1359 suborta,
1663 1325 1698 1354 et
1738 1322 1864 1354 libellis
1904 1331 2009 1363 super
2049 1320 2216 1363 predictis

1209 1376 1318 1408 «hinc
1345 1376 1425 1408 inde.
1454 1376 1633 1419 porrectis,
1663 1385 1703 1407 ac
1729 1375 1791 1407 lite
1818 1384 1922 1417 super
1949 1374 2034 1416 ipsis
2059 1374 2215 1416 legitime

1210 1432 1441 1461 «contestata
1469 1432 1504 1461 et
1532 1439 1643 1470 usque
1670 1429 1714 1460 ad
1743 1427 1975 1460 diffinitivam
2002 1427 2217 1460 sententiam

1210 1483 1273 1515 «in
1315 1492 1421 1514 causa
1464 1482 1684 1524 processibus
1726 1480 1868 1517 habitis,
1913 1481 2004 1512 bone
2047 1480 2214 1512 memorie

1210 1549 1222 1564 α,
1238 1536 1402 1568 dominus
1431 1535 1642 1577 Stephanus,
1672 1534 1767 1566 tituli
1796 1534 1924 1565 Sancte
1952 1533 2061 1565 Marie
2088 1533 2215 1564 Trans-

1210 1588 1379 1620 «tiberim
1415 1588 1588 1630 presbiter
1624 1586 1822 1624 cardinalis,
1860 1595 1881 1618 a
1917 1586 2020 1618 beate
2056 1585 2216 1618 recorda-

1210 1642 1345 1674 «tionis
1373 1641 1515 1673 domino
1546 1640 1752 1672 Innocentio
1780 1649 1873 1681 papa
1901 1641 2027 1680 quarto
2055 1638 2217 1680 partibus

1210 1705 1423 1727 «concessus
1454 1694 1606 1731 auditor,
1639 1694 1681 1725 de
1711 1692 1820 1735 ipsius
1852 1691 1985 1724 domini
2018 1691 2214 1724 Innocentii

1210 1758 1328 1791 «pape
1356 1748 1539 1784 mandato,
1567 1749 1604 1779 et
1630 1746 1782 1778 fratrum
1810 1745 1964 1782 consilio,
1993 1744 2125 1786 partim
2152 1753 2214 1787 pro

1210 1814 1223 1830 «
1239 1801 1342 1834 dictis
1362 1801 1494 1832 abbate
1514 1803 1550 1832 et
1569 1802 1749 1832 conventu
1769 1797 2062 1835 Molismensibus,
2085 1797 2217 1840 partim

1210 1864 1300 1897 «pro
1338 1854 1441 1886 dictis
1477 1853 1641 1896 priorissa
1677 1855 1713 1884 et
1749 1853 1927 1883 conventu
1963 1850 2212 1886 Andeciarum,

1210 1907 1461 1949 «questionem
1498 1905 1702 1948 hujusmodi
1737 1904 1996 1937 sententialiter
2031 1902 2213 1940 diffinivit,

1210 1963 1344 2002 «prout
1383 1960 1418 1991 in
1458 1959 1696 1992 instrumento
1737 1957 1878 2000 publico
1917 1957 2000 1988 inde
2039 1955 2212 1992 confecto,

1210 2014 1346 2055 «ipsius
1389 2012 1575 2045 cardinalis
1615 2011 1725 2053 sigillo
1766 2011 1916 2052 signato,
1958 2009 2094 2052 plenius
2134 2018 2215 2040 con-

1210 2079 1222 2095 «
1238 2067 1341 2098 tineri
1364 2065 1606 2108 perspeximus
1629 2067 1664 2096 et
1687 2064 1788 2105 cujus
1810 2066 1970 2095 tenorem
1991 2061 2214 2104 presentibus

1209 2120 1280 2151 «de
1314 2119 1422 2151 verbo
1458 2119 1502 2151 ad
1537 2118 1686 2150 verbum
1721 2116 1825 2149 inseri
1858 2116 2005 2148 fecimus
2040 2114 2101 2157 qui
2133 2113 2215 2146 talis

1211 2175 1292 2205 «est
1318 2183 1324 2204 τ

1708 2269 1818 2301 Rome,
1841 2268 1879 2295 26
1900 2267 2024 2301 janvier
2047 2266 2134 2293 1254.

1257 2338 1269 2354 «
1308 2325 1347 2356 In
1383 2325 1523 2357 nomine
1560 2323 1713 2360 Domini,
1751 2332 1865 2355 amen.
1902 2322 2005 2353 Anno
2040 2319 2214 2352 dominice

1212 2391 1224 2407 «
1244 2378 1500 2410 Incarnationis
1526 2376 1738 2413 MCCLIIII,
1767 2375 1958 2407 indictione
1984 2373 2070 2411 XII,
2097 2382 2216 2405 mense

1213 2431 1403 2473 «J'anuarii,
1436 2431 1491 2463 die
1524 2430 1660 2467 XXVI,
1694 2428 1925 2471 pontificatus
1950 2426 2084 2459 domini
2112 2426 2214 2457 Inno-

1213 2484 1346 2516 «centii
1383 2483 1457 2515 IIII
1491 2493 1581 2526 pape
1614 2492 1707 2515 anno
1742 2481 1938 2513 undecimo.
1974 2479 2067 2512 Olim
2098 2478 2213 2510 inter..

1214 2537 1411 2570 «abbatem
1436 2539 1472 2569 et
1498 2538 1715 2569 conventum
1742 2533 1947 2566 monasterii
1973 2531 2215 2567 Molismensis,

1215 2590 1483 2632 «Lingoniensis
1509 2589 1654 2621 diocesis
1683 2589 1706 2620 1.

1263 2697 1343 2728 «Et
1376 2706 1438 2738 ego
1472 2697 1666 2733 Johan11es,
1704 2696 1832 2728 Sancte
1871 2696 2031 2726 Romane
2068 2691 2221 2724 Ecclesie

1217 2764 1227 2778 α
1244 2750 1459 2782 auctoritate
1478 2749 1648 2786 notarius,
1669 2749 1751 2790 quia
1770 2748 1915 2780 interfui
1940 2745 2128 2789 prolationi
2144 2753 2221 2775 sen-

1216 2802 1354 2834 «tentie
1392 2802 1605 2844 supradicte,
1646 2802 1688 2834 (le
1723 2802 1894 2833 mandato
1929 2803 1964 2832 et
2003 2797 2218 2831 auctoritate

1253 2887 1288 2912 (1)
1308 2887 1373 2907 Pour
1387 2886 1410 2907 la
1426 2887 1489 2907 suile
1505 2886 1560 2907 voir
1576 2886 1598 2906 la
1618 2886 1691 2906 lettre
1707 2886 1741 2907 du
1756 2886 1769 2906 7
1786 2886 1876 2906 fe'vrier
1892 2886 1951 2905 1234
1966 2890 2011 2909 par
2025 2881 2129 2908 laqrclle
2143 2879 2216 2900 Inno-

1213 2924 1270 2943 cent
1290 2922 1324 2942 1v
1337 2922 1457 2943 confimo
1476 2923 1542 2942 cette
1562 2923 1677 2942 sentence
1697 2922 1759 2942 dont
1777 2921 1792 2941 il
1813 2921 1897 2941 donna
1917 2920 1939 2940 la
1958 2917 2135 2943 transcription
2152 2915 2216 2935 inte-

1213 2958 1287 2983 grale,
1311 2954 1375 2983 (Eue
1397 2958 1524 2980 Βεῐιῦι-ῑηι
1547 2957 1582 2978 les
1610 2957 1735 2982 lis-gisnes
1760 2956 1910 2977 ‹rhinocent
1937 2956 1969 2977 11.
1994 2956 2010 2974 t.
2034 2954 2078 2975 111.
2097 2955 2125 2972 nn
2141 2950 2212 2972 7493.

1213 2999 1237 3019 p.
1255 2994 1309 3017 3¹51,
1328 2993 1374 3014 col.
1392 2993 1517 3017 39-1-3136.)
1536 2993 1582 3014 col.
