2477 3512
204 254 226 286 8
904 249 1172 283 REGISTRES
1199 248 1552 281 D'ALEXANDRE
1581 248 1630 280 IV

207 358 446 400 «disponatur
487 357 650 400 deinceps
691 357 725 388 in
768 359 978 398 perpetuum
1019 357 1084 388 sub
1125 356 1211 396 regi-

207 411 327 443 «mine
355 411 544 443 abbatisse.
572 411 701 441 Actum
728 409 886 451 Agnanie
916 409 1016 449 (sic),
1043 409 1078 440 in
1105 410 1209 440 domo

208 474 343 506 «quam
377 474 440 496 nos
473 464 581 495 frater
614 463 658 494 H.
693 462 935 494 inhabitamus
967 462 1010 494 ad
1059 471 1211 504 presens,

208 518 457 559 «presentibus
481 516 737 547 venerabilibus
761 515 920 556 patribus
942 515 1092 546 dominis
1115 514 1210 546 Hen-

208 570 317 607 «rico,
348 569 588 601 lssbredtuicusi
614 572 645 599 et
678 568 870 603 leonardo,
899 568 1054 599 tirctcnsi
1081 567 1214 598 archie-

209 623 411 665 «piscopis;
453 623 618 661 magistro
658 621 790 661 Angclo
832 622 1004 655 l’tomano.
1045 621 1213 651 canonico

209 675 534 711 «Cathalaunensi;
579 674 742 706 Jolianne
791 674 999 709 Lecacorvo,
1045 673 1214 705 canonico

209 741 221 756 «
238 728 466 763 Placentino;
494 728 661 768 magistro
688 727 859 763 Guidone,
889 726 1051 758 Remensi
1077 725 1212 763 clerico,

209 796 219 806 υ
236 785 269 812 et
310 782 445 821 Hogcro
485 782 525 811 de
567 780 719 815 Virtuto,
760 780 882 811 clerico
922 778 1214 810 (Iathalaunensis

209 835 393 870 «diocesis,
427 845 464 865 ac
499 834 574 865 aliis
606 834 764 875 pluribus
798 833 950 864 testibus
981 834 1024 863 ad
1058 832 1214 873 predicta

209 902 220 916 (ι
238 888 383 919 vocatis.
421 889 521 918 Anno
557 897 575 918 a
613 886 812 918 Nativitate
849 886 991 917 Domini
1026 884 1213 920 Moe(;01,0.

209 951 340 977 «nono,
373 940 564 972 indictione
596 940 761 975 secunda,
800 939 871 970 llll
908 948 1017 969 nonas
1048 938 1214 979 januarii,

208 1008 220 1023 <i
238 994 469 1036 pontificatus
487 993 646 1033 ejusdem
668 992 799 1023 domini
820 991 1010 1022 Alexandri
1031 1001 1120 1032 pape
1142 989 1213 1021 llll

210 1056 329 1079 «anno
360 1047 495 1088 quinto.
533 1046 568 1077 ln
599 1046 700 1086 cujus
730 1045 776 1076 rei
809 1044 1049 1076 testimonium
1080 1047 1113 1074 et
1147 1054 1216 1074 me-

210 1113 222 1128 κ
239 1100 346 1132 morie
384 1100 501 1130 future
539 1098 728 1134 cautelam,
770 1098 830 1129 lias
868 1098 1004 1129 litteras
1041 1097 1144 1128 scribi
1182 1099 1212 1127 et

210 1152 408 1195 «publicari
450 1152 596 1183 fecimus
635 1161 696 1193 per
734 1151 911 1182 notarium
951 1150 1215 1191 infrascriptum

210 1208 273 1238 «et
314 1205 441 1238 nostris
482 1204 610 1236 muniri
650 1203 779 1244 sigillis.
824 1204 896 1244 ligo
933 1203 1134 1235 Gifredinus
1175 1202 1216 1234 de

210 1258 390 1295 «Vezanm
430 1257 602 1299 imperiali
640 1257 854 1288 auctoritate
894 1256 1064 1292 notarius,
1105 1256 1217 1297 prola-

210 1312 325 1344 «tioni
356 1311 511 1353 predicte
540 1310 772 1341 ordinationis
800 1310 954 1346 interfui,
983 1312 1019 1341 et
1048 1310 1089 1340 de
1119 1318 1217 1340 man-

209 1377 222 1394 «
238 1365 322 1397 dato
347 1364 584 1405 predictorum
608 1363 831 1394 dominorum
854 1362 1088 1394 cardinalium
1111 1362 1217 1403 scrip-

208 1431 220 1446 «
237 1418 264 1450 si
303 1421 337 1449 et
377 1417 555 1458 publicavi
595 1416 712 1447 omnia
752 1416 957 1457 supradicta
997 1418 1031 1447 et
1076 1416 1217 1456 proprio

207 1471 334 1511 «signo
361 1470 508 1511 signavi.
538 1483 550 1498 >›

254 1523 349 1556 Nulli
371 1526 487 1554 nostre
518 1522 801 1555 confirmationis
831 1525 898 1554 etc.
933 1522 1014 1553 Dat.
1047 1522 1215 1562 Anagnie,

214 1578 248 1608 ΙΙ
273 1586 383 1608 nonas
404 1576 567 1617 januarii,
593 1586 685 1606 anno
709 1575 845 1617 quinto.
870 1588 883 1603 »

292 1716 382 1742 2795
718 1715 851 1748 Anagni,
874 1715 891 1740 9
914 1715 1026 1742 sevrier
1049 1716 1135 1742 1259.

258 1769 419 1796 Fratribus
439 1769 550 1795 domus
570 1768 762 1802 leprosorum
783 1768 811 1794 S.
831 1768 970 1795 Thomae
990 1769 1027 1795 de
1048 1768 1218 1795 Frusinone

208 1814 354 1847 indulget
377 1815 422 1844 ut,
444 1820 500 1847 pro
524 1812 646 1839 duobus
669 1812 836 1846 quartariis
858 1812 1009 1839 frumenti
1031 1814 1061 1839 et
1084 1812 1217 1839 totidem

217 1865 370 1889 annonae,
385 1864 420 1883 ac
434 1858 529 1883 etiam
544 1859 680 1890 quatuor
693 1857 809 1883 saumis
832 1857 934 1883 muxti
949 1864 1037 1890 quas,
1051 1858 1218 1890 praetextu

215 1902 389 1936 aliquorum
425 1902 461 1928 de
496 1901 584 1928 bonis
619 1901 773 1927 ,Iohannis
808 1902 845 1927 de
881 1901 989 1933 Sauro,
1033 1902 1218 1935 presbyteri,

218 1946 292 1980 ipsis
330 1946 455 1977 oblatis,
494 1945 649 1972 Ecclesiae
688 1945 850 1971 Romanae
888 1946 1054 1972 annuatim
1092 1946 1219 1972 reddere

212 1990 413 2021 tenebantur,
444 1997 539 2016 unam
570 1990 738 2016 dumtaxat
768 1989 880 2016 libram
909 1997 996 2016 cerae
1025 1990 1222 2023 persolvant.

213 2034 314 2068 (Res.
333 2034 381 2066 25,
398 2035 418 2060 f.
440 2035 494 2060 190
510 2038 556 2066 v0,
573 2041 622 2060 an.
640 2033 677 2065 V,
694 2042 718 2060 c.
737 2034 798 2066 29.)

255 2133 268 2147 «ι
310 2144 328 2150 ..
372 2118 535 2159 mayistro
577 2120 604 2149 el
645 2118 810 2158 fratribus
851 2118 970 2150 (Ionius
1012 2118 1219 2160 leprosorum

211 2172 327 2204 Sancti
369 2171 492 2203 Thome
530 2171 567 2202 (le
607 2171 811 2208 Frusinone,
858 2170 1025 2202 Verulane·
1063 2171 1215 2204 diocesis.

211 2225 265 2257 Ex
297 2227 415 2256 tenore
446 2227 561 2256 vestre
591 2243 645 2256 ἡ.
680 2224 761 2256 Dat.
795 2225 965 2265 Anagnie,
1000 2224 1027 2256 V
1062 2225 1141 2256 idus
1172 2226 1220 2257 ie-

212 2278 353 2314 bruarii,
383 2288 475 2309 anno
505 2278 641 2319 quinto.
672 2290 684 2305 υ

291 2432 379 2459 2798
714 2434 848 2468 Anagnl,
872 2435 888 2460 9
912 2434 1026 2461 tevi-ier
1050 2435 1136 2462 1259.

255 2484 429 2520 Capellanis
458 2487 617 2520 perpetuis
647 2487 754 2514 altaris
784 2487 813 2514 S.
843 2487 1001 2515 Barbarae
1030 2488 1063 2514 in
1092 2488 1220 2515 ecclesia

217 2529 378 2557 Parmensi
401 2530 541 2564 indulget
567 2533 598 2557 ut
626 2532 665 2557 ad
689 2539 782 2558 onera
806 2532 981 2566 spiritualia
1004 2534 1222 2566 supportanda

218 2581 280 2600 non
297 2575 418 2608 possint
434 2575 581 2607 coactari,
599 2575 656 2601 nisi
674 2576 713 2602 ad
731 2583 765 2602 ea
784 2583 863 2609 quae
881 2584 935 2610 per
951 2578 1074 2604 statuta
1092 2577 1227 2617 Alberti,

216 2619 333 2645 notarii
361 2619 536 2653 apostoiici,
565 2620 705 2652 ejusdem
733 2620 840 2646 altaris
868 2621 1048 2653 conditoris,
1077 2622 1225 2656 imposita

213 2664 296 2690 sunt.
316 2663 413 2696 (ΗΕΘ.
434 2663 482 2696 25,
501 2664 521 2690 f.
544 2664 600 2690 190
618 2667 665 2696 νῦ,
684 2672 734 2691 an.
755 2664 791 2696 V,
811 2672 836 2691 c.
856 2665 919 2698 30.)

262 2759 273 2774 «
315 2747 511 2789 Cupellanis
548 2749 719 2790 perpetuis
757 2749 875 2781 ‹illuris
914 2750 1033 2783 Sancte
1070 2751 1222 2783 Barbare

221 2799 256 2830 in
293 2799 429 2832 ecclesia
464 2801 656 2833 Parmensi.
698 2802 757 2833 Illa
795 2803 962 2835 dilectum
998 2804 1110 2835 filium
1148 2814 1221 2836 ma-

220 2852 367 2892 gistrum
397 2853 595 2891 Albertum,
628 2855 804 2886 notarium
836 2858 1009 2892 nostrum.
1042 2858 1221 2898 prosequi—

219 2914 298 2936 mur
330 2906 531 2939 sinceritate
564 2907 697 2939 favoris
731 2918 840 2950 eaque
876 2909 991 2951 ipsum
1027 2910 1222 2942 dilectionis

222 2960 257 2989 et
284 2958 518 2991 benivolentie
545 2960 793 3002 amplectimur
819 2962 1037 3003 plenitudine
1064 2963 1222 3006 specialis

1328 359 1366 386 ut
1398 356 1426 387 ei
1459 355 1649 388 liberaliter
1680 359 1715 387 et
1748 355 1898 387 libenter
1929 366 1996 398 que
2027 356 2093 388 sibi
2135 356 2264 398 placita
2295 358 2332 388 et

1328 409 1428 440 nobis
1459 409 1617 450 deposcit
1651 409 1785 440 utilitas
1817 409 2062 440 concedamus.
2095 410 2182 441 Cum
2214 409 2331 451 igitur,

1326 462 1413 493 sicut
1442 462 1534 493 idem
1560 462 1718 493 notarius
1743 462 1777 493 in
1804 465 1923 493 nostra
1949 462 2128 504 proposuit
2156 462 2332 503 presentia

1327 515 1555 552 constitutus,
1591 514 1796 556 capellaniis
1830 516 1957 546 Sancte
1989 514 2154 551 Barbare,
2187 515 2333 557 quasin

1327 568 1469 599 ccclesia
1503 568 1681 599 Parmensi
1715 578 1775 609 pro
1807 567 1915 599 felicis
1945 568 2197 599 recordationis
2231 568 2333 599 Inno-

1328 621 1431 652 centii
1469 630 1568 662 pape,
1608 621 1860 662 predecessoris
1897 621 2017 657 nostri,
2056 631 2188 652 necnon
2225 620 2334 662 ipsius

1329 677 1363 705 et
1402 674 1665 715 progenitorum
1703 684 1741 705 ac
1779 674 2045 705 benefactorum
2082 683 2225 706 suorum
2261 673 2335 706 ani-

1330 737 1467 758 marum
1489 727 1568 758 fecit
1593 726 1747 758 remedio
1770 727 1811 758 de
1833 726 1934 758 bonis
1956 727 2104 768 propriis
2125 730 2157 758 et
2182 726 2333 764 dotavit,

1330 784 1424 811 certa
1455 780 1655 821 imposuerit
1691 790 1794 811 onera
1826 780 1870 811 ad
1901 790 1968 821 que
1998 779 2177 816 tenemini,
2209 789 2271 811 vos
2299 782 2335 812 et

1329 833 1385 864 alii
1409 834 1468 875 qui
1491 834 1524 864 in
1546 834 1594 864 cis
1617 844 1678 875 pro
1703 837 1858 874 tempore
1882 833 2017 864 fueritis
2040 833 2199 874 perpetui
2221 833 2335 874 capel-

1329 886 1410 923 lani,
1443 897 1504 917 nos
1533 886 1690 918 volentes
1720 886 1844 917 vestris
1872 889 1902 917 et
1935 896 2173 917 successorum
2203 889 2336 918 vestro-

1330 949 1405 970 rum
1430 940 1464 970 in
1489 940 1552 971 hac
1578 943 1676 981 parte
1700 950 1823 970 cavere
1849 939 2039 980 dispendiis
2062 942 2093 970 ct
2121 939 2231 981 quieti
2254 949 2335 970 con-

1331 992 1441 1024 sulere
1476 996 1645 1034 perpetuo
1679 993 1871 1034 cupientes,
1907 993 2064 1033 ejusdem
2100 992 2228 1024 notarii
2262 1002 2336 1034 pre-

1332 1046 1430 1077 cibus
1472 1046 1642 1081 inclinati,
1687 1046 1786 1077 vobis
1828 1048 1861 1076 ct
1905 1046 2035 1076 eisdem
2079 1046 2336 1077 successoribus

1331 1099 1544 1130 aiictoritate
1584 1099 1800 1140 presentium
1839 1099 2060 1139 indulgemus
2099 1102 2134 1130 ut
2173 1099 2336 1140 deinceps

1331 1163 1400 1184 non
1434 1152 1574 1194 possitis
1608 1162 1667 1193 per
1698 1152 1904 1194 episcopum
1938 1152 1993 1183 vel
2026 1151 2221 1194 capitulum
2254 1151 2337 1183 Par—

1334 1215 1479 1242 menses,
1510 1208 1569 1236 aut
1600 1205 1707 1237 etiam
1737 1215 1797 1247 per
1825 1205 2025 1247 Apostolice
2055 1204 2152 1236 Sedis
2179 1205 2336 1247 legatum

1332 1259 1386 1290 vel
1424 1259 1601 1295 nuntium,
1641 1261 1703 1290 aut
1742 1268 2002 1300 quemcumque
2040 1258 2148 1290 alium
2184 1258 2336 1290 coartari

1330 1313 1373 1343 ad
1399 1311 1518 1353 aliqua
1543 1312 1609 1343 alia
1634 1321 1739 1343 onera
1763 1311 1971 1353 spiritualia,
1995 1310 2192 1353 specialiter
2215 1314 2335 1344 autem

1330 1365 1364 1396 in
1402 1365 1531 1396 divinis
1567 1364 1704 1401 ot't'iciis,
1742 1365 1796 1396 vel
1836 1364 2042 1406 temporalia
2079 1364 2334 1406 supportanda,

1331 1418 1395 1450 nisi
1429 1419 1473 1450 ad
1507 1428 1574 1460 que
1608 1428 1668 1460 per
1699 1418 1958 1449 ordinationem
1991 1421 2026 1449 et
2058 1420 2196 1450 statuta
2228 1417 2337 1460 ipsius

1332 1471 1460 1503 notarii
1489 1481 1549 1513 pei·
1577 1471 1701 1503 Sedem
1731 1470 1973 1512 Apostolicam
2001 1470 2212 1503 confirmata
2241 1473 2336 1503 tene-

1333 1525 1416 1556 mini
1447 1524 1605 1565 obligati.
1638 1524 1710 1556 Nos
1741 1524 1832 1556 enim
1864 1526 2001 1556 statuta
2033 1527 2065 1556 et
2098 1524 2337 1557 ordinationes

1329 1581 1453 1609 contra
1487 1578 1665 1609 indultum
1698 1580 1857 1608 nostrum
1890 1577 2094 1618 hujusmodi
2125 1587 2186 1619 per
2216 1587 2338 1619 quem-

1330 1641 1468 1672 cunque
1506 1631 1600 1662 edita
1641 1630 1694 1661 vel
1733 1631 1868 1661 edenda
1906 1640 1950 1661 ex
1990 1640 2080 1661 nunc
2119 1630 2337 1662 decernimus

1331 1684 1428 1715 irrita
1460 1687 1490 1715 et
1527 1684 1642 1715 inania
1675 1687 1708 1715 et
1739 1683 1867 1714 nullius
1897 1683 2045 1715 existere
2076 1683 2270 1721 firmitatis,
2300 1687 2337 1716 et

1329 1738 1544 1768 occurrendo
1577 1736 1863 1768 cavillationibus
1896 1739 1926 1767 ct
1965 1736 2106 1768 malitiis
2138 1737 2334 1774 hominum,

1330 1790 1558 1831 providemus
1604 1793 1636 1820 ut
1684 1790 1721 1824 si.
1768 1793 1883 1831 preter
1925 1790 2183 1821 ordinationem
2227 1789 2335 1832 ipsius

1331 1843 1469 1879 notarii,
1507 1843 1624 1884 aliqua
1661 1843 1693 1874 in
1729 1843 1970 1874 ecclesiasticis
2005 1843 2131 1874 olsiciis
2165 1853 2224 1875 seu
2260 1843 2336 1875 aliis

1330 1900 1455 1938 sponte
1482 1906 1520 1927 ac
1548 1896 1662 1931 libere,
1692 1896 1802 1936 rogati
1830 1896 1883 1928 vel
1911 1906 1978 1927 non
2006 1896 2130 1937 rogati,
2158 1906 2219 1938 pro
2248 1899 2336 1928 tem-

1332 1960 1414 1992 pore
1461 1949 1632 1980 duxeritis
1680 1949 1850 1985 iacienda,
1899 1949 2032 1980 nullum
2082 1952 2225 1991 propter
2270 1949 2335 1982 hoc

1331 2006 1516 2045 generetur
1541 2002 1642 2034 vobis
1667 2012 1706 2034 ac
1732 2002 1989 2034 successoribus
2015 2002 2140 2033 vestris
2166 2005 2229 2034 aut
2255 2002 2335 2034 huic

1332 2056 1549 2097 indulgentie
1574 2055 1819 2097 prejudicium,
1846 2064 1907 2086 nec.
1933 2055 1968 2086 in
1992 2055 2110 2096 aliquo
2136 2055 2334 2097 derogetur.

1334 2109 1428 2140 Nulli
1462 2111 1579 2140 nostre
1614 2107 1856 2144 concessionis,
1891 2107 2157 2140 constitutionis
2189 2111 2225 2140 et
2257 2118 2337 2150 pro-

1332 2162 1486 2198 visionis,
1527 2165 1594 2193 etc,
1637 2162 1718 2193 Dat.
1759 2161 1929 2202 Anagnie,
1971 2160 2000 2192 V
2040 2161 2118 2193 idus
2157 2161 2336 2200 februarii,

1332 2225 1424 2247 anno
1448 2215 1584 2256 quinto.
1609 2228 1621 2243 »

1412 2388 1500 2414 2797
1834 2389 1968 2423 Anagni,
1992 2390 2008 2415 5
2031 2390 2144 2417 sevrier
2167 2390 2255 2417 1259.

1375 2442 1550 2473 Guillelmo,
1573 2443 1651 2475 regis
1674 2443 1834 2469 Navarrae
1857 2443 1957 2474 fratri,
1980 2443 2123 2470 concedit
2146 2445 2191 2475 ut,
2214 2445 2339 2478 praeter

1334 2486 1600 2520 dispensationem
1625 2486 1777 2513 beneficia
1801 2487 2009 2514 ecclesiastica
2034 2494 2131 2521 usque
2156 2487 2195 2514 ad
2219 2489 2339 2514 certam

1334 2538 1490 2557 summam
1517 2531 1684 2564 recipiendi
1710 2531 1736 2557 ei
1762 2538 1951 2563 concessam,
1978 2531 2130 2558 beneficia
2154 2531 2215 2558 alia
2240 2538 2339 2565 usque

1335 2576 1373 2601 ad
1399 2582 1539 2601 annuum
1565 2575 1703 2602 valorem
1729 2576 2030 2609 quadringentarum
2055 2583 2231 2603 marcarum
2257 2575 2339 2603 Ster-

1335 2620 1490 2653 lingorum
1525 2619 1608 2646 ultra
1640 2626 1797 2647 summam
1830 2620 2026 2654 praedictam
2059 2620 2194 2654 recipere
2229 2620 2338 2654 possit.

1333 2664 1431 2697 (Bm.
1452 2664 1500 2695 25,
1519 2664 1540 2690 f.
1563 2664 1620 2690 190
1638 2667 1685 2695 νο,
1705 2671 1754 2691 an.
1776 2664 1813 2696 V,
1833 2672 1858 2691 c.
1878 2664 1941 2698 31.)

1381 2768 1392 2781 u
1429 2752 1616 2790 Guillelmo,
1648 2753 1774 2791 clerico,
1806 2753 1905 2794 sralri
1935 2753 2108 2785 carissimi
2139 2754 2174 2785 in
2207 2753 2338 2785 Christo

1333 2806 1404 2847 lilii
1447 2807 1578 2838 nostri..
1624 2806 1766 2838 illustris
1808 2807 1896 2848 reyis
1938 2807 2103 2843 iN'avarre,
2149 2805 2340 2848 Campanis:

1334 2861 1362 2890 el
1405 2859 1486 2890 Brie
1528 2859 1659 2890 comitis
1702 2859 1869 2891 Palatini.
1915 2860 2057 2891 Affectu
2102 2858 2339 2891 benivolentie

1334 2911 1493 2954 specialis
1519 2931 1573 2943 —.
1604 2912 1686 2944 Dat.
1714 2912 1885 2954 Anagnie,
1914 2912 2014 2944 nonis
2040 2912 2218 2949 februarii,
2245 2920 2338 2944 anno

1336 2965 1473 3007 quinto.
1502 2978 1514 2993 υ
