2477 3512
966 263 1238 310 CINQUIEME
1264 265 1430 303 ANNEE
2213 278 2248 310 11

218 376 306 402 2808
621 374 754 407 Anagni,
779 373 813 400 11
837 373 951 400 sevrier
974 374 1060 401 1259.

176 429 358 463 Praeposito
388 428 533 455 ecclesiae
564 427 761 454 Florentinae
791 427 923 453 mandat
953 428 988 453 ut
1018 428 1138 454 dictum

137 473 292 500 Gentilem
310 473 347 499 de
365 473 523 499 Luculena
540 472 572 498 in
588 471 722 506 praefati
740 470 897 504 prioratus
914 471 1139 504 possessionem

135 517 276 549 inducat,
291 517 449 547 invocato,
465 517 490 542 si
505 524 582 550 opus
598 515 702 546 fuerit,
718 515 837 541 brachii
851 515 996 542 secularis
1012 516 1138 543 auxilio.

135 561 232 596 (Rm.
251 561 300 593 25,
318 561 339 588 f.
359 561 412 587 191
433 564 479 592 νο,
498 568 547 587 an.
567 559 603 592 V,
622 560 651 586 d.
670 559 710 591 c.)

179 669 190 684 «
210 681 228 688 ..
247 656 416 697 preposito
434 655 567 687 ecclesie
584 655 790 687 Florentiae.
809 655 993 686 Virtutum
1011 655 1136 686 merita

134 709 261 750 quibus
308 727 363 740 —.
405 709 488 739 Dat.
530 708 698 749 Anagnie,
746 708 797 738 III
839 708 917 739 idus
957 707 1135 744 februarii,

135 771 227 793 anno
258 761 394 803 quinto.
426 774 438 789 »

209 923 298 948 2809
608 922 742 956 Anagni,
768 923 803 948 16
826 922 939 949 sevrier
962 923 1039 950 1259

169 976 247 1003 Cum
263 976 424 1007 Vivianus,
436 975 520 1009 prior
531 975 676 1002 ecclesiae
689 976 720 1003 S.
736 976 971 1003 Bartholomaei
982 977 1019 1003 de
1036 977 1139 1005 Stam—

126 1022 214 1054 pato,
243 1020 413 1046 Fesulanae
441 1020 581 1051 diocesis,
610 1027 749 1046 annuam
776 1020 959 1053 pensionem
986 1022 1128 1054 praefato

129 1064 244 1091 Gentili
268 1064 304 1090 de
329 1064 498 1095 Luculena‚
522 1064 616 1097 priori
641 1064 678 1090 de
704 1064 848 1095 Pavellis,
873 1065 1013 1091 debitam
1037 1072 1129 1099 nega<

126 1110 226 1139 verat,
246 1108 375 1135 mandat
396 1116 479 1142 papa
499 1108 667 1139 Venturae,
686 1106 835 1134 canonico
855 1109 953 1142 plebis
973 1109 1010 1136 de
1030 1110 1131 1143 Fighi-

126 1160 176 1184 no,
194 1153 335 1185 ejusdem
352 1152 492 1183 diocesis,
510 1154 545 1178 ut
562 1153 643 1179 inira
661 1153 840 1186 quindecim
858 1153 922 1179 dies
940 1156 1011 1187 post
1032 1155 1131 1181 moni-

125 1197 254 1228 tionem,
285 1197 405 1223 dictum
437 1197 606 1224 vivianum
638 1197 677 1223 ad
709 1197 957 1224 satisfactionem
988 1198 1131 1231 inducat,

125 1241 274 1275 alioquin,
294 1241 374 1268 infra
393 1241 469 1268 alios
489 1241 667 1275 quindecim
689 1241 763 1272 dies,
783 1242 814 1267 in
834 1242 918 1268 curia
938 1245 1129 1277 compareat.

126 1285 223 1318 (Rau.
244 1285 292 1317 25,
312 1285 332 1312 f.
355 1286 422 1317 192,
442 1293 491 1312 an.
512 1285 549 1317 V,
569 1293 593 1311 c.
615 1286 676 1317 42.)

171 1386 183 1399 a
211 1373 355 1404 Venlure
375 1373 568 1414 presbitero,
592 1373 754 1405 canonico
774 1374 884 1415 plebis
906 1375 945 1405 (Ie
968 1375 1129 1416 Fiqlu'no,

126 1425 294 1457 Fesulane
338 1426 490 1457 diocesis.
537 1426 696 1457 Dilectus
741 1426 834 1458 filius
880 1427 1028 1459 Gentilis
1074 1447 1128 1460 ἡ.

126 1479 208 1510 Dat.
238 1479 407 1520 Anagnie,
439 1479 551 1510 XIIII
580 1479 648 1510 kal.
681 1479 809 1516 martii,
838 1490 930 1511 anno
959 1481 1094 1521 quinto.
1119 1495 1130 1509 ι)

201 1635 289 1662 2810
599 1636 733 1669 Anagni‚
760 1636 793 1662 11
818 1636 932 1662 sevrier
956 1637 1042 1663 1259.

162 1689 311 1722 Magistro
341 1691 372 1716 et
401 1689 551 1716 fratribus
581 1689 693 1715 domus
724 1689 788 1729 Dei,
811 1689 848 1716 de
879 1690 907 1715 S.
940 1690 1126 1722 Manehilde‚

122 1733 380 1760 Cathalaunensis
402 1733 542 1765 diocesis,
564 1733 766 1759 construendi
787 1733 959 1760 oratorium
980 1734 1011 1760 in
1033 1735 1126 1760 domo

120 1777 280 1804 licentiam
297 1778 450 1804 concedit.
469 1778 566 1811 (Rea.
585 1778 633 1809 25,
652 1778 671 1803 f.
693 1778 760 1809 192,
778 1785 827 1804 an.
847 1778 883 1809 V,
902 1786 926 1804 c.
946 1778 1007 1811 43.)

167 1879 179 1894 «
208 1891 227 1898 ..
256 1866 417 1907 maylstro
445 1868 473 1898 el
498 1866 663 1907 fratribus
691 1866 809 1897 <lomus
841 1866 906 1897 Dei
934 1867 973 1897 (le
1001 1866 1126 1898 Sancta

122 1919 332 1956 Manehilde,
360 1919 646 1951 cathalaunensis
670 1919 821 1951 diocesis.
848 1919 903 1950 Ex
927 1922 1027 1961 parte
1051 1930 1127 1952 ves-

121 1976 176 2005 tra
208 1992 263 2004 —.
299 1973 381 2004 Dat.
416 1972 585 2013 Anagnie,
625 1973 677 2003 III
711 1972 789 2003 idus
821 1972 999 2010 februarii,
1033 1983 1125 2005 anno

124 2026 260 2068 quinto.
286 2038 297 2053 »

200 2157 283 2183 2811
594 2157 727 2190 Anagni,
752 2157 788 2184 18
810 2157 933 2190 janvier
957 2157 1043 2184 1259.

160 2211 339 2238 ,Iohannem
378 2210 507 2242 Mansel,
545 2210 775 2236 thesaurarium
816 2210 1056 2242 Eboracensem,
1095 2211 1127 2237 in

121 2255 262 2282 omnium
288 2254 512 2281 beneficiorum
538 2262 666 2281 suorum
692 2254 921 2288 possessionem
948 2255 1125 2282 confirmat.

119 2300 216 2334 (Rea.
235 2299 284 2331 25,
302 2299 323 2325 f.
344 2299 411 2330 192,
430 2306 479 2325 an.
500 2298 537 2330 V,
556 2299 585 2325 d.
605 2300 644 2332 c.)
921 2295 924 2298 '

166 2408 178 2423 «
204 2395 359 2427 Johanni
385 2394 534 2432 Mansel,
562 2394 736 2436 capellano
762 2397 884 2432 nostro,
912 2396 1121 2428 thesaurario

120 2448 338 2480 Eboracensi.
366 2448 568 2490 Apostolice
597 2448 693 2480 Sedis
722 2448 921 2489 benignitas
948 2468 1002 2480 —.
1032 2449 1124 2480 Hinc.

120 2504 173 2533 est
197 2501 291 2542 quod
317 2511 390 2537 nos,
416 2501 632 2542 probitatem
656 2504 756 2532 tuam
782 2511 850 2532 non
876 2501 1016 2543 indigne
1041 2512 1124 2543 pen-

119 2556 238 2586 santes
273 2564 312 2585 ae
348 2553 507 2585 volentes
541 2564 585 2585 ex
620 2554 685 2585 hoc
720 2554 872 2595 gratiam
908 2554 973 2585 tibi
1008 2554 1122 2586 facere

121 2607 318 2649 specialem,
362 2607 432 2638 tuis
474 2607 792 2648 supplicationibus
834 2607 1005 2644 inclinati,
1050 2608 1126 2640 the-

122 2660 315 2692 saurariam
349 2660 590 2697 Eboracensis‚
625 2660 869 2692 cancellariam
903 2661 1125 2692 Londonien-

121 2713 166 2745 sis
195 2716 230 2744 et
260 2713 516 2754 preposituram
544 2713 801 2745 Beverlctensis
830 2714 1055 2745 eeclesiarum
1085 2724 1124 2745 ac

124 2766 304 2797 universos
334 2766 418 2797 alios
448 2769 657 2808 personatus
686 2769 721 2797 ct
752 2766 953 2807 dignitates,
984 2770 1017 2798 et
1050 2767 1124 2798 uni-

125 2829 224 2851 versa
265 2819 371 2850 etiam
413 2819 644 2851 ecclesiastica
688 2819 857 2851 beneficia
899 2820 1124 2861 prebendalia

123 2875 158 2903 et
181 2872 259 2908 alia,
284 2882 363 2903 cum
387 2882 468 2903 cura
493 2875 527 2903 et
551 2872 622 2903 sine
647 2882 726 2902 cura
752 2872 961 2909 animarum,
989 2875 1061 2903 tam
1084 2883 1123 2904 ca

123 2934 190 2966 que
227 2934 305 2956 cuni
345 2925 605 2966 dispensatione
644 2925 741 2956 Sedis
778 2925 979 2966 Apostolice
1017 2936 1124 2966 quam

128 2987 193 3008 auc
231 2977 303 3008 sinc
342 2977 601 3019 dispensatione
640 2977 841 3017 hujusmodi
881 2978 1051 3019 recepisti,
1091 2981 1125 3009 et

1249 387 1317 418 que
1348 378 1493 418 pacifice
1525 379 1680 420 possides
1711 382 1747 410 et
1778 380 1906 421 quiete,
1941 383 2153 414 auctoritate
2185 383 2251 414 tibi

1250 430 1442 471 apostolica
1476 431 1739 468 confirmamus,
1775 433 1945 473 presentis
1979 434 2099 475 scripti
2133 439 2251 477 patro-

1249 482 1338 514 cinio
1380 484 1651 521 communimus,
1694 494 1835 517 omnem
1876 486 2063 523 desectum,
2106 488 2133 518 si
2174 489 2250 529 quis

1249 537 1365 576 quoad
1398 537 1454 577 jus
1486 538 1541 568 vel
1575 539 1692 579 quoad
1726 538 1861 570 factum
1895 539 1984 571 circa
2014 540 2250 582 receptionem

1248 599 1307 620 seu
1343 590 1575 622 retentionem
1610 600 1731 623 eorum
1764 590 1820 623 vel
1855 592 2054 633 aliquorum
2089 603 2132 624 ex
2166 594 2249 635 ipsis

1249 645 1310 673 aut
1353 643 1386 673 in
1430 643 1753 685 dispensationibus
1795 645 1859 675 tibi
1902 655 2006 687 super
2047 646 2250 687 hujusmodi

1248 696 1495 736 personatibus
1528 699 1564 727 et
1598 697 1779 729 beneficiis
1813 698 1858 729 ab
1893 699 2018 730 eadem
2054 699 2140 730 Sede
2170 709 2251 731 con-

1248 749 1350 780 cessis
1382 749 1529 781 forsitan
1562 749 1764 786 intervenit,
1798 751 2002 792 supplentes
2034 752 2075 783 de
2108 755 2249 793 aposto—

1248 802 1310 833 lice
1340 801 1558 843 plenitudine
1586 803 1786 844 potestatis‚
1816 806 1851 834 et
1880 806 1919 835 ut
1947 813 1986 835 ea
2012 804 2129 836 onmia
2157 805 2250 837 licite

1247 854 1388 886 insimul
1427 856 1576 886 retinere
1616 856 1745 893 valeas,
1787 857 2042 888 constitutione
2081 857 2251 898 generalis

1247 907 1382 940 concilii
1420 918 1489 940 non
1528 908 1704 945 obstante,
1742 912 1861 941 tecum
1899 910 2113 942 auctoritate
2151 920 2251 952 apos-

1250 961 1352 993 tolica
1396 961 1650 1003 dispensantes,
1695 963 1836 1004 proviso
1880 964 1974 1004 quod
2018 964 2247 1000 thesauraria,

1246 1014 1463 1051 cancellaria,
1510 1015 1729 1056 prepositura
1774 1018 1809 1046 et.
1853 1015 1911 1047 alii
1956 1019 2165 1057 personatus
2212 1020 2248 1048 et

1245 1068 1436 1109 dignitates
1457 1078 1496 1099 ac
1519 1067 1585 1099 alia
1609 1068 1778 1100 beneficia
1802 1068 2005 1109 hujusmodi
2028 1069 2155 1100 debitis
2178 1079 2246 1101 non

1245 1121 1455 1152 fraudentur
1489 1121 1675 1162 obsequiis,
1712 1124 1747 1152 et
1781 1122 1980 1153 animarum
2015 1132 2097 1153 cura
2132 1122 2166 1153 in
2200 1123 2248 1154 eis

1246 1174 1373 1215 quibus
1399 1174 1557 1205 imminet
1586 1174 1787 1206 nullatenus
1814 1175 2021 1216 negligatur.
2050 1175 2144 1206 Nulli
2171 1185 2249 1207 nos-

1244 1230 1296 1259 tre
1336 1227 1627 1264 consirmationis,
1669 1227 1901 1269 suppletionis
1941 1230 1976 1259 et
2016 1228 2248 1270 dispensatio-

1244 1280 1296 1312 nis
1326 1283 1392 1311 etc.
1426 1280 1509 1311 Dat.
1541 1280 1711 1321 Anagnie,
1746 1281 1811 1311 XV
1842 1281 1910 1312 kal.
1943 1281 2120 1318 februarii,
2153 1291 2245 1313 anno

1243 1334 1380 1375 quinto.
1411 1347 1422 1360 »

1321 1530 1410 1555 2812
1518 1526 1521 1529 ”
1716 1530 1850 1563 Anagni‚
1875 1530 1911 1556 18
1933 1530 2056 1563 janvier
2079 1530 2165 1556 1259.

1282 1584 1431 1617 Magistro
1465 1583 1641 1615 Rostando‚
1675 1583 1893 1610 archidiacono
1927 1583 2114 1616 Agennensi‚
2148 1583 2246 1610 archi-

1241 1628 1445 1655 diaconatum
1474 1628 1703 1661 Agennensem‚
1733 1629 1763 1654 et
1794 1628 1831 1654 de
1861 1627 2023 1661 Li11goni0,
2053 1627 2245 1658 Vasatensis,

1242 1673 1270 1699 S.
1293 1673 1377 1699 Petri
1397 1672 1564 1699 orientalis
1584 1673 1621 1698 de
1642 1672 1773 1699 Ossonia
1792 1674 1823 1698 et
1843 1673 1880 1698 de
1901 1672 2105 1704 Stevenache,
2126 1671 2247 1697 Lincol-

1242 1718 1365 1749 niensis,
1398 1719 1426 1743 et
1462 1717 1499 1743 de
1532 1717 1712 1748 Estraham‚
1746 1717 1888 1749 Eliensis,
1921 1718 1951 1743 et
1984 1717 2021 1743 de
2055 1716 2246 1747 Scaldeford,

1240 1762 1464 1788 Wintoniensis
1494 1761 1663 1787 diocesium
1693 1763 1880 1795 caeteraque
1909 1761 2061 1787 beneficia
2090 1760 2247 1787 ecclesias-

1240 1807 1300 1833 tica
1320 1807 1496 1832 confirmat.
1517 1806 1614 1839 (REG.
1635 1806 1683 1837 25,
1703 1806 1723 1832 f.
1747 1806 1813 1837 192,
1834 1813 1883 1832 an.
1905 1806 1942 1837 V,
1961 1813 1986 1832 c.
2007 1806 2069 1838 44.)

1284 1916 1296 1931 «
1332 1903 1503 1944 Maqistro
1538 1904 1724 1940 Roslanno,
1761 1903 1997 1935 archidiacono
2033 1903 2244 1944 Aqennfflmi,

1238 1955 1411 1998 capellano
1442 1958 1563 1987 nostro.
1596 1956 1797 1998 Apostolice
1828 1956 1926 1988 Sectis
1958 1956 2155 1997 benignitas
2202 1975 2247 1978 —

1240 2012 1278 2040 ut
1302 2009 1337 2040 in
1361 2008 1428 2040 alia
1453 2019 1514 2051 per
1540 2012 1666 2040 totum.
1693 2022 1704 2037 »

1317 2195 1406 2221 2813
1712 2195 1846 2228 Anagni,
1870 2195 1907 2221 25
1929 2195 2052 2228 J'anvier
2076 2194 2161 2221 1259.

1279 2249 1423 2284 Philippo
1453 2249 1561 2281 Luvel,
1591 2249 1740 2275 canonico
1770 2248 1990 2280 Londoniensi,
2020 2248 2241 2275 canonicatum

1238 2294 1488 2320 Londoniensem
1518 2295 1549 2320 et
1579 2293 1722 2320 ecclesias
1753 2294 1790 2319 de
1821 2293 2020 2326 Luttyrworc
2049 2294 2080 2320 et
2121 2293 2158 2319 de
2189 2292 2242 2323 Le,

1238 2338 1460 2365 Lincolniensis
1498 2338 1638 2369 diocesiS,
1675 2339 1863 2371 caeteraque
1900 2337 2052 2364 beneficia
2088 2336 2245 2363 ecclesias-

1236 2382 1300 2409 tica
1317 2382 1495 2409 confirmat.
1515 2382 1612 2415 (Rea.
1633 2382 1681 2413 25,
1701 2382 1721 2408 f.
1744 2382 1810 2413 192,
1830 2389 1879 2408 an.
1900 2381 1937 2413 V,
1956 2389 1981 2407 c.
2001 2381 2064 2413 45.)

1283 2484 1295 2499 «
1335 2470 1503 2512 Philippo
1544 2470 1658 2507 Luvel,
1701 2469 1875 2512 capellano
1915 2471 2038 2506 nostro,
2080 2469 2242 2501 canonico

1238 2524 1479 2556 Londoniensi.
1505 2523 1706 2565 Apostolice
1731 2523 1829 2555 Sedis
1854 2523 2052 2564 benignitas
2075 2542 2129 2553 —.
2157 2522 2238 2553 Dat.

1239 2577 1405 2618 Anagnie,
1431 2577 1499 2608 VII
1523 2576 1591 2608 kal.
1616 2576 1793 2613 februarii,
1818 2586 1910 2607 anno
1934 2576 2070 2617 quinto.
2096 2589 2107 2604 u

1317 2753 1406 2779 2814
1708 2753 1842 2786 Anagni‚
1868 2753 1903 2779 18
1925 2752 2048 2785 janvier
2072 2751 2156 2777 1259.

1276 2807 1422 2838 Henrico,
1446 2807 1563 2833 decano
1587 2807 1615 2833 S.
1641 2806 1768 2833 Martini
1791 2806 2027 2836 Londoniensis,
2051 2805 2241 2831 decanatum

1236 2852 1264 2877 S.
1292 2851 1419 2877 Martini
1445 2851 1551 2884 Magni
1578 2851 1814 2882 Londoniensis,
1840 2850 2057 2876 cancellariam
2084 2848 2240 2874 Exonien-

1235 2903 1299 2922 sem
1329 2897 1360 2922 et
1389 2896 1602 2929 praebendam
1633 2895 1901 2925 Saresbiriensem,
1930 2895 2115 2926 coeteraque
2144 2893 2237 2919 hene-

1236 2940 1306 2967 ficia
1326 2939 1535 2966 ecclesiastica
1555 2939 1732 2965 confirmat.
1754 2939 1850 2972 (Rae.
1872 2939 1920 2970 25,
1941 2938 1962 2964 f.
1986 2938 2041 2963 192
2063 2940 2108 2969 νο,
2129 2944 2179 2964 an.
2202 2937 2239 2968 V,

1235 2992 1259 3009 c.
1286 2984 1347 3015 46.)
