2477 3512
931 291 1162 332 TROISIEME
1182 290 1328 329 ANNEE

510 382 596 412 ineat
619 382 885 422 compositionem
911 384 944 413 et
963 391 1100 413 conces„
1125 368 1128 417 J
1152 378 1211 409 per
1231 369 1262 398 et
1277 366 1384 397 stabili
1405 369 1628 407 permanente.
1651 367 1757 396 Tenor
1772 376 1849 397 vero
1869 366 2007 407 predicti
2022 368 2141 398 iustru-

1125 430 1127 438 '
1155 425 1253 456 menti
1275 423 1348 454 talis
1363 424 1433 453 est:

113 389 271 422 tempore,
295 381 477 412 nullatenus
498 381 506 411 l

112 438 233 467 sionem
249 437 380 468 easdem
400 447 569 470 revocare,
584 438 714 468 irritare
725 437 776 468 vel
789 438 965 479 reprobare
986 439 1016 468 in
1034 440 1101 468 toto

111 494 162 524 vel
182 494 214 524 in
230 496 334 534 parte,
352 497 408 524 aut
422 495 534 525 venire
552 494 602 524 vel
622 496 820 534 attemptare
840 504 896 525 seu
917 494 1028 525 facere
1045 494 1101 524 ali-

109 549 184 590 quid
194 552 308 580 contra
323 549 407 587 illas,
422 552 454 580 et
465 551 490 580 si
506 553 619 581 contra
635 551 904 591 presumpserint,
919 551 961 581 sit
973 550 1100 581 omnino

110 606 247 645 irritum,
270 616 417 643 vacuum,
440 609 473 637 et
499 617 602 637 inane.
628 607 667 637 Et
686 617 757 636 cum
784 606 967 647 hujusmodi
990 606 1101 637 feudo·
1125 636 1126 649 ἦ

108 672 178 693 rum
206 662 347 704 ipsorum
383 663 552 693 concessio
587 662 742 704 predictis
765 663 924 704 Philippo,
949 664 986 693 R.
1010 666 1042 694 et
1062 664 1097 693 B.
1125 682 1126 709 3

108 718 180 749 filiis
210 719 281 759 ejus
308 718 396 749 facta
428 720 539 757 fuerit,
563 729 620 750 nos
645 719 760 750 eadem
781 720 978 750 auctoritate
1005 730 1099 760 apos-
1124 720 1126 761 ¹3
1153 741 1159 754 <

107 775 206 806 tolica
220 776 475 816 interpretamur
494 778 527 806 et
548 776 586 806 ad
608 775 783 816 pleniorem
804 776 850 806 rei
870 776 1099 806 certitudinem
1124 771 1126 791 ³

106 831 310 862 declaramus
328 832 515 863 eorumdem
530 832 693 872 Raynaldi
707 836 739 863 et
764 832 983 863 Bartholomei
1002 832 1099 863 here-
1125 858 1126 869 ,

106 887 164 918 des
189 898 226 918 ac
255 898 464 919 successores
499 889 528 919 in
565 895 756 930 perpetuum
788 888 906 919 dehere
932 891 965 918 in
996 888 1100 919 feudis
1125 874 1126 920 l

105 944 282 975 succedere
312 946 497 976 memoratis
530 946 639 985 sicque
668 946 771 986 ipsam
798 945 1041 975 concessionem
1067 947 1100 975 et

105 1011 166 1031 non
187 1001 283 1032 aliter
296 1001 516 1042 accipiendam
534 1006 567 1032 et
581 1001 831 1043 intelligendam
844 1002 925 1039 fore,
947 1001 1100 1032 videlicet
1125 986 1127 1009 l
1155 1026 1168 1037 „

106 1059 139 1088 ut
167 1058 242 1087 nulli
265 1057 319 1087 alii
345 1057 398 1087 filii
428 1057 480 1088 rel
517 1058 655 1089 heredes
677 1068 733 1088 seu
769 1068 979 1088 successores
1001 1059 1101 1098 ipsius
1125 1082 1126 1088 ,

104 1114 241 1154 Philippi
259 1114 547 1144 sibisuccedereut
559 1115 588 1144 in
603 1115 787 1154 premissiS,
805 1124 876 1144 cum
892 1115 922 1144 in
936 1115 1005 1155 ipsa
1024 1125 1099 1144 cou—

102 1170 249 1200 cessioue
271 1170 370 1201 fuerit
383 1180 587 1211 expressum,
611 1174 646 1201 ut
671 1171 823 1211 superius
845 1176 897 1201 est
919 1174 1096 1207 narratum,

103 1226 185 1267 quod
207 1229 277 1267 post
296 1227 395 1267 ipsius
418 1227 557 1267 Philippi
577 1226 697 1257 obitum
723 1227 801 1257 dicti
822 1228 860 1257 R.
885 1230 918 1257 et
936 1227 974 1257 B.
998 1227 1097 1257 hahe-

102 1286 176 1314 rent
207 1282 303 1313 feuda
324 1283 462 1324 prefata.
487 1283 613 1314 scilicet
633 1283 716 1323 quod
741 1284 795 1313 alii
822 1283 877 1313 tilii
904 1287 937 1314 et
957 1283 1095 1314 heredes

102 1339 179 1370 dicti
200 1339 340 1380 Philippi
364 1350 383 1370 a
412 1340 620 1371 successione
648 1340 761 1370 horum
784 1339 953 1370 feudorum
980 1339 1095 1370 exclu-

102 1394 259 1426 derentur
288 1396 416 1426 omnino
452 1402 485 1426 et
517 1406 577 1426 non
609 1395 829 1436 predictorum
867 1395 1027 1437 Raynaldi
1060 1398 1093 1426 et

102 1452 321 1482 Bartholomei
338 1451 392 1482 filii
405 1457 439 1482 et
459 1451 613 1483 heredes.
638 1452 727 1482 Alios
746 1452 831 1482 euim
853 1451 934 1482 filios
955 1452 1091 1483 eundem

102 1508 296 1549 Phylippum
315 1508 460 1539 novimus
482 1508 644 1545 habuisse,
674 1508 901 1539 nichilominus
923 1510 1029 1539 tamen
1053 1509 1091 1539 de

100 1563 298 1605 plenitudine
308 1564 483 1605 potestatis
493 1565 677 1603 statuimus,
688 1564 769 1605 quod
782 1575 823 1595 ex
838 1565 893 1595 tali
905 1565 1089 1596 eorumdem

98 1621 265 1652 feudorum
283 1621 494 1652 concessione
521 1621 678 1652 dictorum
710 1621 870 1662 Raynaldi
892 1625 925 1652 et
952 1622 1091 1652 Bartho-

96 1677 192 1708 lomei
213 1677 350 1708 heredes
373 1679 407 1708 et
427 1687 637 1708 successores
667 1678 697 1708 in
719 1680 911 1719 perpetuum
933 1679 963 1709 iu
985 1678 1090 1709 feudis

98 1734 276 1764 succedant
304 1733 439 1764 eisdem.
479 1734 732 1765 Instrumentum
767 1737 874 1765 autem
911 1734 1089 1775 predictum

98 1793 130 1822 et
142 1790 455 1832 privilegiumipsum
476 1800 546 1821 cum
563 1790 857 1831 subscriptionibus
878 1790 1089 1821 cardinalium

97 1857 177 1878 vera
201 1849 235 1878 et
274 1848 378 1885 recta,
414 1857 475 1877 non
525 1847 720 1885 cancellata,
761 1857 820 1877 nec
862 1848 993 1884 viciata,
1030 1858 1088 1878 uec

98 1903 228 1942 abolita,
252 1913 312 1934 nec
336 1906 501 1944 corrupta,
528 1914 630 1944 neque
660 1904 691 1934 in
715 1903 821 1944 aliqua
838 1904 888 1934 sui
905 1906 996 1944 parte
1017 1914 1089 1935 sus—

97 1963 193 2001 pecta
208 1962 337 1991 attente
355 1960 554 2001 inspeximus
575 1964 609 1991 et
637 1960 836 2001 perlegimus
861 1960 1037 2001 diligenter
1057 1952 1089 1991 et

99 2016 285 2047 eorumdem
300 2017 507 2047 instrumenti
523 2018 557 2047 et
568 2017 729 2057 privilegii
752 2019 882 2047 tenores
902 2016 941 2047 ad
962 2017 1087 2058 plenam

99 2076 134 2104 et
157 2071 325 2104 efficacem
347 2073 520 2111 cautelam,
552 2076 740 2114 perpetuam
765 2073 811 2103 rei
844 2073 1028 2104 firmitatem
1056 2077 1088 2104 et

98 2134 241 2164 suturam
262 2134 447 2164 memoriam
467 2134 676 2175 presentibus
698 2134 738 2164 de
755 2134 855 2164 verbo
886 2133 926 2164 ad
954 2133 1087 2164 verbum

100 2190 250 2221 duximus
270 2190 472 2221 inserendos.
487 2191 529 2222 Ut
546 2191 647 2231 igitur
661 2190 757 2221 iidem
782 2192 915 2221 tenores
935 2191 1089 2222 omnimo-

99 2246 170 2278 dam
210 2247 255 2278 rei
288 2257 344 2278 seu
382 2247 461 2278 facti
492 2247 722 2279 certitudinem
751 2248 875 2278 faciant
904 2247 951 2277 sic
975 2248 1089 2278 inserti
1114 2262 1115 2277 ³

99 2304 294 2335 auctoritate
312 2304 490 2344 apostolica
505 2304 723 2341 decernimus,
743 2306 778 2335 ut
794 2303 871 2334 illud
887 2303 971 2334 idem
994 2304 1090 2334 robur
1114 2304 1115 2349 J

98 2359 296 2400 eandemque

98 2416 241 2447 habeant
259 2418 292 2448 et
304 2417 480 2451 retineant,
500 2427 561 2457 que
581 2417 699 2448 habent
712 2417 964 2448 instrumentum
983 2418 1015 2447 et
1025 2417 1089 2457 pri—

100 2473 252 2514 vilegium
278 2473 465 2514 supradicta
488 2476 521 2505 et
544 2473 657 2505 eadem
673 2484 806 2514 prorsus
827 2474 874 2504 eis
899 2474 978 2504 fides
998 2473 1090 2503 adhi—

100 2529 226 2565 beatur,
250 2540 310 2570 que
331 2530 409 2571 ipsis
430 2530 646 2561 instrumento
661 2532 694 2561 et
712 2530 884 2571 privilegio
904 2529 1086 2567 adhibetur,

99 2596 136 2616 ac
148 2586 411 2626 quandsmumque
425 2589 459 2617 et
480 2586 668 2627 ubicumque
680 2587 785 2617 sivein
797 2586 919 2627 judicio
932 2586 999 2616 sive
1015 2585 1089 2616 alibi

99 2642 220 2673 fuerint
240 2642 376 2673 exhibiti
398 2645 430 2673 et
447 2643 580 2680 ostensi,
602 2645 708 2674 stetur
727 2643 774 2673 eis
789 2642 926 2673 firmiter
941 2643 972 2673 in
986 2642 1089 2673 onmi—

98 2697 156 2729 bus
186 2699 268 2730 sicut
289 2699 411 2729 eisdem
440 2702 584 2729 staretur
609 2699 827 2730 instrumento
848 2703 881 2730 et
906 2698 1086 2740 privilegio,

99 2755 124 2785 si
153 2755 260 2786 forent
280 2755 426 2786 exhibita
453 2755 504 2786 vel
535 2758 681 2793 ostensa,
704 2766 742 2786 ac
764 2756 889 2796 plenam
912 2757 946 2786 et
965 2754 1088 2786 firmam

96 2810 189 2841 fidem
224 2821 281 2852 per·
320 2812 425 2842 omnia
463 2812 600 2849 faciant,
641 2812 771 2842 etiamsi
813 2811 984 2852 originalia
1020 2811 1089 2841 sive

98 2867 168 2908 ipsa
195 2867 442 2899 instrumentum
473 2872 505 2899 et
527 2868 732 2909 privilegiui'n
764 2878 825 2898 non
853 2867 1090 2898 exhiberentur

98 2933 159 2953 nec
186 2926 381 2964 apparerent
405 2935 465 2955 nec
487 2925 585 2955 etiam
607 2924 816 2962 haberentur,
845 2923 1088 2955 confirmatione

99 2979 300 3020 suppletione
321 2982 354 3011 et
375 2981 607 3016 constitutione
632 2982 744 3011 nostra
759 2980 788 3010 in
811 2980 871 3010 hiis
892 2979 982 3010 firma
1002 2990 1086 3011 sem-

347 2361 411 2390 vim
452 2361 654 2401 eundemque
697 2361 844 2401 vigorem
886 2370 943 2401 per
984 2358 1116 2399 omuia'¹

2077 299 2134 329 751

1716 490 1849 519 Subiaco,
1865 493 1897 517 30
1910 490 1976 524 juin
1994 492 2070 517 1176.

1198 572 1210 586 υ
1222 557 1556 589 Cuminterdominum
1568 556 1739 597 Symonem
1748 557 1896 588 abbatem
1905 559 1936 588 et
1948 557 2141 598 Phylippum

1154 627 1160 642 ‹
1196 616 1228 644 et
1242 614 1322 645 filios
1349 614 1420 655 ejus
1440 613 1479 644 de
1499 613 1617 643 castris
1639 612 1742 643 Effide
1761 615 1793 643 et
1816 614 1930 644 Pontie
1952 624 2069 654 magna
2089 614 2140 644 diu

1154 684 1167 696 «ι
1191 671 1343 701 durasset
1357 670 1495 711 questio,
1515 670 1658 699 Romana
1681 669 1768 698 curia
1790 669 1962 707 mediante,
1982 670 2020 700 ad
2042 670 2140 700 talem

1195 727 1398 758 devenerunt
1430 726 1525 756 finem
1550 725 1696 756 dominus
1724 725 1821 755 abbas
1854 731 1886 755 ct
1915 726 2081 767 Philippus
2107 727 2139 757 et

1155 797 1159 811 ‹
1191 783 1245 814 filii
1258 783 1328 824 ejus
1346 782 1535 823 Rayualdus
1547 784 1579 813 et
1596 781 1856 812 Bartholmneus.
1877 782 2026 812 Dominus
2041 783 2139 822 siqui-

1154 852 1168 866 «
1195 839 1267 870 dem
1288 839 1387 870 abbas
1408 839 1495 869 dedit
1508 840 1540 869 et
1564 838 1725 868 concessit
1736 837 1782 868 eis
1802 838 1831 867 in
1855 837 1981 868 feudum
1994 838 2138 869 Gennam

1154 911 1167 924 «
1196 900 1228 927 et
1245 895 1374 926 feudum
1392 895 1547 925 ,Iohannis
1565 894 1713 924 Rollandi
1734 894 1785 923 vel
1803 893 1959 924 cambium
1979 904 2034 934 pro
2047 905 2096 933 eo,
2114 896 2138 925 si

1155 966 1168 980 «
1196 954 1255 993 ipsi
1277 952 1449 989 voluerint,
1471 953 1504 981 et
1525 950 1585 981 duo
1599 950 1714 981 milites
1732 950 1831 990 jurati
1853 950 1891 980 de
1913 950 1971 980 hoc
1993 960 2050 990 per
2065 961 2139 992 spa—

1196 1011 1274 1041 tium
1288 1009 1421 1039 duorum
1443 1008 1599 1038 mensium
1621 1007 1690 1037 siue
1710 1006 1824 1037 fraude
1842 1006 2096 1042 arbitrabuntur,
2114 1008 2138 1037 si

1154 1081 1166 1095 ιι
1198 1068 1328 1107 propter
1343 1065 1491 1095 Pontiam
1505 1074 1602 1105 supra
1617 1064 1762 1093 Genuam
1784 1064 1816 1093 et
1833 1062 1962 1093 feudum
1984 1063 2139 1094 ‚Iohannis

1154 1138 1166 1149 u
1196 1122 1345 1153 Rollamli
1366 1121 1483 1161 aliquid
1500 1121 1548 1151 eis
1562 1120 1708 1151 dominus
1722 1119 1820 1150 abbas
1832 1119 1952 1150 addere
1965 1119 2094 1153 debeat,
2107 1122 2140 1151 et

1152 1193 1167 1207 «
1190 1180 1249 1210 hec
1271 1178 1457 1219 supradicta
1479 1177 1635 1208 tenebunt
1659 1177 1688 1206 in
1704 1176 1831 1207 seudum
1848 1176 2025 1216 Philippus,
2049 1177 2139 1216 Ray-

1151 1250 1165 1264 (ι
1194 1235 1308 1266 naldus
1329 1238 1361 1265 et
1383 1234 1630 1265 Bartholomeus
1641 1233 1817 1263 secundum
1832 1232 1919 1262 illum
1931 1235 2090 1271 tenorem,
2108 1233 2138 1263 in

1149 1306 1162 1321 «
1192 1303 1287 1333 quem
1313 1293 1458 1322 Pontiam
1477 1289 1788 1321 teneredebuerunt.
1804 1289 1837 1319 Id
1847 1294 1897 1319 est
1914 1288 2015 1329 primo
2032 1289 2138 1319 eccle-

1149 1363 1162 1377 «
1191 1350 1255 1379 sias
1275 1349 1409 1380 retinuit
1425 1348 1484 1378 sibi
1502 1346 1648 1377 domiuus
1666 1346 1777 1383 abhas,
1791 1345 2039 1382 decimationes,
2056 1355 2138 1375 mor-

1147 1419 1161 1434 «
1184 1406 1300 1438 tuaria,
1315 1406 1421 1435 datam
1439 1404 1610 1445 publicam,
1623 1412 1716 1442 quam
1730 1401 1981 1432 domiuusahbas
1996 1401 2138 1432 scribere

1146 1476 1159 1489 (ι
1184 1463 1285 1493 faciet
1310 1472 1381 1491 cum
1407 1471 1445 1491 eo
1475 1459 1567 1490 modo
1600 1464 1633 1489 et
1663 1468 1813 1489 mensura
1838 1458 1869 1487 in
1897 1468 1959 1498 qua
1985 1457 2077 1488 dolus
2106 1460 2139 1488 et

1116 1546 1117 1552 ,
1146 1533 1159 1547 «ι
1187 1518 1435 1549 immoderantia
1448 1527 1521 1547 esse
1541 1526 1601 1546 non
1619 1515 1769 1545 videatur
1785 1516 1895 1554 preter
1915 1524 2008 1554 quam
2025 1514 2055 1544 in
2077 1514 2138 1544 alia

1145 1589 1159 1603 «
1187 1575 1327 1606 abbatia,
1341 1576 1374 1605 et
1390 1573 1555 1614 Philippus
1572 1582 1642 1602 eam
1664 1571 1796 1612 colliget
1816 1573 1848 1601 et
1866 1570 2046 1611 assignabit
2067 1581 2136 1601 eam

1144 1646 1158 1660 «
1181 1631 1307 1662 domino
1327 1630 1435 1661 abbati
1458 1629 1508 1660 vel
1528 1629 1579 1659 cui
1600 1629 1667 1669 ipse
1684 1627 1882 1668 preceperit.
1907 1627 1950 1657 De
1972 1638 2010 1657 ea
2029 1629 2135 1657 tamen

1143 1703 1157 1717 «
1186 1688 1262 1719 data
1287 1689 1450 1719 assuetam
1484 1686 1620 1717 assisam
1650 1686 1778 1715 monete
1803 1684 1965 1714 hominum
2003 1693 2132 1714 suorum

1144 1759 1149 1773 <
1186 1745 1275 1776 dabit
1293 1745 1340 1775 eis
1351 1744 1499 1775 dominus
1516 1742 1626 1775 abbas,
1640 1750 1791 1781 guerram
1802 1742 1835 1770 et
1853 1750 1965 1781 pacem
1983 1739 2023 1770 ad
2042 1750 2136 1770 man-

1143 1816 1157 1830 «
1185 1802 1294 1833 datum
1316 1801 1433 1831 domiui
1455 1799 1582 1830 abbatis
1604 1798 1727 1828 facient
1746 1799 1779 1827 et
1795 1796 1942 1827 domiuus
1956 1795 2055 1826 abbas
2076 1806 2137 1827 uon

1143 1873 1157 1887 «
1185 1858 1312 1889 auferet
1332 1858 1380 1888 eis
1401 1856 1544 1897 predicta
1558 1854 1655 1885 feuda
1674 1854 1743 1884 sine
1760 1853 2035 1887 forisfact,o,ete0
2053 1852 2137 1893 judi-

1143 1928 1149 1943 ‹
1180 1918 1254 1945 cato
1275 1913 1357 1944 unde
1381 1913 1440 1954 ipsi
1463 1911 1601 1943 debeant
1622 1913 1743 1941 terram
1766 1908 1901 1950 perdere
1918 1911 1952 1939 et
1986 1908 2068 1940 unde
2101 1919 2135 1939 se

1142 1985 1157 1999 «
1184 1982 1240 2012 per
1260 1980 1399 2012 pugnam
1415 1968 1594 2000 defendere
1614 1977 1676 1998 non
1688 1966 1823 2007 possint,
1840 1965 1872 1996 id
1884 1968 1934 1996 est
1950 1965 1989 1995 de
2006 1965 2083 2003 vita,
2096 1965 2135 1996 de

1142 2041 1154 2055 «
1184 2027 1347 2064 membris,
1378 2026 1418 2056 de
1438 2025 1523 2056 mala
1543 2024 1705 2065 captione,
1732 2022 1772 2053 de
1793 2022 2000 2052 ammissione
2028 2023 2131 2059 terre,

1142 2099 1156 2113 «
1184 2085 1252 2115 sive
1271 2084 1310 2114 de
1324 2082 1571 2124 recuperatione
1585 2082 1618 2111 et
1631 2079 1856 2120 acquisitione,
1874 2083 1907 2109 et
1927 2079 1953 2108 si
1965 2078 2132 2109 consilium

1142 2156 1155 2169 «
1183 2151 1274 2172 suum
1303 2140 1483 2181 panderent
1509 2138 1606 2169 iidem
1645 2136 1771 2176 aliquod
1797 2136 1932 2166 istorum
1966 2135 2133 2165 incurrere

1143 2212 1157 2225 α
1184 2197 1336 2229 debeant.
1352 2196 1534 2227 Judicatum
1550 2194 1667 2225 veroin
1684 2193 1774 2224 curia
1789 2192 1908 2223 domini
1920 2191 2046 2222 abbatis
2067 2190 2133 2228 fiet,

1143 2269 1156 2283 «
1184 2257 1217 2286 et
1238 2254 1263 2284 si
1287 2253 1475 2294 quandoque
1500 2252 1538 2282 de
1557 2250 1753 2292 supradictis
1774 2248 1965 2286 forisfactis,
1995 2257 2056 2288 que
2087 2247 2133 2278 sic

1143 2324 1156 2337 ιι
1185 2311 1339 2341 distincta
1364 2310 1449 2345 sunt,
1478 2307 1625 2338 dominus
1655 2306 1754 2336 abbas
1782 2315 1837 2336 eos
1862 2303 2079 2346 appellaverit
2101 2305 2135 2334 et

1143 2382 1158 2395 «
1186 2368 1244 2408 ipsi
1268 2377 1302 2397 se
1324 2376 1380 2407 per
1400 2374 1540 2406 pugnam
1581 2362 1759 2393 defendere
1784 2361 1958 2398 voluerint,
1986 2359 2134 2390 dominus

1144 2437 1158 2452 «
1185 2423 1284 2454 abbas
1299 2422 1419 2452 curiam
1432 2420 1506 2451 inde
1521 2422 1632 2451 teneat
1651 2419 1689 2449 ad
1712 2428 1801 2449 usum
1818 2420 1852 2448 et
1870 2415 2135 2448 consuetudinem

1144 2494 1157 2508 (ι
1186 2480 1267 2511 hone
1284 2482 1317 2510 et.
1332 2478 1448 2519 legalis
1469 2477 1568 2508 curie.
1582 2475 1774 2517 Supradicta
1785 2473 1940 2515 siquidem
1960 2471 2059 2504 feuda
2071 2483 2127 2514 pro

1144 2550 1157 2565 «
1185 2537 1352 2567 voluntate
1380 2545 1437 2565 sua
1464 2533 1619 2565 tenebunt
1636 2534 1668 2563 et
1694 2533 1825 2562 utentur
1850 2530 2064 2561 communiter
2082 2528 2132 2559 vel

1145 2610 1158 2623 ιι
1185 2594 1311 2625 divisim
1341 2594 1372 2623 in
1408 2592 1476 2623 vita
1505 2590 1657 2632 Philippi.
1688 2590 1768 2620 Post
1796 2589 1867 2629 ejus
1896 2597 1974 2618 vero
1998 2590 2133 2617 mortem

1144 2665 1158 2679 ι(
1185 2651 1291 2683 omnia
1321 2649 1478 2680 tenebunt
1507 2647 1562 2678 filii
1593 2645 1782 2687 Raynaldus
1808 2646 1841 2676 et
1868 2643 2133 2679 Bartholomeus‚

1145 2721 1158 2736 «
1180 2707 1338 2738 fidelitate
1359 2705 1448 2736 facta
1462 2704 1660 2735 monasterio
1680 2704 1713 2733 et
1730 2701 1859 2732 domino
1873 2699 1992 2730 abbati.
2012 2699 2042 2729 Si
2058 2708 2134 2729 vero
2166 2735 2169 2738 Δ

1115 2761 1116 2771 ’
1143 2778 1157 2793 «
1184 2763 1327 2805 quolibet
1347 2765 1490 2803 tempore
1507 2760 1665 2802 jamdicta
1692 2758 1789 2789 feuda
1812 2757 1915 2797 aliquo
1953 2766 2028 2786 casu
2057 2754 2134 2785 Phi-

1143 2836 1148 2848 ‹
1184 2821 1287 2861 lippus
1316 2821 1371 2850 aut
1400 2818 1456 2848 filii
1485 2816 1694 2858 perdiderint,
1725 2814 1870 2845 dominus
1892 2812 1992 2842 abhas
2013 2821 2069 2841 eos
2096 2810 2134 2842 ad

1142 2891 1156 2905 «
1180 2874 1437 2917 recuperandum
1449 2873 1584 2914 adjuvet
1604 2874 1637 2903 et
1658 2874 1851 2911 recuperata
1866 2868 2030 2899 restituat.
2043 2866 2136 2897 Fide-

1142 2947 1148 2962 ι
1184 2934 1307 2964 litatem
1329 2932 1436 2962 autem
1458 2930 1512 2960 filii
1528 2928 1665 2969 Philippi
1687 2930 1719 2957 et
1738 2927 1806 2967 ipse
1829 2925 2009 2966 Philippus,
2032 2923 2058 2953 si
2079 2922 2136 2953 do-

1141 3004 1156 3020 «
1185 2990 1269 3020 mino
1289 2987 1396 3019 abbati
1416 2985 1586 3027 placuerit,
1606 2982 1802 3014 monasterio
1821 2983 1854 3012 et
1879 2980 2005 3011 domino
2027 2979 2133 3010 abbati
