2477 3512
165 272 233 305 828
890 268 1147 301 REGISTRES
1165 266 1502 301 D’ALEXANDRE
1518 266 1566 299 IV

209 379 220 394 «
251 366 382 396 Nicolao
413 367 448 396 de
482 366 586 400 Turri,
619 366 734 400 clerico,
766 365 922 403 familiari
953 365 1110 395 carissimi
1144 366 1175 395 in

167 419 289 450 Christo
305 420 371 458 lilii
388 420 518 453 nostri„
539 419 669 449 illustris
678 418 884 457 reyisAnylie
894 418 945 447 Ex
954 420 1045 456 parte
1056 421 1112 448 tua
1125 436 1176 448 —.

167 473 243 502 Dat.
268 473 414 506 Viterbii,
441 472 483 501 VI
508 472 580 501 idus
603 471 754 505 octobris,
778 480 863 500 anno
887 471 1015 510 quarto.
1040 483 1052 497 »

250 636 340 662 2703
628 636 763 670 Anagni‚
780 636 816 662 13
832 636 994 663 decembre
1010 636 1096 663 1258.

211 689 355 722 Capitulo
388 690 419 714 et
451 688 530 714 clero
564 688 780 715 Parmensium
813 689 954 715 civitatis
986 691 1016 715 et
1049 689 1181 715 diocesis

169 729 310 761 indulget
348 730 383 754 ut
419 728 460 754 ad
495 728 684 754 solutionem
721 729 930 762 quorumdam
968 728 1180 755 subsidiorum

170 768 351 794 nullatenus
366 769 544 794 teneantur.
562 768 659 800 (Rea.
676 768 724 800 25,
741 768 761 794 f.
781 768 837 794 160
853 772 899 800 v0,
916 775 966 794 an.
987 768 1038 799 IV,
1055 775 1080 794 c.
1097 768 1180 801 259.)

211 856 223 871 «
251 844 396 883 Capitulo
423 846 450 873 et
477 844 618 874 universo
645 845 721 874 clero
747 845 968 874 Parmensium
995 845 1129 874 civitatis
1156 846 1182 873 et

169 897 309 927 diocesis.
338 897 490 927 Gerentes
517 906 575 927 vos
601 900 759 936 tanquam
778 898 930 936 speciales
949 897 1033 927 filios
1057 898 1088 927 in
1107 898 1181 927 inti-

169 950 230 980 mis
250 950 353 980 cordis
389 951 500 983 nostri,
530 951 730 988 patientibus
756 951 849 980 vobis
869 960 932 980 non
954 951 1096 989 compati
1117 960 1181 980 non

170 1012 340 1042 possumus
361 1005 394 1032 et
415 1003 530 1032 vestris
551 1003 784 1033 afflictionibus
805 1013 868 1033 non
891 1004 1073 1042 compungi.
1096 1003 1181 1032 Hinc

170 1058 220 1085 est
234 1056 320 1095 quod
335 1056 429 1085 vobis
444 1056 475 1085 in
490 1057 724 1094 temporalibus
739 1066 756 1086 a
773 1056 896 1086 dierum
912 1056 1043 1086 afflictis
1058 1056 1182 1086 malitia

170 1109 312 1148 graviter
336 1111 369 1138 et
393 1109 499 1138 atritis
510 1109 555 1147 (l)
570 1111 706 1147 paterno
719 1109 927 1139 condolentes
937 1109 1070 1143 affectu,
1086 1110 1182 1139 devo-

169 1162 267 1191 tionis
290 1164 396 1191 vestre
420 1162 567 1200 precibus
590 1162 745 1196 inclinati,
769 1163 810 1191 ad
834 1162 936 1191 instar
959 1162 1058 1191 felicis
1082 1171 1183 1191 recor-

171 1214 311 1244 dationis
344 1214 523 1243 Innocentii
551 1223 644 1253 pape,
675 1215 906 1253 predecessoris
935 1215 1046 1249 nostri,
1077 1217 1113 1244 ut
1141 1215 1182 1244 ad

168 1267 362 1298 solutionem
385 1267 535 1296 vicesime
554 1267 585 1296 in
604 1267 699 1297 Terre
710 1268 826 1298 Sancte
836 1268 1015 1297 subsidium
1027 1268 1183 1306 deputate

170 1320 220 1349 vel
241 1320 424 1349 medietatis
454 1323 674 1358 proventuum
707 1321 914 1359 dignitatum,
951 1323 1183 1359 personatuum

169 1382 226 1402 seu
260 1373 496 1411 prebendarum
519 1373 569 1402 vel
590 1373 820 1403 beneficiorum
844 1374 1131 1404 ecclesiasticorum
1165 1383 1184 1403 a

170 1426 290 1456 clericis
316 1435 352 1456 ea
379 1426 612 1460 obtinentibus,
640 1426 695 1465 qui
721 1427 752 1455 in
779 1427 918 1456 ecclesiis
943 1427 1008 1456 suis
1042 1436 1098 1465 per
1129 1436 1186 1456 sex

170 1487 294 1508 menses
323 1479 474 1508 adminus
502 1479 712 1517 personaliter
740 1488 803 1509 non
832 1480 984 1514 resident,
1008 1480 1039 1509 in
1062 1480 1187 1518 imperii

173 1532 330 1561 Romanie
348 1532 527 1561 subsidium
545 1532 734 1566 exibendae,
746 1533 930 1562 nullatenus
942 1533 1116 1562 teneamini
1128 1542 1186 1571 pro

171 1585 326 1623 preterito
344 1587 489 1623 tempore
506 1585 557 1614 vel
574 1584 684 1614 futuro
710 1594 767 1615 nec
785 1586 932 1624 compelli
958 1586 999 1615 ad
1017 1586 1049 1615 id
1076 1588 1186 1616 nostra

171 1637 223 1667 vel
244 1638 358 1676 quavis
378 1638 574 1667 auctoritate
593 1638 635 1668 ab
655 1638 764 1677 aliquo
783 1639 931 1673 valeatis,
953 1647 1057 1677 neque
1076 1639 1108 1668 in
1128 1648 1186 1668 vos

172 1690 223 1720 vel
240 1699 280 1719 ex
296 1690 388 1720 vobis
404 1690 512 1729 aliqua
530 1691 631 1729 possit
647 1700 665 1721 a
683 1700 849 1730 quoquam
866 1700 1059 1730 quacunque
1076 1694 1187 1721 aucto-

170 1742 269 1773 ritate
299 1743 473 1777 interdicti,
505 1744 720 1782 suspensionis
762 1744 813 1773 vel
844 1744 1187 1774 excommunicationis

171 1796 344 1830 sententia,
366 1796 532 1826 occasione
553 1797 739 1835 hujusmodi
756 1797 962 1836 promulgari,
979 1798 1187 1832 auctoritate,

172 1849 265 1878 vobis
283 1849 481 1888 presentium
497 1849 710 1888 indulgemus,
739 1850 916 1879 sententias
944 1850 1186 1885 ecclesiasticas,

172 1902 282 1941 siquas
316 1902 357 1932 ob
391 1902 450 1931 hoc
482 1911 540 1932 vos
573 1903 624 1932 vel
657 1903 758 1941 aliqui
789 1905 935 1932 vestrum
968 1903 1183 1938 incurrerunt,

175 1955 304 1994 penitus
337 1955 529 1989 relaxantes,
564 1964 601 1985 ac
635 1956 857 1994 dispensantes
890 1956 1059 1985 vobiscum
1092 1965 1188 1995 super

174 2008 419 2046 irregularitatis
444 2008 581 2042 macula,
606 2009 734 2047 siquam
759 2009 875 2038 exinde
899 2009 1035 2038 forsitan
1061 2011 1188 2039 contra-

174 2060 278 2090 xistis.
303 2061 390 2090 Nulli
414 2063 522 2091 nostre
546 2061 768 2096 concessionis,
781 2061 988 2091 relaxationis
1011 2064 1044 2091 et
1061 2062 1188 2101 dispen-

175 2114 310 2143 sationis
347 2117 408 2143 etc.
446 2114 522 2144 Dat.
566 2114 722 2153 Anagnie,
760 2115 867 2144 idibus
891 2115 1078 2149 decembris,
1102 2124 1188 2144 anno

176 2170 303 2204 quarto.
337 2178 349 2194 »

259 2347 349 2373 2704
640 2348 775 2381 Anagni‚
790 2348 826 2374 10
839 2348 1002 2375 decembre
1016 2348 1103 2375 1258.

220 2400 373 2431 Andreae,
411 2401 506 2434 priori
541 2401 723 2428 monasterii
746 2401 774 2427 S.
796 2401 932 2427 Svithini
954 2401 1190 2432 Wintoniensis,

180 2439 298 2465 ordinis
326 2440 353 2466 S.
381 2440 555 2472 Benedicti,
582 2441 632 2467 cui
659 2442 693 2467 ut
714 2441 753 2467 ad
775 2448 882 2467 omnes
901 2439 1191 2467 administrationes

181 2480 212 2505 et
235 2479 405 2512 dignitates
427 2480 494 2513 ejus
516 2481 633 2507 ordinis
655 2481 771 2506 assumi
793 2482 824 2506 et
846 2481 950 2511 mitra,
973 2480 1099 2509 annulo.
1122 2487 1192 2506 san-

182 2519 274 2545 daliis
296 2520 328 2545 et
349 2519 460 2546 baculo
483 2521 635 2554 pastorali
656 2521 705 2546 uti
726 2520 826 2553 possit
847 2527 902 2553 per
924 2520 1034 2546 Sedem
1057 2520 1191 2553 Aposto-

181 2558 274 2585 licam
298 2559 515 2592 dispensatum
538 2562 614 2591 erat,
638 2560 781 2593 indulget
803 2561 838 2585 ut
861 2560 1069 2593 episcopalem
1094 2559 1193 2592 digni-

182 2599 293 2629 tatem,
316 2598 340 2624 si
362 2606 432 2625 eum
454 2600 493 2625 ad
514 2599 601 2625 illam
622 2600 771 2626 canonice
791 2599 897 2626 vocari
919 2599 1096 2632 contigerit,
1118 2599 1193 2625 reci-

183 2645 254 2671 pere
268 2638 384 2670 valeat,
398 2646 460 2665 non
474 2639 622 2665 obstante
636 2639 760 2665 defectu
774 2639 928 2665 natalium
943 2646 1036 2672 quem
1062 2639 1192 2672 patitur,

184 2678 221 2703 de
249 2677 358 2704 clerico
384 2678 416 2704 in
443 2679 616 2705 minoribus
643 2679 805 2705 ordinibus
832 2679 1006 2705 constituto
1033 2680 1064 2704 et
1091 2678 1194 2704 soluta

184 2717 316 2750 genitus.
341 2718 437 2749 (Rea.
462 2718 509 2750 25,
533 2719 553 2744 f.
578 2718 645 2750 161,
669 2726 718 2745 an.
746 2718 797 2750 IV,
821 2725 845 2744 c.
869 2718 951 2751 260.)

226 2805 237 2820 «
248 2794 379 2828 Andree,
392 2795 492 2833 priori
500 2795 681 2824 monasterii
690 2795 797 2825 Sancti
809 2795 945 2825 Svithini
957 2794 1193 2828 Wintoniensis,

185 2846 305 2876 ordinis
326 2847 433 2877 Sancti
453 2848 622 2877 Benedicti.
660 2848 739 2877 Cum
772 2848 855 2877 sicut
875 2857 913 2877 ex
933 2865 983 2876 —.
1006 2848 1082 2876 Dat.
1110 2847 1195 2876 Ana-

184 2900 267 2937 gnie,
291 2900 357 2929 IIII
377 2900 448 2930 idus
469 2901 655 2935 decembris,
692 2910 777 2930 anno
797 2903 923 2939 quarto.
944 2912 956 2927 »

220 2980 240 3001 1.
258 2978 322 3009 Reg.
342 2987 347 3002 ε
372 2981 481 3004 acricis.

1364 367 1454 393 2705
1754 366 1889 400 Anagni,
1907 367 1924 392 4
1943 366 2106 393 decembre
2126 366 2212 394 1258.

1326 419 1491 453 Religiosis
1513 419 1697 446 monasterii
1719 419 1748 446 S.
1773 419 1920 446 Germani
1936 419 1974 446 de
1988 419 2092 446 Pratis
2114 419 2298 446 Parisiensin

1284 459 1426 493 indulget
1445 461 1490 490 ut,
1510 460 1632 486 ratione
1651 459 1758 485 delicti
1776 466 1830 486 seu
1848 460 2030 486 contractus
2048 459 2098 485 vel
2115 459 2159 486 rei
2177 460 2214 486 de
2233 466 2296 494 qua

1285 500 1395 525 contra
1425 499 1508 533 ipsos
1538 499 1587 525 vel
1619 497 1845 526 monasterium
1874 499 2013 533 ipsorum
2040 500 2159 532 agetur,
2191 505 2296 526 coram

1284 538 1424 565 locorum
1451 538 1617 565 ordinariis
1643 538 1803 565 conveniri
1828 538 2008 565 nullatenus
2033 538 2171 565 valeant.
2198 539 2295 572 (Rau.

1286 578 1334 610 25,
1357 578 1377 604 f.
1402 578 1469 609 161,
1492 586 1541 604 an.
1567 578 1619 609 IV,
1641 585 1666 604 c.
1689 577 1771 610 261.)

1328 706 1385 728 «..,
1417 694 1523 724 abbati
1553 696 1580 723 et
1609 694 1772 724 conventui
1801 694 1983 724 monasterii
2014 694 2122 724 Sancti
2151 694 2298 724 Germani

1286 747 1322 777 de
1347 747 1454 777 Pratis
1481 747 1685 780 Parisiensis,
1713 746 1834 776 ordinis
1858 747 1966 776 Sancti
1991 746 2162 781 Benedicti,
2181 747 2222 776 ad
2236 746 2298 777 Ro-

1288 809 1415 829 manam
1456 800 1626 829 Ecclesiam
1665 799 1751 829 nullo
1781 799 1882 829 medio
1913 800 2108 838 pertinentis.
2134 799 2185 829 Ex
2220 799 2298 829 fidei

1288 853 1431 891 puritate
1452 862 1489 882 ac
1510 853 1697 891 integritate
1720 852 1902 882 devotionis
1923 861 2022 891 quam
2043 853 2084 882 ad
2105 861 2164 882 nos
2183 855 2217 882 et
2235 852 2300 882 Ro-

1286 914 1417 935 manam
1456 906 1583 935 habetis
1623 906 1800 935 Ecclesiam
1840 905 2009 935 noscimini
2047 905 2222 944 promereri
2259 907 2298 935 ut

1287 958 1403 988 vestris
1424 961 1457 988 et
1479 959 1665 988 monasterii
1687 959 1786 988 vestri
1809 959 2007 988 utilitatibus
2048 958 2222 988 liberaliter
2242 967 2300 988 nos

1288 1011 1454 1041 donemus.
1483 1011 1581 1041 Lecta
1608 1011 1767 1050 siquidem
1795 1020 1903 1041 coram
1931 1011 2022 1040 nobis
2049 1014 2157 1041 vestra
2184 1011 2300 1050 petitio

1288 1064 1478 1093 continebat
1502 1064 1600 1103 quod,
1624 1064 1698 1094 licet
1714 1063 1813 1094 felicis
1837 1064 2068 1094 recordationis
2095 1064 2302 1094 Innocentius

1290 1126 1385 1156 papa,
1427 1117 1630 1156 predecessor
1671 1119 1789 1151 noster,
1831 1117 1961 1146 duxerit
2012 1117 2223 1147 statuendum
2264 1119 2302 1146 ut

1290 1170 1444 1209 exempti,
1466 1173 1719 1209 quantacunque
1739 1170 1903 1208 gaudeant
1922 1170 2082 1204 libertate,
2104 1170 2228 1200 ratione
2249 1169 2303 1200 de-

1289 1223 1357 1252 licti
1376 1223 1443 1252 sive
1463 1225 1649 1252 contractus
1668 1232 1724 1252 seu
1743 1223 1787 1252 rei
1807 1223 1846 1252 de
1865 1232 1929 1261 qua
1947 1223 2055 1262 agitur
2073 1225 2185 1252 contra
2205 1223 2302 1262 ipsos.

1290 1276 1351 1305 rite
1374 1276 1498 1315 possint
1521 1285 1629 1306 coram
1652 1276 1795 1305 locorum
1818 1276 1986 1305 ordinariis
2009 1276 2173 1306 conveniri
2191 1278 2225 1306 et
2246 1275 2303 1310 illi.

1292 1329 1400 1368 quoad
1423 1329 1479 1358 hec
1502 1329 1533 1358 in
1549 1329 1635 1368 ipsos
1651 1329 1918 1367 jurisdictionem,
1942 1331 2039 1367 prout
2060 1331 2109 1358 est
2129 1329 2255 1367 justum
2270 1331 2304 1358 et

1294 1382 1496 1416 canonicum,
1521 1391 1676 1416 exercere,
1701 1382 1858 1420 vobisque
1889 1382 2110 1420 postmodum,
2133 1382 2175 1411 ad
2201 1382 2304 1411 instar

1292 1435 1523 1475 predecessoris
1543 1435 1679 1474 predicti
1698 1435 1884 1464 duxerimus
1903 1435 2136 1473 indulgendum
2156 1437 2193 1464 ut
2211 1434 2305 1464 liber-

1292 1489 1417 1518 tatibus
1445 1491 1477 1517 et
1504 1488 1767 1517 immunitatibus
1794 1488 1886 1517 vobis
1914 1490 1947 1517 et
1973 1488 2170 1518 monasterio
2196 1489 2305 1518 vestro

1293 1550 1350 1580 per
1364 1541 1529 1580 privilegia
1545 1543 1578 1570 et
1593 1541 1814 1579 indulgentias
1829 1541 1870 1570 ab
1884 1540 2071 1579 Apostolica
2088 1541 2168 1571 Sede
2177 1549 2305 1571 conoes-

1293 1595 1346 1629 sis,
1372 1603 1429 1633 per
1453 1594 1640 1632 hujusmodi
1666 1594 1803 1632 predicti
1842 1593 2074 1632 predecessoris
2100 1593 2307 1624 constitutio-

1294 1656 1368 1677 nem
1391 1657 1454 1677 non
1477 1649 1586 1686 posset
1608 1656 1666 1676 nec
1689 1647 1821 1676 deberet
1841 1647 1874 1676 in
1897 1646 2005 1685 aliquo
2029 1646 2184 1685 derogari,
2207 1646 2307 1676 nichi-

1292 1700 1432 1730 lominus
1442 1702 1553 1730 tamen
1564 1708 1621 1738 per
1631 1699 1899 1729 constitutionem
1918 1708 1937 1729 a
1955 1699 2047 1729 nobis
2057 1699 2231 1729 novissime
2240 1699 2308 1730 edi-

1292 1756 1363 1784 tam
1382 1762 1445 1792 qua
1469 1753 1582 1783 eadem
1602 1752 1832 1792 predecessoris
1862 1752 1963 1782 nostri
1983 1752 2175 1782 constitutio
2198 1752 2307 1782 incon-

1295 1816 1385 1837 cusse
1393 1806 1514 1836 servari
1526 1806 1704 1835 mandatur
1714 1815 1777 1835 non
1789 1805 1996 1835 obstantibus
2004 1805 2203 1844 quibuslibet
2209 1805 2308 1844 privi-

1294 1860 1383 1899 legiis
1397 1860 1448 1889 vel
1462 1859 1670 1898 indulgentiis
1685 1858 1869 1897 apostolicis
1884 1860 1997 1888 contra
2012 1867 2083 1888 eam
2098 1857 2308 1897 postmodum

1293 1913 1489 1952 impetratis,
1506 1912 1586 1942 estis
1603 1911 1710 1950 quoad
1727 1912 1830 1950 ipsius
1847 1911 2082 1950 predecessoris
2106 1911 2208 1941 nostri
2217 1919 2309 1942 cons-

1293 1966 1458 1996 titutionis
1492 1965 1734 1995 observantiam
1768 1965 1800 1994 in
1835 1967 1960 1994 statum
2000 1964 2138 2003 priorem
2172 1963 2307 1994 reducti·

1296 2019 1401 2056 Quare
1424 2018 1516 2048 nobis
1539 2018 1704 2048 humiliter
1725 2017 1932 2056 supplicastis
1955 2020 1992 2046 ut
2015 2017 2108 2047 vobis
2130 2026 2227 2056 super
2249 2017 2309 2047 hoc

1294 2072 1470 2111 apostolice
1491 2070 1683 2110 provisionis
1715 2071 1856 2100 remedio
1892 2070 2062 2100 subvenire
2096 2071 2134 2100 de
2165 2069 2309 2109 benigni-

1294 2128 1364 2155 tate
1404 2125 1498 2154 solita
1536 2124 1752 2163 dignaremur.
1795 2124 1862 2153 Nos
1919 2124 2031 2162 itaque
2071 2123 2309 2153 considerantes

1295 2178 1454 2208 attentius
1465 2179 1546 2216 quot
1565 2180 1597 2206 et
1608 2176 1739 2215 quantis
1750 2176 1998 2215 malignantium
2021 2176 2170 2214 periculis
2188 2178 2221 2206 et
2239 2184 2309 2214 per-

1295 2239 1462 2260 versorum
1478 2229 1600 2260 insidiis
1616 2229 1754 2268 expositi
1769 2229 1849 2263 sitis,
1866 2238 1924 2267 pro
1939 2238 1976 2258 eo
1987 2229 2074 2267 quod
2089 2228 2166 2258 estis
2181 2237 2310 2267 exemp-

1295 2284 1332 2318 ti,
1356 2283 1472 2313 vestn's
1496 2283 1643 2322 precibus
1667 2282 1823 2316 inclinati,
1847 2282 1941 2311 vobis
1964 2282 2160 2311 auctoritate
2183 2289 2311 2320 presen-

1294 2337 1379 2366 tium
1402 2336 1605 2374 indulgemus
1624 2338 1671 2369 ut,
1690 2335 1816 2364 ratione
1839 2334 1948 2364 delicti
1971 2343 2027 2364 seu
2051 2336 2238 2364 contractus
2257 2333 2310 2363 vel

1296 2390 1341 2419 rei
1360 2390 1398 2419 de
1424 2398 1487 2428 qua
1506 2391 1618 2418 contra
1636 2397 1695 2417 vos
1712 2388 1763 2417 vel
1782 2387 2016 2417 monasterium
2026 2389 2172 2416 vestrum
2180 2388 2305 2426 agetur,

1297 2452 1354 2481 per
1373 2452 1435 2481 que
1454 2442 1560 2471 forum
1579 2441 1767 2480 regulariter
1786 2441 1857 2479 quis
1876 2440 2021 2474 sortitur,
2042 2449 2149 2470 coram
2168 2439 2311 2469 locorum

1298 2495 1466 2525 ordinariis
1488 2494 1539 2524 vel
1561 2503 1671 2524 eorum
1693 2493 1779 2523 vices
1800 2493 1997 2532 gerentibus,
2020 2495 2172 2531 pretextu
2194 2491 2312 2522 consti-

1298 2548 1435 2578 tutionis
1465 2550 1573 2577 nostre
1604 2547 1776 2576 novissime
1807 2548 1865 2575 aut
1895 2546 2010 2585 quovis
2041 2545 2103 2575 alio
2133 2545 2230 2575 modo
2260 2544 2319 2574 vet

1299 2601 1399 2631 etiam
1431 2601 1596 2630 occasione
1628 2599 1867 2638 privilegiorum
1899 2601 1932 2628 et
1962 2598 2237 2636 indulgentiarum
2267 2597 2312 2627 eis

1300 2664 1318 2684 a
1351 2654 1430 2684 Sede
1461 2661 1683 2683 concessorum
1715 2653 1859 2690 predicta
1889 2652 1941 2681 vel
1971 2651 2249 2680 concedendorum
2278 2649 2311 2680 in

1301 2710 1477 2746 posterum,
1506 2715 1568 2744 que
1595 2706 1633 2734 de
1662 2706 1721 2734 hac
1747 2705 1947 2743 indulgentia
1974 2713 2039 2733 non
2065 2703 2199 2733 fecerint
2224 2711 2312 2732 men·

1302 2760 1435 2793 tionem,
1474 2758 1636 2788 conveniri
1674 2758 1858 2787 nullatenus
1895 2757 2041 2786 valeatis.
2080 2756 2167 2786 Nulli
2204 2757 2313 2786 nostre

1303 2812 1525 2845 concessionis,
1554 2814 1614 2840 etc.
1643 2811 1721 2840 Dat.
1744 2810 1901 2849 Anagnie,
1929 2810 1959 2838 II
1994 2818 2096 2838 nonas
2126 2807 2312 2841 decembris.

1303 2874 1388 2895 anno
1421 2867 1539 2903 quarto
