2477 3512
195 270 256 302 818
897 265 1156 299 REGISTRES
1174 264 1510 298 D’ALEXANDRE
1526 263 1574 297 IV

235 375 382 405 «Eisdem
398 375 459 405 Pro
473 374 590 404 dilecto
601 373 679 403 filio.
699 389 740 395 —
759 372 836 402 Dat.
855 370 1019 406 Laterani,
1037 370 1143 400 idibus
1161 369 1207 399 fe-

194 428 314 458 bruarii
344 437 430 457 anno
459 427 567 457 tertio.
597 438 609 454 ι

277 633 367 659 2660
729 630 869 663 Viterbe,
887 629 924 656 26
943 628 1019 656 aosst
1038 628 1126 655 1258.

238 686 480 720 Archiepiscopo
501 684 667 719 Upsalensi
686 683 840 715 concedit,
861 682 1029 709 attendens
1048 681 1133 714 quod
1152 688 1208 714 pro

197 726 354 752 varietate
376 732 579 759 personarum
602 725 633 750 et
656 724 817 757 regionum
840 729 959 756 poenae
982 723 1055 747 sunt
1078 721 1209 754 provide

197 765 378 796 variandae,
399 766 433 791 ut
451 764 610 795 Willelmi,
629 763 767 797 episcopi
787 762 976 792 sabinensis,
995 762 1072 787 tunc
1089 761 1121 786 in
1139 767 1210 794 par-

198 805 284 831 tibus
315 804 439 831 Suetiae
469 804 565 837 legati
595 803 683 830 Sedis
712 802 922 837 Apostolicae‚
954 801 1113 827 statutum
1143 806 1206 832 quo

200 845 360 871 decretum
372 844 413 870 sit
425 854 436 867 «
448 845 483 870 ut
495 844 685 877 quicumque
697 842 840 868 sacerdos
852 841 901 867 vel
922 840 1051 867 clericus
1063 839 1210 866 concubi-

199 892 273 910 nam
297 884 427 910 haberet
451 883 576 917 publice
599 883 648 909 vel
672 882 793 908 occulte
817 880 1007 907 sententiam
1031 886 1209 905 excommu-

198 924 366 950 nicationis
393 924 563 949 incurreret
591 933 602 946 »
628 922 660 948 in
688 929 743 948 sua
770 921 911 951 civitate,
940 919 1055 946 diocesi
1082 920 1113 944 et
1141 926 1210 952 pro-

198 963 303 990 vincia
323 964 459 994 revocet,
481 963 505 989 si
527 962 648 989 absolvi
679 961 757 988 dicti
789 960 964 995 presbytcri
985 960 1015 985 et
1036 958 1139 985 clerici
1159 965 1210 992 pe-

197 1003 316 1030 tierint.
331 1003 427 1036 (Bm.
442 1002 491 1033 25,
504 1002 525 1028 f.
541 1002 608 1033 152,
623 1009 672 1028 an
690 1001 742 1032 IV,
756 1008 781 1027 c.
795 1000 873 1032 2183
902 1000 1073 1025 PorTAnsT
1089 997 1210 1030 17367.)

239 1130 251 1146 ι
265 1141 295 1153 ..,
311 1118 541 1157 archiepiscopo
561 1118 589 1148 U
593 1117 757 1156 psallensi.
770 1116 840 1146 Tua
855 1115 946 1145 nobis
960 1114 1146 1144 fraternitas
1159 1131 1210 1142 —.

196 1171 275 1201 Dat.
309 1171 458 1206 Viterbii,
490 1171 555 1200 VII
589 1170 653 1200 kal.
687 1168 889 1208 septembris,
921 1177 1007 1198 anno
1040 1169 1166 1206 quarto.
1200 1177 1213 1193 ι

275 1390 357 1416 2661
642 1388 782 1419 Viterbe,
797 1387 834 1414 12
848 1387 1025 1421 septembre
1039 1386 1126 1412 1258.

239 1442 450 1476 Infrascriptis
468 1441 610 1474 indulget
629 1442 665 1467 ut
684 1440 834 1474 praelatis
853 1447 889 1467 ac
907 1439 1029 1466 nuntiis
1048 1440 1079 1465 et
1097 1437 1209 1471 legatis

193 1483 396 1516 Apostolicae
418 1482 506 1508 Sedis
526 1483 636 1507 contra
655 1482 797 1506 tenorem
817 1479 1013 1506 indultorum
1034 1485 1142 1505 eorum
1162 1484 1209 1503 or-

195 1523 262 1549 dini
294 1529 511 1549 concessorum
541 1521 661 1547 nullam
692 1519 844 1554 pecuniae
875 1526 1031 1545 summam
1062 1517 1209 1544 exhibere

195 1563 372 1589 teneantur.
393 1561 490 1594 (Rea.
511 1560 559 1592 25,
579 1560 601 1586 f.
622 1559 679 1586 152
698 1563 745 1591 v0‚
765 1566 815 1585 an.
838 1559 890 1590 IV,
911 1566 936 1585 c.
956 1558 1053 1591 219³.)

236 1663 247 1678 a
263 1674 292 1686 ..,
318 1651 354 1681 de
381 1650 520 1681 Waverle
543 1650 734 1680 diversorum
758 1648 1016 1679 monasteriorum
1043 1646 1209 1677 abbatibus

196 1706 222 1734 et
250 1703 449 1734 conventibus
477 1702 691 1733 cisterciensis
718 1702 838 1731 ordinis
867 1701 899 1730 in
927 1700 1057 1739 Anqlia.
1085 1700 1208 1729 Amena

195 1757 275 1787 flore.
307 1757 469 1786 virtutum
504 1758 537 1785 et
569 1757 709 1785 venusta
744 1763 877 1793 operum
911 1754 1087 1783 sanctitate
1121 1761 1210 1782 sacra

196 1810 304 1849 religio
337 1809 554 1839 Cisterciensis
587 1808 708 1838 ordinis
739 1817 807 1837 esse
839 1806 1048 1845 dignoscitur,
1080 1808 1212 1844 propter

196 1863 283 1902 quod
307 1863 394 1901 apud
418 1862 523 1892 Deum
548 1864 581 1891 et
604 1860 750 1890 homines
787 1861 908 1890 honore
932 1868 969 1889 ac
992 1859 1142 1889 laudibus
1167 1858 1213 1887 di-

198 1916 351 1955 gnissima
374 1917 555 1954 reputatur.
579 1914 660 1944 Cum
682 1914 794 1952 itaque
816 1913 894 1942 ordo
916 1915 1023 1942 vester
1044 1912 1077 1941 in
1098 1911 1213 1950 Anglia

197 1969 239 1998 sit
251 1968 350 2007 ipsius
361 1968 521 2006 religionis
533 1967 715 1996 membrum
728 1966 875 1996 inclitum
888 1968 920 1995 et
931 1965 1071 2004 angelice
1083 1973 1214 1994 conver-

197 2021 331 2051 sationis
370 2020 474 2050 titulis
497 2020 698 2058 insignitum,
724 2019 889 2057 consurgit
912 2018 944 2048 in
968 2018 1060 2047 nobis
1084 2016 1215 2047 affectio

198 2077 246 2109 ut,
264 2074 394 2113 quando
411 2074 517 2112 ipsum
535 2073 644 2111 aliqua
660 2072 835 2102 vexatione
868 2071 994 2100 turbari
1012 2070 1216 2109 percipimus,

200 2127 261 2157 sibi
279 2128 317 2156 de
335 2126 485 2165 condigni
502 2125 627 2155 favoris
643 2125 763 2154 auxilio
781 2133 1015 2154 succurramus.
1035 2124 1116 2153 Sane
1134 2123 1216 2152 lecta

202 2189 310 2210 coram
335 2179 426 2209 nobis
450 2181 559 2208 vestra
584 2178 700 2217 petitio
725 2177 915 2207 continebat
939 2177 1036 2215 quod,
1061 2185 1133 2205 cum
1157 2175 1218 2205 fre-

203 2235 339 2272 quenter
366 2232 535 2270 contingat
563 2231 768 2260 ecclesiarum
796 2230 936 2269 prelatos
963 2238 1001 2259 ac
1028 2229 1158 2258 nuntios
1185 2231 1218 2258 et

202 2286 324 2324 legatos
346 2285 531 2323 Apostolice
554 2284 644 2314 Sedis
666 2283 828 2322 generales
851 2283 892 2312 ab
915 2291 952 2312 ea
972 2282 1096 2312 litteras
1119 2282 1219 2320 impe-

203 2341 289 2368 trare
335 2338 376 2367 ad
400 2337 668 2376 archiepiscopOS,
694 2336 861 2374 episcopos
885 2344 922 2365 ac
947 2334 1162 2364 Cisterciensis
1187 2338 1218 2364 et

205 2391 341 2420 aliorum
366 2390 514 2420 ordinum
539 2390 676 2419 abbates
701 2391 870 2427 exemptos
894 2391 927 2417 et
951 2397 1015 2417 non
1039 2390 1218 2426 exemptos,

206 2447 244 2473 ut
263 2443 323 2473 sibi
344 2444 382 2472 de
402 2452 512 2472 securo
533 2442 696 2471 conductu
717 2444 749 2471 et
769 2441 838 2470 aliis
859 2441 1042 2470 necessariis
1062 2441 1094 2470 in
1114 2440 1220 2470 eundo

207 2499 240 2526 et
263 2496 426 2525 redeundo
451 2496 569 2524 debeat
592 2494 766 2533 provideri,
794 2494 890 2523 iidem
916 2494 1031 2532 prelati
1055 2503 1092 2523 ac
1116 2493 1221 2522 nuntii

207 2558 263 2579 seu
281 2549 389 2588 legati,
408 2548 594 2586 hujusmodi
610 2547 726 2576 litteris
742 2547 925 2580 abutentes,
945 2555 1054 2576 earum
1069 2548 1220 2585 pretextu

209 2611 226 2632 a
249 2602 342 2631 vobis
365 2604 397 2630 et
420 2600 585 2630 monachis
607 2600 723 2629 vestris
747 2602 870 2629 certam
902 2608 1063 2628 summam
1086 2599 1220 2638 pecunie

209 2657 322 2684 contra
336 2654 461 2683 indulta
476 2653 579 2683 eidem
593 2653 697 2682 ordini
710 2655 819 2682 vestro
833 2661 851 2682 a
866 2652 952 2681 dicta
968 2652 1047 2682 Sede
1061 2661 1221 2687 concessa,

209 2708 334 2746 exigere
348 2710 381 2736 et
394 2709 584 2744 extorquere
597 2708 798 2744 presumunt,
813 2705 845 2735 in
858 2714 916 2734 vos
930 2707 963 2734 et
975 2705 1045 2734 illos
1059 2705 1097 2734 de
1107 2705 1222 2734 vestris

211 2760 349 2798 collegiis
372 2760 453 2798 (sic),
478 2759 533 2798 qui
554 2767 587 2788 se
609 2768 704 2796 super
726 2759 786 2787 hoc
809 2760 979 2796 opponunt
1001 2758 1132 2792 eisdem,
1155 2767 1223 2788 sus-

212 2813 373 2851 pensionis
393 2815 451 2842 aut
471 2811 815 2841 excommunicationis
835 2814 867 2840 et
898 2813 1006 2840 vestra
1027 2811 1222 2840 monasteria

211 2865 375 2895 interdicti
411 2865 588 2894 sententias
635 2864 880 2903 promulgando,
918 2872 1117 2902 quamquam
1154 2872 1223 2901 pre-

211 2918 295 2952 latis,
314 2918 435 2947 nuntiis
452 2920 486 2947 et
502 2917 615 2956 legatis
632 2916 794 2956 predictis,
813 2925 885 2945 cum
904 2916 945 2945 ad
958 2925 1016 2945 vos
1030 2916 1223 2954 perveniunt

211 2971 317 3010 parati
337 2970 406 3000 sitis
428 2971 466 2999 de
487 2970 670 3000 necessariis
690 2970 757 2999 sine
779 2969 922 2998 carnium
943 2978 1008 3002 esu,
1029 2969 1124 3006 juxta
1152 2978 1222 3007 pro-

1313 370 1470 400 visionem
1495 379 1514 400 a
1540 371 1684 409 predicta
1711 371 1791 401 Sede
1816 380 1912 410 super
1936 371 1996 400 hoc
2021 371 2054 400 in
2079 370 2189 400 ordine
2214 371 2325 400 vestro

1314 423 1446 458 editam,
1477 426 1509 453 et
1535 424 1692 453 hactenus
1716 423 1923 453 observatam
1948 423 2122 453 liberaliter
2145 423 2325 462 providere.

1315 475 1420 513 Quare
1440 486 1498 515 pro
1518 479 1610 515 parte
1630 479 1738 506 vestra
1760 476 1923 506 humiliter
1943 476 2116 515 petebatur
2135 485 2153 506 a
2175 475 2266 506 nobis
2287 477 2325 506 ut

1314 529 1481 567 providere
1508 538 1603 568 super
1630 529 1689 559 hoc
1717 531 1851 568 paterna
1878 528 2091 559 sollicitudine
2130 537 2325 559 curaremus.

1315 582 1381 611 Nos
1406 582 1516 620 itaque
1541 584 1647 612 vestre
1672 582 1774 621 quieti
1799 582 1973 616 consulere,
1998 590 2036 611 ac
2061 584 2153 611 tante
2177 581 2326 612 abusioni

1316 634 1446 664 obviare
1477 634 1632 669 volentes,
1664 637 1701 664 ut
1731 635 1896 665 occasione
1926 635 2108 664 litterarum
2139 633 2325 673 hujusmodi

1317 696 1380 717 non
1401 688 1575 717 teneamini
1595 688 1714 717 eisdem
1729 687 1871 726 prelatis,
1882 687 2004 717 nuntiis
2023 690 2057 716 et
2076 687 2190 726 legatis
2209 689 2322 717 contra

1317 743 1461 770 tenorem
1485 741 1684 770 indultorum
1710 741 1852 779 ipsorum
1876 740 2019 779 aliquam
2043 740 2213 778 pecuniam
2237 739 2327 770 exhi-

1318 794 1401 827 bere,
1431 794 1606 823 dummodo
1628 794 1704 832 ipsis
1733 794 1771 823 de
1799 793 1952 832 predictis
1980 793 2175 827 necessariis,
2203 792 2327 832 absque

1318 846 1477 880 carnibus,
1493 846 1588 884 juxta
1605 846 1765 885 prefatam
1782 846 1998 885 provisionem
2014 845 2182 884 providere
2197 845 2326 880 curetis.

1317 899 1513 929 auctoritate
1539 899 1631 929 vobis
1658 899 1855 938 presentium
1880 899 2094 938 indulgemus,
2121 898 2328 929 decernentes

1319 952 1405 991 quod
1430 952 1615 990 hujusmodi
1639 952 1808 986 sententie,
1833 952 1858 981 si
1883 952 1921 981 de
1941 954 2046 981 cetero
2070 952 2102 981 in
2119 960 2178 981 vos
2195 954 2254 981 aut
2271 951 2328 981 ali-

1319 1013 1415 1043 quem
1434 1007 1589 1039 vestrum,
1609 1014 1664 1034 seu
1683 1005 1877 1035 monasteria
1897 1007 2004 1034 vestra
2023 1006 2156 1043 propter
2173 1004 2328 1043 premissa

1320 1057 1523 1096 promulgate
1543 1057 1674 1092 fuerint,
1689 1066 1729 1087 ex
1743 1067 1827 1087 nunc
1849 1058 1914 1087 sint
1935 1058 2022 1086 irrite
2043 1059 2076 1086 et
2097 1057 2218 1087 inanes.
2240 1057 2328 1087 Nulli

1320 1113 1428 1140 nostre
1442 1110 1654 1140 concessionis
1668 1113 1701 1140 et
1715 1110 1956 1140 constitutionis
1971 1113 2032 1140 etc.
2044 1110 2120 1140 Dat.
2131 1109 2278 1144 Viterbii,
2297 1110 2328 1140 11

1319 1163 1391 1193 idus
1412 1164 1614 1202 septembris,
1635 1172 1720 1193 anno
1742 1166 1868 1202 quarto.
1891 1174 1903 1190 n

1398 1400 1486 1426 2662
1748 1399 1887 1431 Viterbe,
1908 1399 1944 1426 17
1963 1399 2141 1433 septembre
2160 1399 2247 1427 1258.

1359 1452 1486 1479 Eisdem
1511 1452 1652 1486 indulget
1679 1454 1714 1479 ut
1739 1453 1779 1478 ad
1804 1452 2016 1479 exhibendam
2042 1452 2196 1479 decimam
2222 1452 2260 1478 de
2283 1451 2330 1486 ip-

1318 1499 1423 1519 sorum
1463 1492 1670 1526 proventibus
1708 1492 1772 1525 regi
1810 1492 1943 1525 Angliae
1981 1492 2111 1519 minime
2148 1492 2329 1519 teneantur.

1318 1532 1415 1565 (Rm.
1437 1532 1484 1564 25,
1505 1532 1526 1558 f.
1550 1532 1606 1559 122
1625 1536 1672 1563 v0,
1693 1539 1742 1558 an.
1767 1532 1819 1563 IV,
1840 1539 1865 1558 c.
1886 1530 1985 1565 219b.)

1360 1647 1371 1661 ιι
1391 1635 1528 1664 Eisdem.
1560 1635 1666 1665 Patris
1706 1635 1872 1665 imitantes
1903 1635 2047 1664 officim
2083 1635 2134 1674 pia
2169 1634 2331 1665 studentis

1318 1688 1434 1727 exequi
1455 1688 1611 1718 desideria
1632 1688 1784 1722 filiorum,
1816 1688 1953 1717 libenter
1972 1688 2005 1717 in
2026 1688 2087 1717 hiis
2107 1690 2186 1718 vota
2222 1689 2330 1717 vestra

1320 1741 1505 1780 perficimus
1530 1750 1587 1780 per
1612 1750 1674 1780 que
1699 1741 1791 1771 vobis
1817 1743 1923 1770 status
1948 1740 2120 1779 proveniat
2144 1740 2329 1771 affectatus.

1319 1794 1520 1824 Transmissa
1547 1794 1707 1833 siquidem
1734 1794 1826 1823 nobis
1852 1795 1960 1824 vestra
1988 1793 2104 1832 petitio
2131 1793 2330 1828 continebat,

1321 1848 1418 1886 quod,
1449 1848 1523 1877 licet
1553 1856 1610 1877 nos
1639 1847 1680 1877 ad
1710 1846 1887 1885 supplicem
1915 1847 2107 1876 instantiam
2137 1846 2245 1876 dilecti
2272 1845 2332 1876 filii

1322 1901 1423 1930 nostri
1452 1901 1486 1934 1.,
1514 1900 1602 1929 tituli
1629 1900 1739 1930 Sancti
1765 1900 1931 1929 Laurentii
1957 1899 1989 1929 in
2015 1899 2137 1929 Lucina
2163 1898 2332 1938 presbiteri

1322 1953 1502 1987 cardinalis,
1524 1962 1541 1982 a
1563 1953 1708 1992 qualibet
1727 1953 1925 1991 prestatione
1945 1961 1999 1982 seu
2021 1952 2259 1982 contributione
2279 1951 2334 1982 de-

1322 2006 1403 2036 cime
1434 2015 1532 2045 quam
1564 2006 1602 2035 de
1634 2006 1845 2045 proventibus
1870 2005 2092 2035 ecclesiasticis
2113 2005 2276 2035 carissimo
2298 2005 2332 2034 in

1323 2060 1449 2089 Christo
1462 2059 1530 2089 filio
1544 2061 1688 2093 nostro..‚
1698 2058 1814 2088 illustri
1828 2058 1892 2097 regi
1905 2058 2019 2097 Anglie
2027 2058 2060 2087 in
2072 2066 2168 2097 regno
2177 2067 2236 2087 suo
2246 2060 2279 2087 et
2288 2057 2334 2088 lo—

1323 2113 1367 2142 cis
1389 2113 1450 2142 sibi
1463 2112 1628 2150 subjectis,
1643 2121 1745 2151 usque
1759 2112 1800 2141 ad
1815 2114 1939 2141 certum
1959 2114 2088 2150 tempus
2108 2111 2332 2145 concessimus,

1324 2175 1380 2196 vos
1395 2168 1427 2195 et
1449 2166 1594 2195 ordinem
1605 2167 1749 2194 vestrum
1764 2165 1802 2194 de
1816 2164 1945 2203 speciali
1953 2164 2056 2202 gratia
2068 2164 2254 2194 duxerimus
2267 2163 2334 2194 exi-

1324 2219 1457 2249 mendos
1485 2218 1629 2248 nonnulli
1657 2220 1767 2247 tamen
1795 2217 1967 2247 electoresl
1986 2217 2085 2256 ipsius
2106 2217 2237 2251 decime,
2266 2225 2336 2256 pre-

1326 2275 1419 2302 textu
1444 2272 1626 2301 litterarum
1653 2273 1835 2300 nostrarum
1860 2270 1893 2299 in
1910 2270 2027 2309 quibus
2043 2270 2228 2299 continetur
2245 2269 2334 2309 quod

1324 2326 1410 2357 eam}
1422 2325 1463 2354 ab
1489 2323 1649 2362 exemptis
1674 2326 1707 2353 et
1733 2333 1796 2353 non
1823 2323 1981 2361 exemptis
2007 2322 2210 2352 monasteriis
2235 2324 2335 2362 atque

1324 2378 1401 2408 locis
1419 2378 1582 2416 colligant,
1601 2386 1658 2406 vos
1677 2379 1709 2406 et
1726 2379 1834 2406 vestra
1853 2376 2047 2405 monasteria
2065 2384 2161 2414 super
2178 2375 2238 2405 hoc
2255 2374 2335 2405 mul-

1327 2431 1480 2470 tipliciter
1501 2430 1696 2468 inquietant.
1721 2429 1825 2466 Quare
1849 2429 2012 2458 humiliter
2033 2437 2091 2467 pro
2113 2430 2221 2458 vestra
2243 2429 2337 2467 parte

1328 2485 1502 2523 petebatur
1519 2492 1537 2512 a
1557 2482 1648 2512 nobis
1668 2485 1704 2511 ut
1723 2482 1890 2520 providere
1909 2490 2004 2520 super
2022 2481 2081 2510 hoc
2100 2483 2235 2520 paterna
2253 2479 2336 2510 solli-

1329 2537 1471 2567 citudine
1491 2544 1683 2565 curaremus.
1703 2535 1770 2564 Nos
1788 2535 1898 2573 itaque
1917 2535 2053 2564 obtentu
2072 2543 2160 2563 sacre
2178 2533 2335 2572 religionis

1330 2593 1447 2624 vestre,
1475 2589 1526 2619 cui
1551 2598 1608 2627 pro
1635 2588 1736 2617 divini
1763 2588 1881 2617 honore
1908 2587 2045 2616 nominis
2071 2587 2206 2616 debetur
2244 2585 2337 2616 favor

1329 2644 1431 2683 gratie
1470 2641 1625 2681 specialis,
1664 2641 1780 2670 vestris
1819 2640 2108 2679 supplicationibus
2146 2641 2334 2673 annuentes.

1329 2696 1422 2727 vobis
1440 2695 1635 2725 auctoritate
1653 2694 1850 2732 presentium
1868 2693 2070 2731 indulgemus
2088 2694 2135 2726 ut,
2153 2701 2210 2730 per
2227 2691 2338 2730 hujus-

1330 2749 1418 2779 modi
1451 2757 1506 2778 seu
1549 2756 1757 2786 quascunque
1782 2746 1860 2776 alias
1886 2746 2009 2775 litteras
2034 2745 2085 2775 vel
2110 2743 2335 2783 indulgentias.

1330 2803 1390 2832 sub
1411 2810 1603 2840 quacunque
1625 2799 1727 2829 forma
1748 2799 1798 2828 vel
1820 2798 2021 2837 expressione
2041 2798 2213 2827 verborum
2233 2797 2335 2827 eidem

1330 2856 1394 2894 regi
1409 2855 1459 2884 vel
1475 2853 1732 2892 quibuscumque
1747 2852 1816 2881 aliis
1826 2852 1867 2881 ab
1878 2851 2062 2890 Apostolica
2079 2850 2158 2880 Sede
2173 2857 2338 2880 concessas
2352 2886 2358 2889 .

1366 2975 1390 2998 1.
1412 2973 1465 2998 εἰσ.
1496 2972 1517 2997 ΙΙ
1544 2972 1664 2996 faudrait
1690 2971 1832 2995 collectores
1859 2976 1894 2993 ou
1920 2971 2056 2994 exactores.
