2477 3512
269 281 334 312 630

276 349 489 389 indulgemus,
508 354 541 377 ut
562 358 619 388 per
636 346 762 377 litteras
779 347 807 376 in
830 346 933 376 fornia
950 345 1187 376 commissionis
1209 345 1257 376 vel

274 405 476 436 executionis
513 414 570 434 ¹<eu
615 403 886 436 conservationis.
927 413 1023 443 super
1070 402 1256 442 quibusdam

274 461 381 498 rebus,
406 460 444 490 ab
471 460 658 502 Apostolica
691 459 775 490 Sede
800 459 950 490 obtentas
977 459 1030 490 vel
1053 459 1256 494 obtinendas

273 528 333 558 qne
356 517 394 548 de
424 517 483 547 hoo
503 516 626 547 indulto
651 526 844 557 expressam
867 525 926 546 non
953 516 1101 546 facerent
1122 515 1258 546 mentio-

274 584 358 607 nem,
386 583 494 603 coram
522 572 700 603 venerabili
730 573 832 603 fratre
863 573 974 602 nostro
997 596 1016 601 Α.
1050 570 1258 612 Zagabriensi

273 630 435 671 episcopo,
456 640 526 660 cum
549 629 650 670 ipsum
670 628 802 666 habeas,
820 631 853 659 ut
873 628 1009 661 asseris,
1025 629 1118 658 certa
1133 626 1263 659 ratione
1282 668 1283 676 ἵ

274 689 471 727 suspectum,
502 686 668 716 conveniri
714 695 773 716 non
808 685 930 722 valeas,
960 694 1019 715 nec
1056 684 1257 726 respondere

275 743 419 773 tenearis
445 743 574 773 invitus.
600 742 684 773 Nulli
710 741 789 783 [etc3
810 745 920 773 nostre
949 742 1170 773 concessionis
1190 743 1254 772 etc.

273 799 479 841 presentibus
491 799 819 840 postquinquennium
831 799 959 829 minime
972 798 1131 829 valituris.
1142 798 1255 829 Datum

279 855 429 891 Viterbii,
453 855 543 886 nonis
557 855 644 897 julii,
665 865 747 886 anno
768 855 876 886 tertio.
904 868 918 882 ι»

341 1016 444 1043 2056
841 1016 964 1043 Viterbe.
983 1016 1094 1048 27ju'1n
1112 1016 1186 1041 1257.

310 1115 560 1142 AbbatiAroasiae
576 1115 728 1149 ipsiusque
743 1114 934 1140 coabbatibus
950 1117 978 1140 et
989 1113 1182 1140 conventibus
1195 1113 1259 1139 uni-

274 1163 365 1190 versis
401 1163 514 1189 ordinis
551 1162 689 1188 Aroasiae
719 1162 875 1188 confirmat
910 1161 1139 1191 otdinationem,
1171 1168 1259 1194 quam

273 1210 375 1245 O[dd0]
394 1210 577 1237 Tusculanus
591 1208 924 1245 epis001111S‚J[oannesl
942 1210 968 1235 S.
993 1208 1138 1234 Laurentii
1160 1209 1188 1234 in
1205 1208 1258 1234 Lu-

273 1258 340 1285 cina
360 1261 388 1284 et
414 1258 517 1293 Hlugo]
535 1259 560 1284 S.
581 1259 705 1285 Sabinae
732 1257 894 1292 presbyteri
913 1256 1090 1288 cardinales,
1110 1256 1231 1282 obtenta
1245 1264 1261 1282 a

273 1305 346 1332 sede
359 1308 377 1331 Α
385 1306 524 1340 postolica
535 1305 668 1340 plenaria
684 1308 837 1340 potestate,
849 1313 938 1338 super
953 1312 1005 1331 esu
1019 1304 1153 1330 carnium
1171 1304 1198 1329 in
1214 1312 1261 1330 re-

272 1353 402 1379 fectoriis
427 1356 452 1379 et
478 1356 569 1380 extra.
591 1354 734 1379 fecerunt.
758 1354 837 1382 (linc.
865 1354 907 1381 25,
931 1360 957 1378 a.
983 1353 1028 1383 111,
1048 1360 1071 1377 c.
1091 1353 1151 1382 485,
1168 1351 1186 1378 f.
1201 1353 1258 1379 57⁹:

273 1402 408 1427 Ponam
441 1403 546 1434 16908.)

317 1518 331 1531 «
359 1529 378 1534 ..
403 1502 680 1534 abbatiAroasine
701 1501 873 1545 ipsiusque
899 1500 1111 1532 ‹,·oal›lmtibu.s
1129 1507 1158 1531 el
1181 1511 1261 1532 con-

275 1559 426 1591 ventibus
457 1558 621 1590 universis
651 1557 800 1601 ejus-(lem
834 1557 1003 1589 Ari-oasie.
1028 1557 1086 1588 Illa
1124 1556 1261 1588 salubris

273 1620 323 1648 est
345 1619 377 1647 et
400 1616 581 1657 apostolico
597 1616 694 1656 digna
718 1616 830 1646 favore
850 1615 1181 1656 decisiojurgiorum,
1200 1624 1260 1654 que

274 1673 452 1704 intervenit
466 1683 544 1713 pace
561 1674 671 1703 mutua
691 1673 776 1702 inter
792 1675 915 1712 partes,
934 1671 987 1702 vel
1003 1670 1146 1712 pacificis
1160 1671 1261 1701 inter-

273 1729 464 1761 cedentibus
488 1729 624 1760 honeste
659 1728 811 1759 conciliat
845 1727 1059 1760 dissidentes:
1091 1738 1150 1768 per
1178 1727 1261 1757 hanc.

271 1787 355 1818 enim
386 1786 546 1816 sincerius
578 1785 779 1816 convalescit.
803 1785 924 1815 caritas
954 1784 1123 1815 vulnerata
1156 1783 1261 1823 litigio

274 1846 308 1875 et
338 1842 551 1884 dispositioni,
572 1842 611 1872 ad
644 1852 737 1882 quani
761 1851 920 1871 consensu
953 1841 1086 1881 quisque
1120 1840 1258 1872 ducitur.

274 1899 426 1931 libentius
444 1899 635 1938 acquiescit.
653 1899 748 1936 sane,
763 1908 834 1928 cum
851 1901 895 1935 tu,
914 1897 1080 1933 filiabbas,
1095 1903 1128 1927 et
1143 1896 1262 1927 diffini-

275 1960 361 1987 tores
392 1957 435 1987 tui
458 1956 578 1987 ordinis
601 1955 780 1986 duxissetis
800 1965 897 1996 super
917 1956 1040 1985 statuto
1056 1954 1096 1984 de
1113 1964 1169 1984 esu
1191 1963 1261 1983 car-

275 2014 359 2044 nium
376 2013 405 2043 in
428 2013 605 2044 refectorio
621 2012 818 2042 auctoritate
839 2011 1017 2052 apostolica
1035 2009 1259 2047 ordinandum,

275 2072 308 2100 ut
335 2076 514 2101 conventus
542 2068 674 2109 quilibet
697 2068 773 2099 dicti
799 2068 920 2098 ordinis
946 2070 997 2098 ter
1019 2067 1051 2097 in
1083 2065 1261 2097 ebdomada
1286 2077 1288 2086 ¹

274 2125 425 2157 carnibus
458 2127 488 2156 in
517 2124 704 2156 refectoriis
725 2125 813 2155 vesci
842 2126 988 2165 possent,
1009 2122 1165 2160 mutandi,
1188 2131 1261 2151 cor-

275 2182 400 2223 rigendi
427 2184 459 2212 et
484 2181 622 2212 addendi
645 2184 817 2212 reservata
842 2179 932 2210 nobis
963 2179 1185 2210 nichilominus
1205 2188 1261 2219 po-

274 2242 410 2274 testate,
422 2238 532 2269 dilecti
546 2238 626 2268 11111..
640 2237 749 2268 Sancti
760 2237 963 2277 Leodegarii,
972 2261 992 2266 ..
1005 2236 1114 2267 Sancti
1124 2236 1261 2278 Crispini

275 2296 306 2325 in
337 2296 447 2325 Cavea
467 2294 753 2331 Suessionensis,..
772 2293 883 2324 Sancti
914 2292 1009 2332 Eligii
1032 2293 1182 2331 Fontis‚..
1222 2293 1261 2324 de

274 2351 485 2389 castellione,
506 2357 564 2382 et..
589 2350 628 2381 de
647 2350 810 2380 vasu-iuis
835 2349 970 2380 abbates
991 2359 1167 2389 eorumque
1188 2360 1262 2380 con-

277 2413 395 2439 ventus
416 2410 449 2438 et
475 2408 531 2440 alii
550 2407 749 2438 adherentes
771 2406 894 2437 eisdem
917 2406 1035 2446 prefati
1051 2406 1172 2436 ordinis
1193 2416 1262 2437 me-
1288 2438 1289 2444 ¹

1288 2445 1289 2478 Ξ
1315 2462 1329 2475 «
1359 2448 1497 2479 addendi
1528 2448 1709 2479 retinentes
1740 2447 1799 2477 sibi
1833 2447 2058 2478 nichilominus
2090 2447 2300 2487 potestatem,

274 2468 406 2496 tuentes
426 2464 665 2495 ordinationem
686 2463 785 2503 ipsam
807 2473 865 2504 per
880 2462 1263 2502 reservationemhujus-

278 2521 360 2551 modi
393 2531 489 2562 posse
525 2521 553 2550 in
581 2520 728 2550 deterius
757 2519 931 2555 immutari,
966 2521 1038 2549 orta
1069 2528 1166 2560 super
1201 2519 1262 2550 hoo

275 2579 360 2608 inter
382 2583 425 2613 te,
455 2577 565 2614 abbas,
585 2583 617 2607 et
638 2576 831 2606 diffinitores
851 2576 938 2616 ipsos
959 2585 1000 2605 ex
1021 2580 1113 2615 parte
1133 2586 1206 2612 una,
1229 2581 1263 2606 et

275 2634 408 2665 eosdem
421 2632 555 2664 abbates
575 2637 607 2663 et
629 2635 808 2662 conventus
821 2642 859 2662 ac
875 2631 1071 2662 adherentes
1085 2642 1125 2662 ex
1142 2631 1259 2670 altera,

276 2691 415 2721 materia
446 2690 638 2730 questionis,
660 2689 699 2720 ad
721 2689 841 2720 Sedent
866 2688 1085 2729 Apostolicain
1110 2699 1261 2719 recurre—

277 2751 360 2777 runt.
386 2747 488 2777 Porro
519 2745 714 2777 venerabilis
740 2746 844 2776 frater
868 2747 981 2776 noster
1007 2746 1044 2775 0.
1063 2745 1262 2775 Tusculanus

275 2805 446 2845 episcopus
477 2806 510 2834 et
534 2802 644 2833 dilecti
671 2802 724 2832 tilii
745 2802 847 2833 nostri
874 2802 902 2832 J.
928 2801 1011 2832 tituli
1042 2801 1151 2831 Sancti
1179 2801 1262 2831 Lau-

277 2861 373 2891 rentii
404 2860 434 2889 in
459 2859 579 2889 Lucina
609 2866 642 2889 et
667 2859 703 2888 ll.
733 2858 815 2889 tituli
840 2858 960 2888 Sancte
986 2857 1102 2888 Sabine
1130 2857 1261 2887 misera-

279 2917 363 2947 tione
389 2916 498 2947 divina
520 2915 691 2956 presbiteri
718 2913 902 2945 cardinales
918 2914 1006 2955 pacis
1032 2916 1065 2944 et
1090 2913 1262 2944 concordie

281 2975 378 3005 vestri
418 2975 537 3005 ordinis
568 2976 743 3005 amatores.
781 2973 989 3004 attendentes
1027 2973 1106 3013 quod
1140 2972 1261 3003 caritas

969 276 1203 308 nEfflSTflES
1232 276 1381 308 D‘ALEX
1390 277 1534 308 ANDRE
1559 277 1605 308 lv

1310 347 1422 376 vestra
1435 345 1617 386 hujusmodi
1630 349 1761 386 poterat
1773 345 1912 376 sauciari
1929 345 2073 383 dissidio,
2089 351 2123 377 et
2135 346 2213 377 ordo
2226 347 2295 387 ipse

1309 401 1555 442 irreparabilem
1590 402 1698 432 subire
1734 402 1921 435 scissuram.
1955 401 2089 433 obtenta
2126 402 2297 434 ordinandi

1310 468 1409 499 super
1446 458 1506 488 hoc
1546 468 1602 499 pro
1641 460 1708 489 toto
1747 457 1861 488 eodem
1900 457 2011 489 ordine
2047 468 2065 488 a
2098 458 2188 489 nobis
2225 459 2296 490 vive

1309 515 1398 545 vocis
1411 515 1542 545 oraculo
1563 514 1709 556 plenaria
1727 517 1903 555 potestate.
1927 514 2112 555 hujusmodi
2126 516 2298 556 potestatis

1309 571 1518 609 auctoritate,
1539 570 1579 602 de
1610 581 1769 601 consensu
1798 575 1832 602 et
1853 571 2019 601 voluntate
2051 575 2297 612 procuratorum

1310 627 1460 667 partium,
1502 627 1530 658 in
1569 627 1627 658 hac
1659 631 1751 668 parte
1777 627 1910 668 provide
1939 633 1973 658 et
1999 626 2174 658 salubriter
2210 627 2299 658 ordi-

1309 686 1437 720 narunt,
1456 688 1549 724 prout
1562 685 1592 714 in
1610 683 1729 714 litteris
1745 682 1820 714 inde
1832 683 1990 714 confectis
2011 686 2044 714 et
2059 684 2202 724 ipsorum
2214 684 2299 725 epis-

1309 740 1377 781 copi
1404 747 1436 771 et
1463 740 1674 771 cardinalium
1698 740 1815 781 sigillis
1835 739 1977 776 munitis,
2000 749 2133 780 quarum
2153 742 2298 771 tenorem

1309 796 1513 837 presentibus
1533 797 1573 827 de
1601 796 1701 827 verbo
1726 796 1765 827 ad
1787 796 1919 827 verbum
1940 796 2040 827 inseri
2057 796 2206 834 fecimus,
2229 797 2300 838 ple·

1309 853 1380 883 nius
1400 854 1625 894 perspeximus
1637 853 1808 884 contineri.
1825 853 1890 883 Nos
1904 853 2015 893 igitur,
2031 852 2114 892 quod
2125 862 2224 894 super
2239 853 2300 884 hoc

1309 909 1349 940 ab
1372 909 1495 940 eisdem
1521 910 1674 951 episcopo
1694 916 1727 939 et
1749 908 1966 940 cardinalibus
1987 908 2109 940 factum
2123 911 2174 939 est
2194 911 2299 940 ratum

1310 966 1343 996 et
1370 964 1493 996 firmum
1528 965 1699 1004 habentes,
1722 976 1759 996 ac
1795 965 1972 1003 defectum,
1997 965 2022 996 si
2041 966 2110 1006 quis
2133 965 2164 996 iu
2200 975 2238 997 eo
2257 975 2300 997 ex

1310 1031 1509 1062 quacumque
1539 1032 1638 1053 causa
1658 1022 1783 1059 extitit,
1811 1022 2000 1063 supplentes
2030 1022 2070 1052 de
2100 1021 2299 1062 plenitudine

1310 1078 1485 1119 potestatis
1504 1078 1659 1118 vobisque
1685 1078 1913 1109 nichilominus
1931 1089 1972 1109 ne
1988 1081 2103 1110 contra
2123 1078 2301 1110 ordinatio-

1311 1144 1382 1166 nem
1412 1135 1514 1176 ipsam
1540 1135 1658 1165 suturis
1682 1135 1797 1166 venire
1833 1135 2030 1176 temporibus
2062 1134 2299 1175 quomodolibet

1311 1191 1463 1229 valeatis,
1487 1193 1676 1232 perpetuum
1698 1191 1861 1222 silentium
1883 1192 2097 1233 imponentes,
2114 1191 2142 1222 id
2160 1192 2302 1223 auctori—

1312 1249 1380 1279 tate
1418 1247 1594 1289 apostolica
1639 1247 1879 1281 confirmamus,
1918 1249 1951 1278 et
1991 1248 2154 1288 presentis
2188 1248 2302 1289 scripti

1313 1304 1492 1345 patrocinio
1508 1304 1754 1335 communimus.
1775 1305 1879 1335 'l‘enor
1899 1306 2006 1334 autem
2021 1303 2206 1335 litterarum
2220 1305 2304 1345 ipsa-

1314 1370 1383 1391 rum
1401 1361 1477 1391 talis
1490 1363 1542 1391 est
1563 1369 1569 1391 t

1880 1465 2006 1497 Viterbe,
2025 1468 2056 1491 23
2069 1466 2135 1499 juin
2153 1467 2230 1492 ¹257.

1358 1558 1371 1571 υ
1402 1544 1569 1575 Universis
1600 1549 1770 1585 presentes
1807 1544 1935 1575 litteras
1975 1545 2170 1585 inspecturis
2214 1543 2304 1576 Oddo

1315 1614 1329 1629 «
1356 1601 1553 1632 Tusculanus
1578 1601 1760 1642 episcopus,
1785 1601 1904 1632 fratres
1925 1602 1953 1631 J.
1980 1600 2063 1631 tituli
2089 1601 2198 1632 Sancti
2221 1601 2304 1632 Lau-

1315 1672 1329 1685 «
1357 1658 1450 1688 rentii
1472 1658 1502 1688 in
1524 1658 1643 1688 Lucina
1663 1660 1696 1689 et
1716 1658 1754 1688 H.
1777 1657 1858 1688 tituli
1884 1658 2002 1689 Sancte
2025 1657 2142 1689 Sabine
2163 1657 2301 1689 misera-

1314 1728 1327 1742 «
1356 1715 1445 1745 tione
1476 1714 1585 1744 divina
1618 1714 1791 1755 presbiteri
1815 1713 2010 1752 cardinales,
2035 1713 2174 1744 salutem
2195 1713 2226 1744 in
2244 1713 2304 1744 Do-

1314 1786 1327 1799 «
1356 1771 1452 1802 mino.
1477 1771 1690 1803 Universitati
1726 1773 1836 1802 vestre
1865 1770 2095 1812 significamus,
2112 1770 2206 1810 quod,
2229 1780 2301 1801 cum

1314 1842 1328 1855 «
1355 1829 1442 1859 inter
1456 1827 1607 1858 abbatem
1621 1828 1756 1858 Aroasie
1770 1830 1803 1858 et
1817 1827 1963 1868 ejusdem
1977 1827 2098 1857 ordinis
2108 1825 2303 1857 diffinitores

1314 1898 1328 1911 «
1357 1895 1397 1915 ex
1412 1895 1475 1915 una
1493 1888 1598 1926 parte,
1612 1894 1648 1915 ac
1664 1909 1684 1914 ..
1707 1884 1819 1915 Sancti
1831 1883 2036 1925 Leodegarii‚
2058 1908 2078 1913 ..
2092 1882 2203 1913 Sancti
2215 1881 2303 1913 Cris-

1315 1954 1327 1969 «
1357 1942 1420 1982 pini
1442 1941 1472 1971 in
1489 1941 1598 1973 Cavea
1619 1940 1875 1978 Suessionensis,
1895 1965 1915 1971 ..
1941 1928 2050 1971 Sancti
2064 1939 2158 1980 Eligii
2179 1938 2304 1975 Fontis,

1315 2011 1329 2024 «
1361 2023 1380 2028 ..
1393 1998 1432 2029 de
1442 1997 1680 2030 Castellione,..
1695 1997 1734 2028 de
1742 1996 1909 2028 Castriciis
1920 1997 2095 2028 abbateset
2105 2006 2217 2027 eorum
2227 2005 2302 2027 eon-

1315 2068 1328 2081 «
1359 2058 1474 2085 ventus
1490 2053 1611 2085 ordinis
1628 2054 1785 2084 Aroasiae
1802 2063 1842 2084 ex
1863 2053 1980 2092 altera,
2005 2063 2102 2094 snper
2122 2055 2246 2083 statuto
2261 2051 2302 2082 de

1315 2124 1327 2139 11
1356 2121 1412 2142 esu
1433 2111 1579 2141 carnium
1598 2111 1626 2140 in
1645 2110 1834 2148 refectorio,
1852 2112 2040 2141 verteretur
2054 2109 2191 2140 materia
2205 2117 2302 2149 ques-

1315 2181 1329 2194 «
1358 2167 1465 2199 tionis,
1479 2177 1517 2197 eo
1533 2166 1685 2197 videlicet
1698 2166 1779 2206 quod
1797 2165 1895 2196 abbas
1910 2166 2047 2196 Aroasie
2063 2164 2301 2195 etdiffinitores

1316 2237 1329 2251 «
1358 2223 1508 2264 predicti,
1523 2223 1721 2254 auctoritate
1742 2222 1911 2263 eujusdam
1930 2222 2053 2257 littere,
2069 2231 2161 2262 quam
2178 2231 2197 2251 a
2218 2219 2301 2252 Sede

1315 2292 1331 2307 «
1359 2279 1549 2320 Apostolica
1576 2278 1793 2316 obtinuerant,
1817 2289 1915 2319 super
1944 2278 2003 2309 hoe
2019 2277 2221 2314 ordinarunt,
2245 2275 2299 2307 ut¹

1316 2350 1330 2364 «
1358 2341 1537 2366 conventus
1565 2335 1643 2366 dicti
1669 2335 1790 2366 ordinis
1815 2341 1866 2365 ter
1891 2335 1919 2365 in
1948 2333 2125 2365 ebdomada
2150 2332 2301 2365 carnibus

1315 2405 1329 2419 11
1357 2392 1387 2422 111
1407 2392 1593 2423 refectoriis
1615 2391 1702 2422 vesci
1723 2396 1869 2432 possent,
1894 2390 2050 2429 mutandi,
2065 2389 2250 2431 corrigendi
2269 2393 2302 2419 et

1315 2518 1329 2531 2

1353 2515 1451 2546 super
1477 2505 1660 2535 retentione
1685 2514 1808 2544 quoque
1833 2504 1999 2535 antedicta
2025 2504 2208 2534 metuentes
2226 2511 2300 2543 pre-

1316 2575 1328 2587 1·
1357 2560 1432 2592 dicti
1445 2561 1699 2592 Suessionenses
1716 2564 1748 2591 et
1762 2561 1815 2592 alii
1833 2560 1890 2591 sibi
1910 2561 2120 2593 adherentes.
2144 2569 2182 2590 ne
2203 2558 2303 2590 abba-

1316 2630 1329 2646 «
1359 2618 1398 2648 tis
1423 2619 1576 2648 Arrsmsie
1615 2629 1652 2648 ac
1679 2618 1890 2648 diffinitorum
1916 2618 2057 2659 ipsorum
2083 2615 2244 2646 ordinatio
2270 2615 2301 2645 in

1315 2688 1329 2702 «
1357 2674 1500 2705 deterius
1514 2676 1707 2706 mutaretur.
1721 2674 1760 2705 ad
1776 2674 1890 2704 Sedent
1909 2674 2071 2704 duxerunt
2083 2671 2302 2713 Apostolicam

1356 2730 1602 2762 recurrendum.
1631 2730 1876 2771 Pei-pendentes
1905 2731 2014 2771 itaque
2038 2728 2120 2769 quod
2141 2727 2305 2759 discordia

1353 2787 1536 2828 hujusmodi
1550 2787 1668 2818 cedere
1690 2790 1818 2828 poterat
1836 2788 1865 2818 in
1880 2787 2085 2828 plurimorum
2099 2784 2299 2816 scandalum.

1315 2857 1329 2871 «
1357 2853 1396 2874 ac
1420 2854 1480 2874 non
1515 2844 1671 2874 modicam
1703 2854 1764 2874 non
1791 2843 1893 2874 solum
1922 2843 2152 2884 predictorum,
2188 2850 2300 2871 verum

1315 2912 1330 2927 2

1357 2900 1456 2931 etiam
1489 2900 1586 2931 totius
1620 2900 1741 2931 ordinis
1772 2900 1941 2931 lesionem.
1975 2899 2132 2929 dictarum
2162 2897 2301 2938 partium

1345 2986 1367 3007 1.
1392 2984 1438 3007 MS.
1456 2993 1459 3007 :
1475 2987 1508 3008 61.
