2477 3512
904 315 916 330 ·
989 305 1220 345 TROISIEME
1244 303 1391 341 ANNEE

182 386 273 417 vobis
293 386 493 427 presentium
512 385 733 427 indulgemus,
757 388 790 416 ut
815 383 855 415 ad
884 381 1086 414 exhibendas
1113 379 1173 411 ali-

183 452 261 483 quas
287 442 534 482 procurationes
559 442 765 482 pecuniarias
796 445 849 471 aut
872 439 952 470 alias
981 437 1172 469 exactiones

182 499 303 540 legatis
325 501 358 529 et
382 498 503 529 nuntiis
525 498 616 529 Sedis
631 497 830 539 Apostolice,
852 495 913 526 uisi
931 495 1054 525 fuerint
1065 502 1173 524 sacro-

184 556 296 585 sancte
312 554 456 585 Romane
477 554 624 585 Ecclesie
635 553 831 590 cardinales,
850 552 918 582 sive
935 551 990 581 alii
1001 550 1040 581 (le
1063 551 1173 580 nostro

183 611 289 641 latere
310 610 476 642 destinati.
496 610 548 641 vel
569 610 608 640 ad
624 608 894 640 contribuendum
914 608 944 637 in
964 607 1023 643 eis,
1046 617 1104 648 per
1120 605 1174 636 lit-

185 672 275 698 teras
291 668 377 698 dicte
408 667 502 698 Sedis
536 666 690 707 compelli
715 666 920 705 aliquatenus
942 674 1003 695 non
1027 662 1172 704 possitis,

184 724 305 764 absque
323 724 457 765 speciali
472 722 624 753 mandato
653 721 747 753 Sedis
770 721 919 762 ejusdem
943 720 1084 750 faciente
1105 718 1175 759 ple-

186 790 257 811 nam
270 782 302 811 et
314 789 504 821 expressam
514 776 952 819 deindulgentiahujusmodi
965 776 1173 806 mentionem.

186 836 271 867 Nulli
299 835 392 877 [ete]
413 836 524 866 nostre
545 834 767 865 concessionis
783 838 848 864 etc.
873 834 987 863 Datum
1010 830 1174 868 Laterani,

186 894 215 924 X
233 892 388 923 kalendas
405 892 525 930 martii,
547 901 630 922 anno
655 891 764 922 tertio.
790 904 803 917 ι»

262 1040 358 1067 1739
727 1039 841 1069 Latran,
858 1039 891 1063 *20
908 1037 1012 1063 fevrier
1031 1039 1104 1063 1257.

223 1129 438 1164 Indulgentiam
463 1132 582 1155 centum
605 1129 720 1155 dierum
749 1128 886 1154 concedit
906 1128 1044 1154 omnihus
1071 1127 1176 1153 Christi

188 1177 324 1204 tidelibus
354 1176 523 1206 Fesulanae,
556 1177 744 1202 Florentinae
778 1179 806 1202 et
832 1176 969 1201 Aretinae
997 1175 1177 1201 dioecesium

187 1225 318 1251 subsidia
343 1225 534 1260 erogantibus
554 1225 589 1250 ad
609 1223 839 1250 reedificandam
867 1223 902 1249 de
923 1231 996 1249 novo
1022 1223 1178 1249 ecclesiam

187 1273 222 1299 de
239 1272 348 1307 Figine,
365 1280 463 1306 quaea
476 1272 654 1298 Florentinis
667 1271 798 1297 funditus
810 1274 852 1297 est
863 1271 1022 1297 destructa.
1037 1271 1115 1304 (ΒΜ.
1133 1272 1176 1301 25,

188 1329 213 1346 a,
233 1320 278 1350 ΙΙΙ,
297 1328 320 1346 c.
339 1320 432 1349 145‚1·.
454 1320 505 1346 19st

233 1424 246 1437 «
273 1409 441 1442 Universis
463 1408 586 1441 Clu-isti
606 1407 764 1451 fidelibus
781 1419 843 1451 per
858 1407 1075 1446 Fesulcmam,
1099 1407 1177 1438 Flo-

188 1466 358 1498 rentinam
379 1472 409 1497 et
430 1465 607 1497 Aretinam
625 1464 779 1496 civitates
801 1470 832 1495 et
848 1463 993 1495 dioceses
1013 1463 1178 1496 constitu-

190 1523 241 1554 tis.
255 1523 422 1561 Quoniam,
439 1521 700 1562 utaitapostolus
712 1523 776 1552 etc.
787 1530 904 1561 usque:
923 1522 1084 1551 eternam.
1101 1520 1176 1552 Cum

188 1580 288 1621 igitur
308 1578 419 1621 [sicut]
445 1578 583 1609 dilectus
606 1577 688 1609 filius
708 1603 728 1609 ..
758 1577 914 1619 plebanus
941 1579 974 1608 et
1005 1577 1179 1618 capitulum

188 1635 340 1678 plebisde
357 1636 481 1677 Figine,
504 1635 665 1666 Fesulane
685 1634 835 1671 diocesis,
859 1645 916 1665 sua
930 1633 1019 1665 nobis
1036 1634 1179 1665 insinua-

188 1693 277 1723 tione
292 1693 525 1730 monstrarunt,
543 1691 605 1733 ipsi
624 1691 799 1722 ecclesiam
818 1691 1044 1732 ipsorum,que
1066 1701 1083 1721 a
1104 1690 1178 1721 Flo-

187 1748 324 1780 rentinis
346 1747 491 1779 funditus
514 1749 565 1778 est
589 1747 770 1785 destructa,
792 1747 965 1778 intendant
984 1746 1178 1777 reedificare

188 1805 226 1836 de
249 1815 342 1843 novo,
357 1807 389 1835 et
403 1804 441 1835 ad
462 1804 492 1835 id
510 1805 556 1835 eis
566 1804 694 1845 proprie
714 1814 776 1835 non
789 1806 965 1844 suppetant
986 1803 1176 1841 facultates,

187 1862 433 1893 universitatem
445 1864 588 1892 vestram
600 1871 754 1902 rogamus
768 1861 976 1891 ethortamur
986 1860 1017 1890 in
1031 1860 1176 1895 Domino,

188 1919 456 1950 inremissionem
474 1917 564 1949 vobis
585 1918 809 1958 peccaminum
829 1917 1053 1958 injungentes,
1072 1917 1178 1957 quati-
1204 1946 1205 1953 ,

1205 1960 1206 1978 ³
1232 1971 1308 2007 sius,
1331 1968 1391 1999 nisi
1412 1967 1521 1998 littere
1544 1963 1637 1995 Sedis
1658 1961 1804 2003 ejusdem
1827 1959 1955 2001 plenam
1976 1959 2010 1988 et
2030 1964 2220 1997 expressam

191 1986 250 2006 nus
277 1975 316 2006 de
338 1975 427 2006 bonis
450 1974 540 2005 vobis
563 1974 692 2005 collatis
715 1984 732 2004 a
749 1974 828 2013 Deo,
851 1974 919 2014 pias
933 1973 1131 2005 elemosinas
1147 1975 1180 2004 et

190 2035 284 2073 grata
295 2032 341 2062 eis
354 2031 502 2062 caritatis
520 2030 664 2062 subsidia
685 2031 842 2071 erogetis,
866 2034 901 2061 ut
917 2041 975 2071 per
992 2030 1180 2061 subventio-

192 2098 263 2119 nem
284 2092 426 2119 vestram
447 2097 527 2129 opus
540 2086 723 2128 hujusmodi
742 2087 848 2117 valeat
863 2088 1059 2125 consumari,
1076 2090 1109 2118 et
1122 2096 1180 2117 vos
1206 2095 1207 2099 ¹

192 2155 250 2186 per
265 2145 324 2175 hoc
337 2146 369 2175 et
390 2144 452 2175 alia
471 2144 563 2181 bona,
583 2154 644 2184 que
666 2144 799 2174 Domino
815 2143 996 2184 inspirante
1018 2143 1179 2181 feceritis,

193 2201 233 2232 ad
257 2203 369 2232 eterne
398 2201 529 2242 possitis
554 2200 726 2231 felicitatis
759 2200 874 2241 gaudia
906 2200 1089 2241 pervenire.
1118 2200 1182 2231 Nos

192 2258 276 2289 enim
298 2257 338 2288 de
364 2257 595 2298 omnipotentis
622 2257 678 2287 Dei
703 2256 928 2287 misericordia
952 2259 1018 2288 etc.
1048 2266 1147 2297 usque
1174 2267 1180 2288 :

194 2314 386 2356 adjutricem
415 2315 543 2344 centum
567 2313 637 2344 dies
661 2313 700 2344 de
726 2313 879 2354 injuncta
916 2314 1009 2355 [etc-,l
1045 2323 1143 2353 usque
1175 2323 1181 2344 :

194 2371 391 2402 relaxamus.
419 2370 633 2401 Presentibus
658 2371 732 2411 post
743 2370 997 2410 quinquennium
1019 2372 1084 2401 etc.
1103 2380 1182 2410 quas

195 2427 353 2458 mittietc.
373 2427 488 2457 Datum
506 2427 659 2457 Laterani
682 2428 715 2457 ut
732 2436 841 2467 supra.
869 2440 882 2453 υ

271 2568 366 2594 1740
733 2569 846 2596 Latran.
864 2571 895 2594 *213
913 2569 1020 2594 fevrier
1039 2571 1113 2595 1257.

230 2656 407 2683 Consulibus
440 2660 469 2682 et
497 2657 647 2682 communi
673 2657 777 2683 Montis
806 2657 958 2683 Pessulani
988 2659 1090 2683 notum
1121 2657 1188 2683 sarit

194 2704 337 2730 Joannem
353 2704 565 2730 Tabernarium
585 2706 612 2729 et
628 2705 809 2738 Stephanum
831 2705 953 2738 Capsani
968 2713 1101 2731 camerae
1118 2713 1187 2731 suae
1212 2714 1214 2739 ζ

196 2751 372 2778 satisfecisse
385 2751 420 2777 de
430 2751 523 2778 tribus
541 2751 673 2777 millibus
690 2752 828 2778 trecentis
845 2756 872 2779 et
887 2752 1099 2787 quinquaginta
1117 2753 1188 2779 duo-

198 2845 380 2878 Apostolicae
397 2846 513 2872 debitis.
532 2847 610 2872 ilum.
628 2848 672 2878 25,
689 2854 713 2873 a.
731 2847 776 2877 ΙΙΙ,
792 2855 817 2873 c.
836 2849 895 2878 146,
911 2847 929 2872 1“.
950 2849 1004 2876 19.)

245 2950 258 2964 «
277 2936 477 2968 Consulibus
492 2943 522 2969 el
544 2936 715 2968 communi
734 2936 859 2969 Montis
876 2935 1049 2969 Pesulani.
1064 2936 1189 2969 Tenore

198 2992 291 3024 vobis
307 2994 505 3034 presentium
522 2994 668 3025 volumus
685 3003 758 3025 esse
769 2996 890 3032 notum,
904 2993 987 3033 quod
1008 2993 1122 3025 dilecti
1132 2992 1189 3024 filii

2143 304 2207 335 535

1224 379 1386 409 Johannes
1416 378 1630 408 'sabel-narius
1653 383 1685 408 et
1716 377 1899 417 Stephanus
1929 374 2080 415 Capsani,
2110 372 2209 403 nuntii

1225 436 1340 470 vestri,
1359 435 1398 465 ad
1425 434 1539 465 §edem
1566 433 1785 475 Apostolicam
1814 431 2020 468 accedentes,
2043 430 2083 461 ‹ile
2109 428 2211 459 tribus

1225 492 1352 522 milibus
1373 491 1531 522 trecentis
1548 494 1582 521 et
1594 490 1827 529 quinquaginta
1846 487 1967 518 duobus
1987 486 2088 517 obolis
2103 484 2212 516 aureis

1225 548 1433 588 simplicibus,
1446 548 1475 577 in
1490 546 1604 586 quibus
1621 555 1677 586 pro
1697 555 1795 575 censu
1811 545 2038 585 preteritorum
2054 551 2208 572 annorum

1225 607 1410 645 computato
1430 603 1575 645 presenti
1598 604 1709 633 vestra
1732 602 1821 632 nobis
1842 600 2055 631 communitas
2076 597 2212 629 teneba—

1227 664 1289 698 tur,
1305 671 1433 692 camere
1446 663 1556 691 nostre
1567 658 1761 690 satisfacere
1780 659 1921 698 integre,
1944 658 2055 687 vestro
2071 655 2211 691 nomine,

1227 720 1434 749 curaverunt.
1460 717 1492 746 ln
1514 716 1606 757 cujus
1633 715 1680 745 rei
1701 713 1933 749 testimonium,
1960 713 2128 752 presentes
2154 719 2211 740 vo-

1228 775 1275 805 bis
1303 774 1430 804 litteras
1464 772 1613 802 ‹luximus
1646 769 1869 801 destinandas.
1901 769 2015 798 Datum
2047 766 2212 804 Laterani,

1231 832 1260 862 X
1282 830 1438 861 kalendas
1457 828 1574 865 martii,
1593 837 1675 858 anno
1694 826 1803 857 tertio.
1828 838 1840 851 υ

1761 966 1876 995 Latran,
1895 962 2052 995 :31janv'1er
2071 963 2146 986 1257.

1306 971 1395 997 1741

1265 1060 1440 1088 Consulibus
1456 1062 1484 1085 et
1503 1058 1684 1085 universitati
1703 1057 1857 1083 hominum
1878 1055 1983 1081 Montis
2004 1053 2153 1080 Pessulaui
2172 1053 2217 1077 in-

1229 1110 1338 1144 dulget,
1355 1112 1386 1135 ut
1400 1108 1473 1134 nulli
1491 1115 1592 1133 eorum
1609 1108 1690 1131 extra
1707 1102 2036 1130 MontemPessulanum
2046 1101 2090 1126 vel
2102 1100 2216 1129 dioece-

1229 1159 1283 1185 sim
1294 1157 1539 1192 Magalonensem,
1550 1162 1638 1188 super
1651 1154 1715 1185 hiis,
1725 1161 1798 1187 quae
1814 1152 1890 1177 infra
1900 1151 1994 1185 ipsam
2007 1149 2127 1179 habent,
2143 1147 2217 1173 trahi

1229 1206 1342 1240 possint
1358 1205 1386 1230 in
1402 1211 1519 1230 causam
1542 1210 1592 1236 per
1613 1202 1724 1227 litteras
1742 1200 1824 1226 Sedis
1842 1197 2026 1232 Apostolicae
2040 1204 2090 1222 seu
2105 1195 2217 1229 legato-

1230 1261 1295 1280 rum
1310 1253 1409 1287 ipsius.
1426 1252 1505 1277 (aaa.
1521 1252 1563 1280 25,
1580 1258 1605 1276 a.
1624 1250 1671 1278 ΙΙΙ,
1689 1257 1712 1274 c.
1734 1247 1895 1277 147,f.19.i

1276 1362 1289 1375 «
1304 1344 1501 1378 Consulibus·
1517 1350 1546 1374 e!
1565 1339 1779 1373 universz'lati
1795 1337 1969 1369 hominum
1983 1334 2109 1367 Montis
2124 1335 2221 1365 pesa-

1231 1403 1314 1439 lani,
1332 1399 1585 1444 itlaqalonensis
1597 1396 1748 1429 diocesis.
1766 1397 1830 1427 Per
1843 1393 2024 1426 devotionis
2041 1392 2169 1423 sincere
2183 1400 2220 1421 ac

1230 1460 1302 1491 fidei
1324 1459 1431 1490 studia
1442 1456 1586 1488 dicimini
1600 1454 1769 1490 meruisse,
1785 1454 1818 1483 ut
1836 1450 1928 1482 Sedis
1945 1448 2132 1490 Apostolice
2145 1456 2220 1488 pro-

1230 1516 1373 1548 videntia
1390 1524 1447 1545 vos
1468 1512 1601 1555 speciali
1619 1513 1833 1552 prosequatur
1848 1507 1954 1549 gratia
1974 1509 2007 1536 et
2029 1505 2154 1541 favore,
2171 1512 2225 1543 pe-

1230 1572 1398 1605 titionibus
1416 1570 1549 1606 vestris,
1563 1570 1714 1609 quantum
1737 1575 1809 1597 cum
1829 1564 1896 1595 Deo
1917 1563 2037 1604 potest,
2059 1558 2224 1601 oportunis

1230 1628 1429 1671 temporibus
1456 1626 1552 1657 facile
1578 1623 1760 1655 annuendo.
1788 1621 1869 1652 Hinc
1890 1623 1941 1651 est
1966 1617 2048 1659 quod
2072 1626 2129 1647 nos
2150 1626 2225 1646 ves-

1232 1688 1291 1720 tris
1317 1685 1445 1718 devotis
1468 1682 1618 1724 precibus
1644 1680 1818 1720 benignum
1839 1675 2089 1708 accomodantes
2110 1682 2207 1704 asseu

1232 1754 1313 1781 sum,
1336 1747 1371 1773 ut
1390 1752 1447 1772 vos
1477 1750 1532 1770 seu
1562 1737 1659 1777 aliqui
1679 1736 1719 1767 de
1742 1734 1955 1766 universitate
1981 1732 2104 1768 vestra,
2127 1732 2222 1760 extra

1232 1802 1374 1833 Montem
1404 1796 1601 1828 Pesulanum
1624 1793 1675 1824 vel
1695 1791 1850 1823 diocesim
1869 1788 2146 1830 Magalonensem,
2171 1795 2224 1816 su-

1231 1868 1288 1899 per
1308 1856 1382 1893 hiis,
1398 1863 1459 1895 que
1475 1853 1559 1883 infra
1580 1852 1682 1892 ipsam
1700 1847 1840 1884 habetis,
1855 1845 1939 1876 trahi
1959 1854 2020 1875 non
2040 1842 2171 1885 possitis
2192 1841 2222 1871 in

1231 1923 1362 1946 causam
1384 1922 1440 1953 per
1460 1910 1588 1940 litteras
1603 1906 1695 1938 sedis
1714 1903 1900 1946 Apostolice
1914 1902 1967 1932 vel
1976 1902 2158 1941 legatorum
2175 1899 2222 1939 ip-

1232 2028 1270 2058 de
1284 2024 1488 2065 indulgentia
1502 2019 1685 2062 hujusmodi
1706 2018 1902 2049 mentionem
1918 2014 2069 2051 fecerint,
2084 2012 2174 2043 vobis
2189 2012 2222 2041 et

1234 2083 1372 2124 singulis
1392 2082 1538 2112 vestrum
1564 2076 1762 2108 auctoritate
1785 2072 1985 2114 presentium
2002 2069 2221 2110 indulgemus.

1236 2139 1320 2172 Nulli
1336 2137 1429 2180 [etei
1454 2141 1563 2166 nostre
1584 2130 1805 2163 concessionis
1827 2130 1890 2159 etc..
1919 2125 2131 2158 Presentibus
2154 2125 2225 2165 post

1207 2191 1208 2194 Ἰ
1235 2195 1406 2228 triennium
1430 2193 1557 2225 minime
1582 2190 1741 2221 valituris.
1773 2188 1887 2219 Datum
1917 2183 2081 2217 Laterani,
2106 2182 2131 2212 II
2163 2181 2221 2211 ka-

1235 2252 1348 2285 lendas
1362 2250 1529 2285 februarii,
1553 2257 1635 2278 anno
1654 2246 1764 2278 tertio.
1788 2258 1801 2271 »

1333 2386 1427 2413 17⁴2
1775 2381 1889 2410 Latran,
1906 2379 1937 2404 27
1955 2377 2060 2402 l'evrier
2078 2377 2153 2401 1257.

1274 2475 1414 2508 Episcopo
1452 2470 1625 2498 'trecorensi
1654 2468 1797 2503 indulget,
1813 2470 1845 2493 ut
1868 2474 1917 2500 per
1936 2464 2119 2499 Apostolicae
2145 2462 2229 2489 Sedis

1239 2523 1281 2549 vel
1298 2522 1460 2556 legatorum
1477 2520 1569 2554 ipsius
1586 2519 1707 2549 litteras,
1726 2516 1803 2542 ultra
1818 2522 1908 2541 unam
1922 2513 2031 2539 dietam
2053 2514 2135 2537 extra
2158 2510 2228 2535 Tre-

1239 2577 1392 2597 corensem
1408 2568 1580 2598 dioecesim,
1598 2564 1793 2599 adjudicium
1808 2564 1936 2596 nequeat
1951 2559 2073 2586 evocari.
2090 2559 2168 2591 (uzu.
2186 2559 2230 2588 25,

1239 2627 1263 2645 a.
1284 2618 1371 2647 ΙΙΙ,ο.
1391 2616 1487 2644 148,1·.
1509 2617 1560 2641 19.)

1285 2722 1298 2733 «ι
1326 2707 1365 2737 H.
1383 2704 1535 2748 episcopo
1550 2700 1749 2734 Trecm—ensi.
1764 2701 1828 2730 Tue
1848 2701 2023 2738 querentes
2039 2696 2127 2737 pacis
2141 2705 2228 2726 com—

198 2798 251 2824 ωε
271 2798 367 2825 obolis
393 2800 490 2825 aureis
519 2798 706 2833 simplicibus
731 2808 747 2825 a
784 2800 853 2826 {ich
877 2800 1094 2826 communitate
1121 2799 1186 2826 Sed*
1213 2771 1214 2775 ¹
1241 2764 1367 2795 modum
1381 2765 1414 2793 et
1432 2761 1562 2802 quietis,
1579 2758 1717 2790 libenter
1728 2767 1766 2787 ea
1782 2756 1838 2787 tibi
1852 2754 2141 2793 concediums,pe1·
2155 2761 2228 2791 que,

477 2820 481 2825 .
632 2820 635 2823 Δ
776 2811 785 2825 t
837 2809 842 2825 z
1049 2808 1054 2813 ,
1181 2806 1214 2825 ¹,

1241 2820 1379 2852 materia
1404 2818 1550 2849 submota
1572 2814 1782 2855 gravaminis,
1809 2814 1916 2843 status
1936 2811 1981 2842 tui
2011 2807 2229 2849 tranquillitas

1241 2877 1442 2919 procuretur.
1461 2874 1542 2905 Hinc
1563 2874 1615 2903 est
1629 2867 1959 2910 quod,tuisprecibus
1978 2865 2134 2901 inclinati,
2154 2873 2229 2894 auc-

1242 2934 1375 2966 toritate
1393 2931 1450 2963 tibi
1470 2929 1668 2972 presentium
1685 2925 1901 2967 indulgemus,
1918 2926 1952 2954 ut
1971 2933 2029 2964 per
2042 2920 2230 2963 Apostolice

1244 2990 1334 3022 Sedis
1346 2988 1585 3029 vellegatorum
1605 2985 1704 3026 ipsius
1718 2984 1848 3014 litteras
1865 2982 2066 3022 impetratas,
2084 2987 2140 3019 per
2153 2987 2232 3017 quas
