2477 3512
944 293 1174 331 TROISIEME
1198 294 1343 332 ANNEE

1140 368 1142 391 1
1167 371 1247 401 gerat
1270 368 1432 402 prudenter
1456 376 1554 394 cui-ain
1573 369 1644 401 ejus.

132 371 270 402 ecclesie
290 371 436 401 canonici
466 379 600 401 vacasse
632 369 821 405 dinoscitur,
855 368 908 398 tibi
944 369 974 399 111
1002 368 1113 399 eadem

132 427 275 458 ecclesia
294 430 440 468 recepto,
472 427 521 457 cui
555 436 598 457 ex
627 426 749 456 statuto
781 426 891 455 nostro
915 424 955 456 de
983 434 1115 455 revoca—
1140 448 1141 452 ,

133 483 220 514 tione
245 483 467 524 receptionum
486 482 516 512 in
536 482 605 522 ipsa
625 480 765 512 ecclesia
792 482 963 511 reservato
984 480 1023 511 de
1041 480 1115 521 jure

133 538 322 571 debebatur.
346 539 500 570 canonice
538 537 657 568 collata
684 537 793 574 fuerit,
818 538 850 567 et
888 547 958 567 eam
998 536 1115 567 diutius

132 594 265 637 pacifice
290 594 478 636 possederis
498 598 529 625 et
557 594 676 633 quiete,
700 603 770 631 nos,
788 593 851 624 tuis
873 592 1116 634 supplicationi-

133 651 190 682 bus
206 651 361 688 inclinati,
386 650 580 681 auctoritate
607 649 663 680 tibi
677 649 874 690 presentium
897 649 1113 690 indulgemus,

133 710 166 738 ut
180 718 237 749 per
257 707 383 738 litteras
404 716 501 746 super
521 705 781 736 restitutionibus
803 705 979 745 aliquorum
1000 704 1115 735 ibidem

132 765 333 804 receptorum
354 762 453 803 adjus
465 761 545 801 quod
563 761 868 800 habebantinibi,et
884 762 935 802 qui
956 771 1011 802 per
1024 770 1116 791 cons-

131 820 316 851 titutionem
355 819 498 848 nostram
540 828 636 857 super
672 819 856 849 cassatione
897 817 1115 858 receptionum

132 876 248 907 editam
271 874 391 904 cassati
405 874 546 911 fuerant,
577 877 649 914 post
675 874 881 905 collationem
913 874 952 904 de
989 873 1142 914 prefata*
1250 909 1254 913 η
1315 909 1319 913 .
1405 909 1410 913 ,
1824 909 1828 913 ,

1140 922 1142 927 ’
1167 918 1295 949 pensius
1312 909 1472 949 invigilat,
1491 910 1526 939 ut
1546 919 1603 950 per
1625 909 1724 939 bonos
1745 910 1778 939 et
1800 908 1914 949 dignos
1932 908 2152 949 gubernentur

131 929 292 972 prebenda
314 929 369 960 tibi
391 930 510 960 factam
533 929 683 960 obtentas
709 942 724 959 a
752 930 842 960 nobis
867 940 927 960 non
958 929 1116 960 facientes

131 987 169 1018 de
190 985 360 1016 collatione
381 988 413 1016 et
433 986 641 1026 possessione
657 985 814 1026 predictis
828 986 1004 1027 plenariam
1026 996 1116 1016 men-
1140 1002 1142 1010 ,

130 1042 248 1072 tionem
272 1041 390 1072 nullum
414 1041 469 1072 tibi
491 1042 593 1083 possit
620 1042 830 1083 prejudicium
851 1043 1015 1083 generari,
1039 1052 1116 1083 quo-

125 1099 233 1130 minus
259 1098 395 1129 eandem
427 1098 622 1139 prebendam
657 1099 742 1130 licite
775 1099 857 1129 sicut
884 1100 970 1140 prius
1003 1102 1115 1129 tenere

130 1154 240 1186 valeas
257 1157 289 1185 et
310 1155 441 1193 habere,
460 1165 520 1185 non
552 1155 754 1186 obstantibus
771 1155 976 1196 processibus
997 1155 1114 1186 habitis

129 1212 163 1242 et
187 1210 356 1245 habendis,
383 1211 432 1251 qui
454 1211 640 1242 redundant
662 1212 692 1242 in
721 1215 808 1242 tuum
838 1212 1049 1253 prejudicium
1082 1213 1111 1242 et
1139 1225 1142 1244 1,

129 1277 304 1308 gravamen
327 1278 384 1309 per
404 1268 531 1298 litteras
561 1268 774 1309 supradictas.
803 1269 1009 1299 Uecernimus
1030 1269 1112 1299 enim
1138 1303 1139 1306 Ἰ

129 1324 254 1354 irritum
273 1326 305 1355 et
332 1325 427 1355 inane
453 1324 601 1364 quicquid
629 1335 728 1366 super
756 1325 826 1365 ipsa
851 1324 1014 1366 prebenda
1043 1326 1114 1365 post
1138 1348 1139 1352 ,

130 1380 335 1412 collationem
355 1380 489 1412 eandem
518 1382 747 1422 attemptatum
773 1381 881 1412 extitit
921 1392 978 1422 per
1002 1391 1112 1421 quem-

129 1447 275 1477 cumque.
293 1437 376 1468 Nulli
400 1437 491 1479 etc]
505 1444 616 1468 nostre
631 1438 850 1469 concessionis
865 1440 896 1468 et
909 1439 1113 1469 constitutio-

129 1493 177 1524 nis
188 1494 372 1524 ethatum
394 1493 544 1526 Viterbii.
562 1494 604 1524 111
626 1494 690 1525 kal.
714 1495 856 1535 augusti,
874 1504 956 1525 anno
976 1495 1083 1525 tertio.
1097 1509 1110 1523 ι)

200 1643 300 1670 2166
661 1645 785 1673 vnerbe,
806 1644 1039 1678 30Jui11et1257.

164 1731 333 1765 Praeposito
362 1732 503 1758 ecclesiae
534 1733 686 1766 Papiensis
707 1736 734 1759 et
755 1733 895 1767 magistro
922 1734 1048 1759 Jolianni
1077 1734 1112 1760 de
1138 1737 1139 1742 ¹

126 1779 255 1813 Stampio
271 1779 414 1805 canonico
429 1780 568 1806 Meldcnsi
584 1780 714 1812 mandat,
730 1783 877 1814 quatenus
891 1781 1001 1807 dictum
1011 1781 1113 1808 Raine-
1138 1795 1139 1800 =

127 1826 204 1852 rium
215 1826 306 1860 ipsius
322 1827 506 1860 praebendae
517 1828 637 1860 pacitica
649 1828 835 1861 possessione
850 1828 977 1862 gaudere
995 1828 1111 1854 faciant.

129 1875 207 1900 (Rae.
223 1875 266 1904 233,
279 1882 304 1900 a.
328 1874 375 1905 111,
393 1882 416 1900 c.
436 1875 510 1906 5782,
527 1874 544 1900 f.
567 1877 622 1901 72&

174 1974 187 1989 ⁰
212 1987 231 1992 ·’
257 1968 427 2005 7³²⁷el⁷⁰⁸u⁰
448 1962 580 1994 ‘'celem‘'
602 1964 779 2006 P‘lpw'ffiw
801 1965 950 1996 pa''l⁸²²l‘⁹
971 1976 1113 1997 wmmo'
1165 1982 1307 2020 eosdem,
1332 1986 1364 2012 ut
1402 1981 1649 2022 postulationem
1686 1980 1869 2022 hujusmodi
1908 1979 2081 2011 admittere
2111 1980 2149 2011 de

1139 2054 1140 2057 =
1166 2037 1301 2079 speciali
1322 2038 1427 2079 gratia
1448 2047 1646 2068 curaremus.
1669 2037 1732 2067 Nos
1746 2037 1856 2077 igitur,
1880 2036 2026 2077 ejusdem
2043 2038 2150 2077 postu-

128 2017 221 2049 rami
256 2024 287 2049 et
319 2018 479 2061 maqistro
510 2019 660 2050 Jolzazmz‘
698 2019 737 2051 a'e
768 2020 921 2064 Stampio
953 2021 1113 2053 canonico

128 2073 302 2106 Meldensi.
325 2075 538 2116 Exigentibus
559 2076 671 2107 dilecti
693 2076 747 2107 filii
770 2078 925 2108 Rainerii.
940 2096 981 2100 -—
1000 2079 1113 2109 Datum

128 2132 161 2161 ut
180 2141 288 2172 supra.
310 2145 324 2159 »

200 2270 301 2297 2167
693 2273 704 2295 Χ
716 2272 817 2304 iterbe,
836 2275 865 2298 10
882 2274 951 2298 aaut
965 2275 1041 2298 1257.

157 2358 297 2385 ,iacobum
319 2360 496 2386 canonicum
522 2361 751 2389 Bononiensem„
771 2362 876 2388 intuitu
897 2362 1070 2397 O[ctaviani]
1086 2364 1110 2388 S.

126 2407 231 2432 Mariae
254 2407 282 2432 in
301 2406 350 2432 Via
366 2408 434 2433 Lata
452 2407 566 2434 diaconi
586 2408 755 2441 cardinalis,
773 2409 801 2435 in
823 2418 909 2436 suum
925 2410 1111 2444 capellanum
1138 2414 1139 2417 ’

126 2454 262 2479 admittit„
280 2455 357 2481 tuma.
376 2456 417 2483 2Ξ)
436 2463 460 2481 a.
478 2456 523 2485 111,
541 2464 565 2481 c.
584 2458 644 2485 575¹.
661 2456 680 2482 f.
702 2459 755 2483 72¹¹.

172 2558 184 2570 0
208 2546 332 2575 lambo
359 2551 438 2577 nato
459 2546 580 2578 nobilis
608 2547 670 2579 viri
699 2548 880 2580 C'allzczlrtaeti
901 2549 980 2581 civis
1004 2552 1111 2582 Bono-

125 2599 265 2639 niensis,
287 2601 448 2633 canonico
472 2603 683 2635 Bononiensi.
703 2606 830 2637 Meritis
851 2608 904 2638 tue
925 2607 1108 2648 probitatis.

123 2675 163 2680 —-
185 2657 256 2688 Dat.
295 2658 442 2693 viterbii,
471 2660 529 2690 1111
552 2660 622 2690 idus
641 2663 782 2702 augusti,
806 2673 889 2693 anno
904 2665 1010 2694 tertio.
1032 2678 1046 2690 „

195 2803 295 2830 216⁸

687 2810 812 2842 Viterbe,
831 2813 859 2836 19
875 2812 944 2837 aout
961 2813 1036 2837 12:57.

125 2943 186 2966 111111
207 2942 237 2968 in
254 2944 419 2977 praesulem
437 2946 472 2971 ad
491 2947 664 2981 Bergensem
688 2948 844 2975 ecclesiam
862 2949 1004 2976 transfert
1022 2951 1108 2984 eique

125 2989 251 3019 mandat,
269 2994 300 3016 ut
322 2991 356 3017 ad
378 2992 454 3019 illam
477 2993 587 3027 absque
604 2995 760 3029 dispendio
786 2996 931 3023 tarditatis
951 2998 1106 3028 accedens,

1140 2102 1141 2126 1
1166 2095 1294 2125 lationis
1320 2094 1467 2125 discusso
1506 2104 1675 2135 processu,

2089 302 2154 333 663

1684 369 1748 394 Rae.
1769 370 1813 395 25.
1838 376 1863 393 a.
1883 368 1929 397 111,
1951 376 1974 393 r.
1993 369 2053 397 580,
2069 367 2087 393 f,
2105 370 2151 399 73;

1167 415 1306 441 ΡοττιιΑςτ
1325 415 1429 447 169901)

1213 528 1225 542 11
1246 516 1341 545 Petro
1356 514 1513 556 Bet-qensz'
1526 514 1691 557 episcopo.
1718 517 1819 547 Recte
1840 519 1913 546 tunc
1940 516 2151 547 ecclesiarum

1168 571 1299 601 utilitati
1318 572 1512 612 prospicitur
1529 574 1562 602 et
1585 571 1808 612 indempnitati
1835 572 2008 603 salubriter
2033 581 2148 613 preca—

1168 628 1271 659 vetnr.
1296 638 1364 657 1·11111
1385 627 1534 658 discretis
1553 630 1586 657 et
1603 627 1744 668 providis
1762 638 1871 658 earnm
1887 638 1963 658 cura
1979 627 2151 659 committi-

1167 684 1230 719 tur,
1240 684 1272 712 et
1284 683 1488 714 viduatarum
1500 683 1649 723 regimini
1662 686 1810 724 pastores
1823 684 1827 703 ¹
1838 684 1955 724 ydonei
1967 693 2150 724 proponun-

1167 740 1229 769 tur.
1261 740 1352 771 Unde
1386 740 1548 771 Roinanus
1577 740 1736 781 pontifex,
1772 741 1833 777 cui,
1870 750 1910 771 ex
1948 740 2147 781 apostolatus

1140 822 1142 826 1
1167 795 1285 832 officio,
1306 796 1452 826 imminet
1470 796 1508 827 de
1530 796 1691 826 universis
1719 796 1867 826 ecclesiis
1897 796 2034 827 sollicite
2064 796 2151 836 cogi-

1167 854 1249 887 tare,
1269 852 1326 883 hoc
1347 853 1484 883 maxime
1505 853 1593 883 circa
1622 853 1709 893 ipsas
1734 852 1874 883 attendit
1903 852 1993 883 etad
2024 852 2054 882 id
2080 862 2151 893 pro-

1168 967 1324 1000 rectores,
1347 975 1405 1006 per
1420 965 1519 995 duces
1540 966 1728 1006 perspicuos
1748 965 1779 995 in
1805 965 1871 995 suis
1892 965 2046 1005 gregibus
2076 965 2152 995 diri-

1167 1024 1296 1059 gantur,
1316 1032 1374 1062 per
1395 1032 1506 1052 sacros
1533 1024 1566 1052 et
1585 1021 1730 1052 eruditos
1756 1022 1920 1052 ministros
1945 1022 1975 1051 in
2002 1022 2152 1062 spiritua-

1140 1088 1141 1096 *
1167 1078 1249 1108 libus
1261 1078 1407 1118 fulgeant
1423 1080 1456 1108 et
1470 1088 1527 1118 per
1541 1078 1783 1118 dispensatores
1797 1078 1975 1118 prudentes
1988 1079 2151 1117 tempora-

1165 1134 1240 1164 lium
1282 1134 1446 1175 proficiant
1481 1135 1703 1173 incrementis,
1736 1134 1808 1174 «luia
1836 1135 1939 1171 navis,
1963 1144 2022 1173 que
2048 1134 2151 1174 perito

1165 1191 1290 1231 remige
1329 1191 1466 1227 ducitur,
1494 1191 1611 1231 liquida
1642 1192 1731 1221 recte
1770 1191 1933 1231 percurrit
1968 1190 2084 1231 spatia,
2120 1193 2151 1221 et

1164 1247 1276 1278 <lomus
1307 1247 1457 1278 ubertate
1488 1257 1596 1278 rernm
1617 1247 1793 1285 excrescit,
1828 1257 1887 1287 que
1917 1246 2152 1287 patrefamilias

1164 1304 1290 1345 regitur
1309 1304 1466 1341 studioso,
1487 1314 1524 1335 ac
1543 1305 1648 1341 vinea,
1672 1314 1766 1344 quam
1776 1303 1915 1343 diligens
1932 1304 2038 1334 cultor
2058 1306 2151 1333 curat

1164 1361 1195 1390 in
1226 1361 1334 1391 botros
1373 1360 1531 1391 exuberat
1561 1360 1744 1401 opulentos,
1769 1363 1802 1391 et
1835 1370 1915 1401 ager
1942 1361 1973 1390 in
2003 1361 2151 1401 segetem

1137 1431 1138 1451 1
1165 1418 1334 1447 fecundam
1354 1417 1540 1454 fructificat,
1557 1427 1651 1457 quem
1670 1417 1816 1457 agricola
1829 1417 1928 1447 bonus
1943 1417 2032 1447 colit.
2053 1416 2149 1454 Sane,

1164 1474 1324 1515 Bergensi
1341 1474 1480 1504 ecclesia
1493 1474 1632 1514 pastoris
1654 1473 1768 1504 solatio
1783 1473 1953 1511 destituta,
1975 1473 2150 1514 capitulum

1163 1530 1273 1570 ipsiuS,
1296 1530 1420 1561 vocatis
1458 1529 1603 1561 omnibus
1634 1531 1685 1570 qui
1711 1529 1894 1567 voluerunt,
1918 1529 2098 1560 debuerunt
2119 1532 2151 1559 et

1164 1588 1337 1627 potuerunt
1356 1586 1489 1618 comode
1503 1587 1676 1623 interesse,
1689 1586 1739 1617 die
1761 1586 1799 1616 ad
1816 1586 2000 1627 eligendum
2013 1585 2148 1627 prefixa,

1163 1644 1396 1674 convenientes
1416 1644 1446 1673 in
1470 1653 1576 1680 unum,
1589 1646 1622 1673 et
1634 1642 1772 1684 Spiritus
1789 1642 1900 1673 Sancti
1922 1643 2040 1683 gratia,
2056 1644 2150 1682 prout

1164 1700 1260 1730 moris
1281 1702 1344 1737 est,
1366 1700 1528 1737 invocata,
1561 1702 1591 1730 tc
1614 1701 1688 1730 111111·
1716 1699 1890 1729 Farensem
1913 1699 2097 1739 episcopum
2119 1699 2150 1729 in

1164 1767 1273 1787 eorum
1293 1756 1454 1797 presulem
1471 1756 1688 1797 postularunt,
1708 1755 1843 1786 dilectos
1864 1754 2148 1795 filios'magistros

1163 1814 1356 1852 Johannem,
1387 1813 1508 1843 dictum
1535 1812 1718 1853 Anglicum,
1742 1815 1773 1842 et
1801 1812 1978 1842 Joliannem
2012 1812 2149 1842 Franco-

1165 1879 1236 1900 nem
1258 1871 1289 1899 et
1309 1869 1462 1900 Thomam
1477 1878 1587 1899 eorum
1598 1868 1832 1898 concanonicos
1849 1867 1888 1897 ad
1910 1867 2025 1898 Sedem
2048 1868 2151 1908 Apos—

1166 1926 1292 1957 tolicani
1332 1925 1606 1963 transmittentes,
1638 1935 1674 1954 ac
1719 1926 1867 1965 petentes
1900 1924 2065 1955 humiliter
2093 1934 2150 1964 per

1720 2093 1791 2133 quia
1829 2093 1930 2133 ipsam
1972 2092 2150 2123 invenimus

1167 2152 1268 2182 minus
1287 2152 1441 2182 canonice
1455 2151 1664 2189 celebratam,
1678 2150 1763 2180 illam
1797 2150 1836 2179 de
1862 2150 1999 2179 fratrum
2020 2150 2150 2179 nostro—

1165 2217 1233 2237 rum
1253 2208 1399 2242 consilio,
1422 2207 1577 2248 exigente
1596 2206 1735 2247 justitia,
1759 2216 1820 2236 11011
1845 2205 1996 2235 <luximus
2031 2204 2149 2235 admit-

1166 2264 1306 2295 tendam.
1327 2265 1446 2295 Verum
1466 2263 1679 2304 postmodum,
1699 2262 1906 2293 considerato
1917 2260 2150 2301 attente,quod

1164 2331 1222 2361 per
1240 2322 1327 2351 tuam
1343 2320 1670 2361 circumspectionem
1687 2318 1850 2360 providam
1863 2320 1896 2349 et
1914 2317 2148 2358 providentiam

1163 2377 1431 2418 circumspectam
1465 2376 1578 2407 eadem
1615 2376 1757 2407 ecclesia
1781 2374 1995 2405 laudabilibus
2028 2376 2093 2404 tam
2120 2373 2149 2403 in

1163 2433 1380 2474 spiritualibus
1400 2443 1495 2473 quam
1508 2432 1753 2473 temporalibus,
1773 2432 1905 2462 auctore
1923 2430 2066 2466 Domino,
2081 2440 2153 2471 pro-

1162 2490 1260 2520 ficere
1277 2490 1397 2530 poterit
1411 2489 1633 2525 incrementis,
1649 2499 1705 2519 nos
1721 2487 1867 2518 volentes
1877 2486 1981 2517 eidem
1996 2486 2148 2522 ecclesie,

1163 2557 1202 2577 ne
1240 2546 1374 2587 dampna
1409 2555 1450 2576 ex
1482 2546 1580 2587 longa
1610 2545 1779 2575 vacatione
1819 2543 1943 2573 subiret
1974 2541 2152 2572 salubriter

1163 2602 1346 2643 providere,
1368 2602 1407 2633 de
1427 2603 1569 2643 ipsorum
1591 2602 1727 2632 fratrum
1757 2599 1890 2630 consilio
1918 2604 1947 2629 et
1971 2597 2150 2638 apostolice

1161 2658 1360 2699 plenitudine
1376 2658 1560 2699 potestatis,
1585 2660 1616 2688 te
1638 2656 1785 2698 predicte
1807 2655 1946 2686 ecclesie
1974 2655 2004 2684 in
2027 2654 2151 2695 episco-

1161 2725 1232 2756 pum
1252 2714 1445 2756 prefecimus
1462 2716 1496 2745 et
1511 2715 1689 2756 pastorem,
1704 2712 1912 2743 absolventes
1927 2714 1957 2742 te
1971 2722 1989 2741 a
2008 2710 2148 2747 vinculo,

1160 2782 1221 2811 quo
1238 2771 1371 2802 Farensi
1391 2771 1532 2802 ecclesie
1551 2770 1729 2805 tenebaris,
1752 2771 1784 2799 et
1800 2768 1839 2799 ad
1860 2768 1978 2799 dictam
2001 2767 2149 2806 Bergen-

1161 2838 1227 2859 sein
1260 2827 1432 2858 ecclesiam
1469 2827 1718 2863 transferentes,
1754 2825 1808 2856 tibi
1842 2824 1880 2855 ad
1920 2824 2004 2854 illam
2048 2822 2147 2853 libere

160 2894 276 2921 Petrum
290 2896 444 2923 farensem
458 2898 627 2933 episcopum
645 2908 660 2925 a
677 2901 805 2934 capitulo
825 2902 960 2936 Bmgensj
979 2903 1107 2937 postula·
1133 2887 1134 2924 ξ
1160 2883 1348 2915 transeundi
1364 2883 1527 2915 licentiam
1549 2882 1770 2921 concedendo,
1787 2882 1879 2912 firma
1892 2890 1947 2921 spe
1967 2879 2148 2919 fiduciaque

1191 3001 1210 3023 1.
1232 3000 1277 3022 Ms.
1293 3008 1299 3023 :
1317 3001 1438 3029 pastoris.
