2477 3512
324 258 387 288 57⁸

324 324 488 356 domorum
531 323 689 364 prioribus
725 323 922 364 regulariter
968 322 1208 363 gubernandas
1245 322 1310 353 Nos

324 381 428 420 itaque
447 379 705 416 considerantes,
720 379 802 419 quod
823 378 960 420 predicti
983 379 1102 409 tratres
1124 378 1164 409 ab
1179 378 1254 410 olim
1274 380 1308 410 te

324 437 352 466 in
386 442 510 476 patrem
538 445 647 466 eorum
678 435 857 466 benivolum
882 435 1075 472 habuerunt,
1099 436 1197 475 tuque
1219 434 1307 475 ipsos

321 492 524 532 amplexatus
545 492 634 522 suisti
656 492 783 522 sincera
799 492 829 522 in
848 492 980 522 Domino
991 491 1143 529 caritate,
1159 490 1306 532 quodque

323 548 441 578 fratres
461 554 494 578 et
513 547 591 578 ordo
612 547 750 588 predicti
764 548 821 578 sub
844 555 894 578 tua
916 548 1120 588 protectione
1141 550 1303 588 poterunt,

323 604 387 635 Deo
409 604 560 645 propitiO,
584 603 738 635 salutaria
760 604 926 645 suscipere
947 604 1158 640 incrementa,
1180 614 1303 641 curam,

321 660 561 701 dispositionem
590 662 622 691 ct
656 660 923 701 gubernationem
952 660 1098 701 ejusdem
1121 660 1242 691 ordinis
1259 661 1305 691 sic
1332 690 1334 697 ,

322 717 399 747 uuiti
421 728 457 747 ac
481 717 619 757 priorum
641 720 706 748 tam
722 717 886 758 generalis
907 728 1001 758 quam
1014 716 1257 758 provincialium
1274 720 1306 747 et
1332 713 1334 737 l

320 772 467 805 aliorum,
485 779 513 803 et
540 772 674 803 fratrum
708 774 846 803 omnium
880 773 979 814 ipsius
999 772 1121 804 ordinis
1135 772 1191 803 tibi
1210 773 1306 813 plene

320 829 561 866 commitliimis,
585 829 628 860 ita
661 830 741 870 quod
768 829 853 859 illam
881 830 1009 860 omnino
1029 829 1305 870 jurisdictitmem,
1333 839 1334 858 3

321 884 471 925 illamque
496 890 702 926 potestatem,
726 893 757 916 et
784 886 1011 917 auctoritatem
1028 886 1058 916 in
1079 885 1198 916 eisdem
1221 885 1306 926 prio-

320 941 407 972 ribus
428 944 572 981 generali
595 945 627 973 et
648 942 896 983 provincialibus
911 947 943 974 et
955 942 1191 974 aliisl'ratribus
1206 942 1306 983 ipsius

319 997 495 1031 ordinis.et
516 999 544 1029 in
567 998 677 1029 eodem
692 998 803 1029 ordine
824 998 946 1029 habeas
959 1005 991 1029 et
1012 1008 1173 1029 exerceas
1190 997 1304 1034 libere,

319 1065 396 1094 quas
419 1055 562 1085 Romane
584 1054 728 1085 E‹-1·lesie
741 1054 927 1087 cardinalis.
950 1055 1000 1095 qui
1022 1060 1133 1095 preest
1147 1064 1203 1094 pro
1223 1058 1305 1083 tem·

316 1120 393 1151 pore
407 1110 509 1141 ordini
527 1111 660 1141 fratrum
676 1111 846 1145 Minormn,
863 1111 893 1140 in
910 1110 1055 1151 generali
1072 1113 1103 1140 et
1117 1109 1302 1150 provincia-

314 1166 394 1197 libus
427 1167 582 1197 ministri>
614 1167 712 1208 ipsius
733 1167 853 1197 ordinis
878 1167 1047 1203 Minoruin,
1072 1176 1108 1196 ac
1140 1165 1301 1196 universis

314 1222 468 1253 fratribus
482 1223 669 1261 Minoribus,
685 1224 816 1264 ipsoque
847 1222 959 1253 ordine
997 1222 1176 1252 dinoscitur
1213 1220 1297 1252 obti-

314 1289 403 1309 nere.
428 1279 629 1320 Precipinius
653 1290 777 1320 quoque
807 1279 962 1320 predictis
990 1278 1150 1319 prioribus
1171 1280 1205 1308 et
1230 1278 1296 1308 fra·
1325 1312 1326 1321 ἵ

313 1334 414 1365 tribus
438 1335 515 1365 dicti
529 1335 651 1366 ordinis
674 1336 927 1371 Heremitarum,
957 1334 1039 1376 quod
1067 1335 1122 1365 tibi
1145 1334 1298 1365 obediant

311 1391 342 1421 in
363 1392 508 1421 omnibus
533 1395 562 1422 ot
587 1402 644 1433 per
668 1393 773 1423 onmia
801 1393 884 1423 sicut
916 1391 1081 1431 generalis
1107 1394 1140 1421 et
1171 1390 1298 1432 provin-

311 1447 410 1478 ciales
435 1449 571 1479 ministri
586 1449 684 1490 ipsius
705 1448 824 1479 ordinis
845 1449 1015 1484 Minorum,
1039 1459 1075 1478 ac
1097 1448 1219 1478 fratres
1239 1447 1296 1478 Mi-

311 1515 406 1535 nores
427 1504 573 1545 predicto
599 1505 755 1536 cardinali
779 1505 909 1536 obedire
926 1506 1090 1543 tenentur,
1116 1514 1198 1542 cum,
1222 1506 1291 1545 post

310 1560 486 1591 Romanum
516 1562 711 1603 pontificem,
735 1562 1008 1602 jurisdictionem,
1032 1562 1229 1603 potestatem
1262 1561 1295 1591 et

308 1618 538 1649 auctoritatem
571 1619 599 1649 in
637 1619 685 1649 eis
713 1618 835 1650 habeas
867 1619 1034 1660 potiorem.
1071 1618 1156 1649 Nulli
1197 1617 1292 1659 lete]

309 1676 417 1705 nostre
438 1675 672 1705 commissionis
700 1681 731 1706 et
770 1676 916 1716 precepti
947 1678 1011 1706 etc.
1045 1676 1158 1706 Datum
1198 1674 1292 1705 Late-

308 1730 388 1767 rani,
414 1731 470 1761 llll
492 1731 646 1762 kalendas
667 1731 791 1772 aprilis,
814 1742 896 1762 anno
912 1732 1021 1762 tertio.
1053 1747 1066 1757 ’ν

383 1902 477 1929 1875
867 1904 982 1934 Lati-an,
998 1904 1030 1928 28
1045 1911 1122 1928 mars
1142 1904 1219 1928 1257.

341 2001 747 2035 Rectorietclericiscapellae
759 2002 786 2027 S.
803 2001 924 2027 Mattiaci
939 2001 974 2028 ad
984 2002 1160 2028 Banclietam
1181 2001 1290 2027 Medio-

303 2047 434 2074 lanensis
449 2048 592 2082 indulget,
608 2052 638 2074 ut
654 2052 784 2082 tempore
802 2049 949 2083 generalis
963 2049 1112 2076 interdicti
1130 2049 1244 2084 possint
1262 2049 1290 2075 in

304 2095 381 2122 dieta
396 2095 507 2130 capella
532 2096 628 2122 divina
639 2096 735 2122 officia
751 2095 909 2123 celebrare.
928 2097 1006 2126 (lh-xc.
1023 2099 1065 2128 25,
1082 2105 1107 2125 a.
1128 2097 1134 2108 ⁵
1146 2096 1153 2108 ¹
1229 2099 1291 2126 266.

304 2143 322 2169 f.
341 2146 395 2174 36.)

348 2274 361 2285 u
388 2257 540 2290 ..rectori
550 2264 580 2289 et
590 2258 717 2289 clericis
730 2258 857 2301 capelle
866 2258 985 2290 Sancti
998 2259 1128 2291 Mathei
1145 2259 1192 2291 aa(
1203 2261 1289 2291 Ban-

302 2314 432 2347 clzetam
455 2314 731 2346 iumlzssolanensis.
755 2316 874 2346 Petitio
900 2319 1010 2347 vestra
1034 2316 1122 2347 uobis
1141 2317 1288 2348 exhibita

301 2372 500 2409 continebat,
523 2371 605 2412 quod
634 2371 707 2401 olim
727 2373 952 2413 progenitores
968 2372 1120 2403 nobilium
1146 2374 1288 2404 virorum

301 2428 466 2465 Guidonis,
489 2427 599 2459 Jacobi
621 2432 653 2457 et
672 2428 831 2459 Manfredi
851 2428 890 2459 de
910 2429 1076 2469 Fagniano
1096 2440 1134 2461 ac
1154 2430 1287 2461 aliormn

300 2488 505 2525 patronorum
531 2484 658 2525 capelle
688 2484 798 2515 Sancti
814 2485 938 2515 Matliei
964 2485 1004 2516 ad
1026 2486 1224 2517 Bam-,hetam
1246 2486 1285 2517 ad

300 2541 450 2572 honorem
469 2541 525 2572 Dei
550 2543 583 2571 et
603 2541 780 2571 animarum
807 2541 955 2579 salutem,
981 2541 1020 2572 ad
1047 2542 1107 2573 lioc
1127 2542 1284 2584 capellam

299 2598 399 2638 ipsam
428 2598 564 2638 propriis
592 2601 846 2628 construxerunt
867 2598 1045 2638 sumptibus
1066 2601 1097 2629 et
1117 2599 1283 2639 dotarunt,

299 2657 329 2684 ut
352 2654 382 2684 in
402 2663 441 2684 ea
455 2653 613 2684 deberent
633 2653 741 2684 divina
757 2654 876 2692 officia,
895 2664 950 2695 pro
970 2654 1196 2686 defunctorum
1217 2657 1285 2687 ani-

298 2720 420 2741 marum
441 2710 559 2743 salute,
575 2709 687 2740 diebus
699 2710 836 2750 singulis
852 2710 1024 2742 celebrari.
1047 2712 1089 2743 Ut
1106 2712 1206 2753 igitur
1226 2713 1285 2743 hu-

292 2766 434 2807 jusmodi
454 2766 539 2807 pium
556 2766 752 2807 propositum
780 2766 979 2805 eorumdem,
1002 2768 1083 2808 quod
1105 2768 1134 2799 in
1150 2769 1282 2800 Domino

296 2823 465 2863 plurimum
500 2821 773 2860 commendamus,
806 2824 945 2863 nequeat
971 2823 1107 2865 alicujus
1137 2825 1283 2866 prepedi-
1309 2834 1310 2837 ¹

297 2879 392 2910 tionis
429 2877 598 2909 obstaculo
636 2878 796 2919 impediri,
829 2889 885 2910 nos
922 2880 1040 2911 vestris
1076 2887 1109 2911 et
1140 2881 1282 2922 ipsorum

296 2938 501 2976 patronorum
522 2934 670 2976 precibus
685 2935 842 2973 inclinati,
868 2938 900 2968 ut
921 2946 994 2968 cum
1019 2938 1173 2978 gencrale
1195 2940 1281 2970 terre

1024 254 1256 285 REfflSTREs
1281 254 1583 286 D'ALEXANDRE
1609 256 1652 286 IV

1363 322 1569 354 interdictum
1613 324 1723 361 suerit,
2093 330 2276 362 interdictis
2312 335 2345 363 et

1361 379 1648 411 excommunicatis
1661 380 1818 419 exclusis,
1838 382 1999 415 submissa
2020 394 2111 423 voce,
2134 396 2195 418 non
2211 387 2347 428 pulsatis

1360 435 1535 475 campanis,
1563 435 1649 468 dicta
1676 438 1782 468 osfivia
1803 437 1968 470 celebrare
1982 441 2126 481 possitis,
2144 444 2343 475 auctoritate

1361 491 1449 522 vobis
1474 493 1671 532 presentium
1699 493 1912 535 indulgemus,
1933 495 2103 528 dummodo
2130 508 2259 530 causam
2281 510 2344 531 non

1357 547 1513 579 dederitis
1535 549 1720 590 interdicto,
1743 552 1775 581 et
1801 550 1830 582 id
1846 551 1935 583 vobis
1952 562 2013 584 non
2027 554 2196 595 contingat
2213 556 2341 597 specia-

1769 326 1886 357 clausis
1923 327 2043 368 januis,

1332 617 1333 621 =
1359 604 1432 635 litor
1456 605 1616 636 interdici.
1643 606 1726 637 Nulli
1757 606 1851 649 [etta]
1881 611 1992 640 nostre
2029 611 2251 642 concessionis
2277 615 2343 644 etc..

1360 660 1473 691 Datum
1496 662 1659 700 Laterani,
1679 663 1704 693 V
1727 663 1881 696 kalendas
1895 665 2018 706 aprilis,
2034 676 2116 697 anno
2139 667 2247 698 tertio.
2273 683 2287 695 »ι

1437 790 1531 816 1876
1929 793 2043 824 Latran,
2061 796 2090 820 19
2104 794 2175 820 avril
2199 797 2273 822 1257.

1395 866 1573 894 Electionem
1603 870 1717 904 l'agani,
1743 870 1923 904 Kyronensis
1949 872 2092 899 ecclesiae
2124 874 2295 908 praepositi,
2315 875 2344 902 in

1359 914 1527 948 episcopum
1553 916 1685 949 ejusdem
1716 917 1857 943 ecclesiae
1881 919 2046 946 confirmat.
2085 921 2150 947 uzu.
2176 922 2218 950 25,
2242 929 2267 948 a.
2295 922 2343 954 ΙΙΙ,

1359 969 1383 987 c.
1399 962 1503 992 267¹,s.
1522 965 1575 994 361,

1403 1054 1416 1067 «
1447 1040 1601 1084 Capitale
1627 1041 1764 1073 ecclesie
1794 1042 1997 1075 Kirmzensis.
2023 1045 2142 1076 Dudum
2167 1047 2342 1078 Kironensi

1356 1097 1496 1128 ecclesia
1522 1099 1660 1139 pastoris
1691 1100 1807 1131 solutio
1840 1101 2008 1139 destituta,
2037 1112 2094 1132 vos
2119 1107 2212 1143 prout
2241 1104 2339 1134 moris

1353 1156 1402 1184 est
1423 1155 1654 1186 convenientes
1674 1156 1704 1186 in
1727 1166 1834 1188 unum.
1849 1157 1988 1198 Spiritus
2009 1158 2237 1200 Sanctigratia
2252 1160 2342 1191 invo-

1352 1213 1437 1242 cata.
1479 1210 1631 1242 dilectum
1673 1211 1769 1243 filium
1803 1214 1983 1254 Pagauum,
2025 1218 2100 1245 tunc
2137 1216 2336 1256 prepositum

1351 1267 1496 1308 ejusdem
1529 1268 1684 1305 ecclesie,
1703 1270 1731 1299 in
1757 1272 1900 1301 vestrum
1923 1271 2108 1312 episcopum
2125 1272 2280 1303 canonice
2296 1281 2338 1303 ac

1349 1324 1556 1356 concorditer
1580 1326 1738 1365 elegistis.
1760 1325 1901 1367 Cumque
1917 1337 1974 1357 vos
1994 1327 2196 1368 postmodum
2218 1327 2338 1359 dilecto

1350 1380 1439 1411 filio..
1463 1381 1569 1413 electo
1595 1382 1757 1418 Cretensi,
1782 1382 1842 1413 loci
1865 1384 2125 1424 metropolitano,
2145 1386 2338 1425 presentas-

1348 1437 1429 1467 setis
1458 1437 1652 1469 electionem
1681 1438 1931 1470 confirmandam
1961 1439 2000 1470 ab
2033 1450 2082 1477 eo,
2105 1439 2188 1471 idem
2210 1439 2338 1471 electus

1346 1494 1420 1534 quia
1441 1494 1498 1525 sibi
1515 1494 1554 1526 de
1575 1495 1674 1536 ipsius
1697 1496 1732 1525 P.
1757 1496 1918 1526 natalibus
1948 1506 2008 1527 non
2028 1496 2211 1534 constabat,
2234 1497 2336 1538 ipsius

1346 1551 1514 1582 electionis
1551 1552 1715 1591 negotium
1747 1552 1923 1593 diligenter
1957 1554 2176 1584 examinatum
2211 1554 2337 1585 remisit

1346 1606 1386 1638 ad
1416 1609 1602 1649 Apostolice
1636 1608 1729 1639 Sedis
1755 1618 1905 1640 examen.
1940 1609 2004 1639 Nos
2039 1610 2148 1649 igitur,
2180 1609 2334 1651 inquisita

1347 1674 1444 1705 super
1473 1665 1535 1695 hiis
1565 1665 1754 1705 diligentius
1783 1666 1937 1703 veritate,
1965 1666 2038 1706 quia
2064 1665 2154 1696 nobis
2186 1665 2335 1706 legitime

1347 1722 1503 1759 constitit,
1519 1721 1602 1762 quod
1629 1724 1699 1752 erat
1725 1722 1766 1753 de
1804 1721 1950 1764 legitimo
1988 1722 2191 1753 matrimonio
2225 1724 2332 1759 natus,

1346 1778 1493 1819 quodque
1523 1778 1669 1819 predicta
1697 1778 1815 1809 electio
1840 1778 1945 1809 fuerat
1975 1778 2014 1809 de
2041 1788 2179 1820 persona
2204 1778 2335 1819 ydonea

1345 1835 1499 1866 canonice
1519 1835 1719 1873 celebrata¹,
1736 1835 1837 1875 ipsam
1850 1834 1889 1866 de
1904 1834 2043 1866 fratrum
2054 1838 2236 1866 nostrorum
2258 1844 2335 1866 con-

1345 1892 1415 1924 silio
1438 1892 1588 1923 duximus
1613 1891 1877 1930 confirmandam,
1905 1893 2075 1933 sperantes
2104 1891 2186 1932 quod
2218 1891 2333 1922 eadem

1346 1949 1538 1980 Kironensis
1563 1948 1706 1979 ecclesia
1729 1959 1787 1990 per
1813 1948 1983 1989 prudentie
2002 1958 2060 1979 sue
2076 1947 2229 1986 studium,
2252 1957 2331 1978 auc—

1317 2004 1319 2013 '
1344 2010 1415 2037 tore
1436 2006 1581 2044 Domino,
1599 2005 1818 2046 spiritualibus
1844 2003 1988 2046 proficiet
2013 2005 2185 2042 institutis,
2201 2006 2234 2035 et
2249 2006 2332 2035 tem-

1343 2062 1505 2103 poralibus
1526 2061 1697 2102 augebitur
1716 2061 1938 2092 incrementis.
1951 2060 2109 2097 Quocirca
2123 2060 2327 2098 mandamuS,

1343 2119 1493 2159 quatinus
1520 2119 1621 2159 ipsum
1643 2118 1783 2159 benigne
1803 2117 1998 2159 recipientes
2016 2120 2049 2148 et
2066 2116 2244 2148 honorifice
2257 2126 2333 2158 per-

1343 2177 1537 2214 tractantes,
1560 2176 1590 2206 ei
1624 2180 1786 2216 tamquam
1814 2174 1898 2216 patri
1926 2178 1960 2205 et
1993 2174 2114 2215 pastori
2147 2174 2328 2205 animarum

1342 2235 1525 2264 vestrarum
1551 2232 1715 2263 humiliter
1738 2230 1915 2262 intendatis
1947 2241 1984 2261 ac
2013 2230 2196 2261 exhibeatis
2221 2229 2329 2261 eidem

1314 2289 1556 2321 vobedientiam
1597 2290 1629 2319 et
1660 2288 1880 2319 reverentiam
1911 2287 2052 2318 debitam
2088 2289 2121 2318 et
2158 2286 2327 2324 devotam,

1341 2347 1438 2387 ipsius
1458 2345 1600 2376 salubria
1615 2345 1736 2376 monita
1757 2346 1789 2376 et
1811 2344 1961 2375 mandata
1983 2342 2185 2384 suscipiendo
2203 2341 2327 2374 devote

1340 2413 1378 2434 ac
1403 2401 1635 2433 inviolabiliter
1678 2400 1891 2433 observando.
1928 2399 2076 2440 Alioquin
2109 2399 2305 2430 sententiam
2319 2424 2326 2436 ,

1339 2470 1432 2500 quam
1452 2458 1537 2490 idem
1559 2459 1620 2489 rite
1640 2458 1751 2489 tulerit
1776 2458 1805 2488 in
1828 2456 1979 2494 rebelles,
2001 2461 2105 2487 ratam
2137 2455 2329 2486 babebimus

1337 2519 1370 2547 et
1388 2517 1555 2547 faciemus.
1572 2516 1704 2546 auctore
1727 2514 1870 2551 Domino,
1885 2523 1983 2553 usque
2005 2512 2045 2543 ad
2065 2512 2327 2552 satisfactionem

1338 2573 1531 2613 condignam
1561 2571 1790 2602 inviolabiliter
1814 2569 1993 2600 observari.
2016 2570 2127 2600 Datum
2155 2568 2324 2605 Laterani,

1310 2636 1312 2659 l
1340 2629 1415 2660 XIII
1437 2628 1501 2660 kal.
1523 2628 1606 2660 maii.
1631 2638 1713 2658 anno
1735 2628 1842 2657 tertio.
1872 2641 1884 2653 ι·

1410 2750 1507 2778 1877
1912 2749 2026 2775 Latran.
2046 2749 2074 2773 19
2088 2746 2157 2773 avril
2177 2748 2252 2771 ¹257.

1373 2827 1403 2853 ln
1415 2826 1551 2853 eumdem
1573 2826 1691 2852 modum
1709 2826 1786 2852 clero
1797 2824 1922 2851 civitatis
1937 2823 2118 2850 etdioecesis
2138 2822 2312 2849 liii-onensis

1338 2875 1416 2906 (Rae.
1430 2875 1473 2906 25,
1486 2873 1814 2903 a.1{1.c.2672,f.36v.i

1369 2950 1388 2971 l.
1405 2948 1450 2970 lus:
1467 2955 1471 2970 2
1489 2946 1661 2971 celebratam.
