2477 3512
327 283 391 314 682

329 364 343 377 «
366 351 393 391 ej
402 350 508 380 iisdem
530 349 774 385 investimus‚in
789 350 1046 380 contradictores
1067 351 1101 380 et
1118 348 1260 379 rebelles
1280 348 1310 378 in

329 420 341 433 (ι
364 406 494 446 scriptis
515 405 855 436 excommunicationis
874 406 1069 437 sententiam
1088 404 1307 447 proferentes.

328 476 341 488 «ι
367 462 502 496 Verum,
525 464 559 492 ut
578 460 660 501 quod
681 471 699 492 a
720 461 811 492 nobis
842 462 963 493 factum
992 462 1097 492 fuerat
1117 460 1307 502 calumpiam

328 531 342 545 «
362 528 422 548 non
436 517 570 558 recipiat
590 518 619 547 in
636 517 789 555 futurum,
809 517 940 549 eosdem
957 517 1105 548 abbatem
1126 519 1159 548 et
1171 517 1310 558 priorem

327 588 341 600 a
365 573 563 614 etquosdam
585 574 664 605 alios
690 574 864 605 monachos
878 573 1013 615 predicti
1034 573 1233 606 monasterii.
1257 574 1310 614 qui

327 644 341 657 α
365 632 537 671 presentes
559 630 706 666 aderant,
719 631 746 660 si
760 630 925 661 collationi
945 630 1091 671 predicte
1112 640 1147 661 se
1167 639 1309 671 oppone-

328 700 342 714 «
361 686 436 717 bant
451 686 501 717 vel
517 686 656 726 aliquam
677 697 931 727 causan]‚q¹iare
950 697 1011 718 non
1032 686 1167 718 deberet
1186 686 1308 718 subsis-

327 757 340 769 «
360 745 442 781 tere,
453 753 630 784 proponere
643 743 865 779 intendebant,
880 743 1109 784 requisivimus
1121 744 1194 774 viva
1208 753 1306 778 voce,

326 813 340 827 «
364 799 416 839 qui
450 810 606 840 expresse
649 799 738 830 nobis
765 800 1010 841 responderunt,
1041 799 1123 841 quod
1151 800 1309 830 voluntati

326 869 341 883 «
361 856 478 886 domini
497 855 596 897 legati
612 866 709 897 super
728 856 787 887 hoc
807 856 957 887 nolebant
974 867 1008 887 se
1020 866 1195 898 opponere.
1210 856 1306 886 immo

326 926 340 940 u
363 912 447 952 quod
467 912 660 943 auctoritate
681 913 859 953 apostolica
888 924 906 944 a
929 912 1017 943 nobis
1037 912 1075 943 de
1098 913 1199 954 ipsius
1221 922 1309 943 man-

326 982 340 995 «
363 968 439 999 dato
452 969 483 998 in
503 968 658 1009 predictis
680 970 801 999 factum
820 971 884 1002 est.
902 973 1007 1000 ratum
1023 969 1186 999 habebant
1201 978 1257 1009 pro
1273 978 1307 999 se

326 1039 340 1052 «
361 1027 395 1056 et
408 1025 465 1056 sibi
483 1025 727 1061 adherentibus,
744 1026 984 1066 promittentes,
1009 1025 1090 1065 quod
1107 1027 1221 1055 contra
1242 1025 1309 1055 col-

326 1095 341 1109 «
364 1081 516 1112 lationem
535 1081 712 1122 predictam
728 1092 786 1122 per
800 1091 834 1112 se
855 1082 905 1111 vel
920 1092 978 1122 per
994 1081 1089 1111 alium
1104 1092 1162 1111 non
1174 1081 1308 1112 venient

325 1150 339 1165 «
362 1138 393 1168 in
413 1139 566 1169 futurum.
581 1138 652 1168 bat.
667 1148 749 1167 anno
771 1137 893 1168 Domini
911 1136 1125 1169 M.CC.L1111.
1137 1137 1188 1168 die
1201 1136 1308 1168 sabati

328 1207 343 1221 α
362 1196 435 1235 post
454 1194 676 1235 Epiphaniam,
698 1208 711 1221 n

369 1263 384 1277 u
396 1250 478 1281 Nulli
490 1250 584 1292 [ete]
596 1250 1004 1282 nostrecoufiri‘nationiset
1013 1251 1226 1291 suppletionis
1235 1254 1303 1282 etc.

323 1308 436 1337 Datum
459 1307 620 1347 Anagnie,
639 1307 665 1337 ΙΙ
683 1317 782 1337 nonas
812 1306 1016 1348 septembris„
1043 1317 1126 1338 anno
1149 1308 1262 1348 primo.
1292 1320 1306 1335 ι)

393 1446 493 1473 2216
796 1445 920 1477 Viterbey
937 1446 965 1470 10
974 1443 1141 1478 septembre
1159 1445 1234 1470 ¹257.

356 1535 458 1562 Abbati
475 1535 502 1561 S.
516 1534 658 1560 Ambrosii
677 1534 866 1560 Bituricensis
882 1533 1011 1565 mandat,
1028 1535 1172 1567 quatenus
1188 1533 1307 1558 Petrum

320 1584 355 1609 de
385 1584 489 1609 Pratea
516 1582 730 1616 presbyterum,
758 1584 931 1615 perpetuum
960 1581 1100 1606 vicarium
1129 1581 1158 1606 in
1178 1579 1307 1607 ecclesia

321 1631 348 1657 S.
362 1630 457 1657 Ursini
474 1630 658 1662 Bituricensi‚
669 1629 854 1663 capellanum
868 1628 1011 1663 J[oannis]
1025 1627 1099 1654 tituli
1113 1630 1138 1654 S.
1153 1627 1307 1654 Laurentii

320 1678 349 1704 in
368 1678 477 1704 Lucina
492 1677 647 1711 presbiteri
668 1677 835 1707 cardinalis,
853 1677 880 1702 in
898 1676 1072 1702 canonicum
1091 1675 1181 1709 recipi
1205 1675 1304 1702 faciat.

322 1726 399 1753 (Iucu.
414 1727 457 1757 25,
474 1726 564 1755 a.111,
583 1734 606 1751 c.
624 1726 684 1753 624,
703 1725 723 1750 s,
742 1726 795 1751 80st

368 1832 382 1846 «ι
402 1843 420 1848 ..
445 1816 603 1848 abbatiis.
619 1816 784 1848 Ambrosii
805 1815 1032 1847 matricensis.
1052 1816 1194 1847 Dilectus
1216 1815 1304 1846 filins

322 1875 443 1906 Petrus
463 1893 517 1904 —.
535 1874 605 1905 Dat.
639 1874 790 1908 Viterbii,
811 1874 868 1904 llll
899 1873 969 1903 idus
990 1872 1196 1913 septembris,
1221 1882 1306 1902 anno

321 1932 433 1962 tertio.
461 1946 474 1958 υ

392 2075 492 2102 2217
783 2073 908 2106 Vinci-be,
927 2075 958 2099 19
973 2072 1141 2106 septembre
1159 2073 1233 2098 1257.

358 2168 524 2202 Praeposito
551 2171 579 2193 et
596 2167 722 2201 capitulo
759 2166 1020 2201 Salzburgensibus
1046 2169 1148 2192 notum
1180 2165 1248 2192 facit
1277 2173 1308 2190 se

322 2215 549 2249 postulationem
562 2215 658 2248 [Ulrici
667 2215 671 2249 l
681 2214 1003 2249 episcopiSvkoviensis
1012 2214 1041 2240 in
1050 2213 1305 2247 archiepiscopum

321 2263 440 2289 duxisse
450 2263 662 2289 admittendam
679 2271 805 2296 eumque
820 2262 966 2296 praefatae
976 2261 1116 2288 ecclesia-2·
1127 2261 1308 2295 praefecisse

320 2310 350 2336 in
368 2314 524 2344 pastorem.
538 2311 715 2341 Mandateis,
728 2313 759 2336 ut
771 2310 823 2344 ipsi
836 2310 922 2344 plene
933 2317 966 2336 ac
980 2308 1306 2336 humiliterintendant.

323 2358 400 2390 (Rzo.
414 2360 457 2389 25,
474 2366 499 2384 a.
519 2359 564 2388 ΙΙΙ,
578 2367 601 2384 c.
619 2360 680 2389 6233,
698 2358 716 2384 s.
734 2360 788 2386 80.ss

368 2478 382 2492 u
406 2489 426 2495 ..
445 2464 614 2507 preposito
628 2464 962 2508 elcapituloecclesie
982 2464 1308 2507 Salzlmryensis.Et

321 2521 496 2552 commissa
526 2521 616 2552 nobis
640 2532 659 2552 a
687 2522 820 2553 Domino
845 2532 923 2553 cura
944 2522 1116 2563 pastoralis
1138 2521 1241 2552 officii
1275 2522 1309 2552 et

322 2587 477 2608 concessa
496 2578 572 2608 licet
591 2579 761 2610 immeritis
782 2578 984 2619 plenitudine
999 2579 1227 2609 ecclesiastice
1252 2588 1308 2619 po-

320 2635 462 2671 testatis,
495 2635 641 2676 cogimur
673 2636 887 2666 ecclesiarum
913 2635 1066 2672 omnium,
1089 2645 1146 2676 per
1171 2634 1307 2665 cotidia-

319 2700 391 2721 nam
410 2691 611 2730 instantiam,
634 2692 824 2733 diligentem
846 2691 1094 2723 sollicitudinem
1121 2701 1251 2731 gerere,
1271 2700 1308 2721 ac
1332 2718 1334 2727 ,

320 2756 388 2784 eaS,
410 2756 482 2778 cum
504 2749 683 2779 necessitas
720 2749 841 2789 ingruit
867 2748 918 2779 vel
947 2748 1151 2789 oportunitas
1189 2747 1305 2788 exigit,

320 2813 404 2833 nunc
420 2813 462 2834 ex
479 2803 606 2844 justitie
627 2804 748 2843 debito⁷
768 2815 851 2836 nunc
876 2815 919 2836 ex
934 2804 1041 2845 gratie
1058 2804 1228 2841 beneficio,
1251 2813 1308 2844 pa—

321 2860 414 2890 terna
449 2858 618 2901 diligentia
651 2861 835 2902 providere.
869 2862 958 2893 Inter
997 2863 1126 2892 ceteras
1151 2859 1307 2900 siquidem

320 2915 534 2955 particulares
553 2917 710 2948 ecclesias
729 2921 760 2949 et
788 2918 985 2959 metropoles
1010 2917 1180 2948 universas
1199 2916 1308 2947 eccle-

321 2971 400 3001 siam
420 2972 689 3014 Salzburgensem
711 2974 899 3015 Apostolica
912 2974 1012 3005 Sedes
1033 2975 1137 3004 mater
1150 2972 1307 3004 ecclesia-

1018 280 1251 312 REffls'rRES
1278 280 1580 312 HALEXANDRE
1607 281 1649 312 lv

1364 359 1433 378 rum
1459 350 1548 380 tanto
1568 349 1665 381 debet
1695 350 1904 381 favorabilius
1928 352 2079 392 prosequi
2111 357 2145 383 et
2175 352 2348 395 benignius

1364 405 1495 442 intueri,
1517 409 1637 446 quanto
1653 417 1723 438 eam
1739 406 1997 447 magnificentius
2023 408 2109 439 inter
2130 408 2209 440 alias
2238 409 2347 440 divina

1363 461 1532 503 dispositio
1555 463 1743 504 respexisse
1765 463 1893 494 videtur
1919 464 1950 494 in
1975 464 2172 506 plenitudine
2196 466 2348 506 spiritua-

1363 518 1483 549 liumet
1502 519 1726 559 temporalium
1755 519 1916 551 ubertate.
1938 520 2035 558 Sane,
2059 531 2129 551 cum
2150 521 2225 552 olim
2257 522 2349 563 Phy-

1336 589 1338 602 ι
1364 575 1476 616 lippus,
1499 575 1656 615 quondam
1675 575 1801 607 electus
1821 576 1967 617 ejusdem
1987 577 2140 617 ecclesie,
2163 578 2264 619 ipsam
2285 588 2346 609 non

1336 634 1513 672 ,tanquam
1547 642 1682 673 sponsus
1722 632 1804 664 male
1837 635 2046 664 contractans
2082 644 2153 664 eam
2186 634 2346 666 tenuisset

1361 687 1481 718 diutius
1512 694 1714 730 occupatam,
1744 699 1800 719 vos
1836 688 1963 720 demum
1986 690 2143 731 prefatam
2169 690 2343 722 ecclesiam

1362 745 1478 775 merito
1497 755 1615 776 vacare
1634 745 1821 782 ‹21-edentes,
1845 746 2068 787 postdecursa
2087 748 2231 788 tempora
2251 757 2349 778 cons·

1361 801 1521 832 titutionis
1537 805 1648 833 nostre
1665 812 1762 843 super
1777 803 1835 833 bo(-
1856 802 1955 839 edite,
1971 813 2033 843 qua
2047 803 2147 834 idem'
2175 804 2211 834 P.
2242 804 2350 845 priva-

1363 857 1456 888 batur
1476 858 1586 889 eadem
1608 858 1748 890 ecclesia
1775 858 1927 899 vobisque
1952 859 1992 891 de
2017 859 2080 890 alio
2105 859 2242 891 dabatur
2277 870 2348 901 pro-

1362 914 1489 946 videndi
1518 920 1676 956 potestas,
1701 916 1899 947 convenistis
1918 917 1949 947 in
1974 926 2067 947 unum
2097 916 2136 947 ad
2162 916 2345 958 eligendum

1335 986 1337 994 ι
1362 979 1416 999 seu
1442 970 1668 1010 postulandum
1708 970 1798 1001 vobis
1832 973 1866 1002 et
1885 971 1988 1002 eidem
2016 972 2155 1003 ecclesie
2177 981 2347 1013 personam

1359 1025 1521 1065 ydoneam
1545 1026 1575 1056 in
1601 1029 1778 1068 pastorem.
1812 1028 2000 1069 vocatisque
2027 1028 2172 1059 omnibus
2206 1029 2258 1069 qui
2294 1037 2350 1059 vo-

1360 1082 1502 1121 luerunt,
1528 1082 1708 1114 debuerunt
1740 1087 1773 1114 et
1796 1086 1969 1124 potuerunt
1993 1084 2127 1115 comode
2167 1085 2346 1122 interesse,

1361 1138 1490 1169 tandem
1508 1139 1538 1169 in
1557 1139 1776 1170 venerabilem
1797 1140 1933 1170 fratrem
1959 1142 2132 1171 nostrum..
2162 1141 2347 1183 episcopum

1360 1194 1563 1227 Cbimensem
1588 1199 1621 1226 et
1636 1197 1682 1234 te,
1701 1195 1744 1226 fili
1765 1196 1940 1238 preposite,
1965 1206 2116 1228 necnon..
2141 1197 2348 1228 scolasticum

1360 1253 1394 1282 et
1406 1252 1623 1282 Hermannum
1635 1252 1675 1283 de
1688 1253 1830 1293 Justing.
1840 1278 1846 1289 ,
1857 1253 2046 1284 canonicum
2055 1252 2202 1294 ejusdem
2211 1253 2350 1285 ecclesie

1360 1308 1550 1350 providendi
1570 1309 1641 1340 vice
1660 1309 1800 1340 omnium
1824 1309 1885 1350 ipsi
1905 1309 2047 1341 ecclesie
2067 1309 2106 1341 de
2128 1313 2259 1351 pastore
2274 1320 2351 1342 con-

2008 1367 2059 1406 qui
2090 1366 2253 1398 habentes
2291 1377 2348 1408 pre

1359 1422 1460 1452 oculis
1490 1422 1591 1453 solum
1630 1422 1742 1460 Deum,
1766 1422 1981 1453 venerabilem
2008 1423 2145 1454 fratrem
2173 1425 2346 1454 nostrum..

1360 1479 1629 1519 Salzburgensen‘i
1648 1479 1925 1520 archiepiscopum
1946 1481 2021 1510 tunc
2038 1480 2225 1521 episcopum
2244 1479 2348 1511 Seko-

1358 1545 1517 1571 wensem,
1546 1536 1650 1566 virum
1681 1536 1789 1576 utique
1813 1536 2009 1571 litteratum,
2048 1535 2185 1577 probate
2216 1536 2284 1567 vite
2309 1546 2347 1567 ac

1359 1592 1659 1633 circumspectionis
1679 1594 1826 1634 experte,
1849 1593 1879 1623 in
1893 1594 2057 1634 pastorem
2068 1592 2208 1624 ecclesie
2228 1595 2348 1624 vestre

1359 1649 1565 1680 concorditer
1584 1650 1617 1680 et
1637 1649 1793 1680 canonice
1812 1649 2028 1690 postularunt,
2058 1659 2176 1690 vosque
2197 1651 2349 1690 postmo-

1358 1706 1430 1737 dum
1463 1705 1589 1737 admitti
1627 1716 1643 1736 a
1680 1705 1770 1736 nobis
1800 1706 2048 1747 postulationem
2088 1705 2283 1747 hujusmodi,
2308 1716 2347 1736 ac

1357 1762 1426 1794 dari
1454 1762 1512 1793 sibi
1551 1763 1714 1793 licentiam
1751 1762 1789 1792 ad
1825 1761 1960 1793 eandem
1991 1767 2135 1793 vestram
2169 1762 2346 1793 ecclesiam

1359 1818 1589 1856 transferendi,
1608 1828 1646 1849 eo
1666 1819 1754 1860 prius
1783 1828 1801 1849 a
1819 1818 1945 1849 vinculo
1967 1817 2176 1849 Sekowensis
2197 1818 2340 1849 ecclesie

1357 1875 1515 1913 absoluto,
1544 1875 1708 1906 humiliter
1732 1875 1947 1916 supplicastis.
1979 1875 2044 1905 Nos
2069 1875 2169 1915 igitur
2197 1875 2347 1916 postula-

1357 1932 1477 1963 tionem
1502 1932 1602 1972 ipsam
1632 1932 1812 1962 examinari
1840 1931 1977 1962 fecimus
1999 1930 2186 1972 diligenter,
2207 1934 2240 1962 et
2267 1931 2341 1972 quia

1358 1999 1429 2019 eam
1458 1989 1637 2019 invenimus
1658 1988 1871 2019 communiter
1889 1990 1923 2019 et
1946 1988 2101 2019 canonice
2128 1987 2344 2025 celebratam,

1359 2055 1397 2076 ne
1423 2046 1496 2086 ipsa
1515 2045 1656 2075 ecclesia
1678 2046 1800 2082 vestra,
1822 2054 1883 2084 que
1903 2045 1999 2085 longo
2019 2046 2166 2085 tempore
2194 2053 2255 2075 non
2276 2044 2346 2075 sine

1359 2102 1450 2143 gravi
1475 2102 1546 2143 ejus
1576 2101 1761 2132 discrimine
1788 2101 1927 2141 languit,
1949 2101 2000 2132 diu
2040 2103 2170 2142 pastore
2193 2102 2344 2137 vacaret,

1359 2158 1608 2199 postulationem
1627 2158 1741 2200 ipsam,
1767 2158 1807 2189 de
1826 2157 1965 2188 fratrum
1985 2160 2167 2188 nostrorum
2195 2156 2344 2196 consilio,

1334 2227 1335 2231 ¹
1359 2214 1508 2245 duximus
1546 2214 1791 2251 admittendam,
1850 2213 2058 2254 preficientes
2100 2223 2170 2244 eum
2217 2211 2344 2254 prefate

1360 2270 1586 2311 Salzburgensi
1607 2270 1746 2302 ecclesie
1766 2270 1797 2301 in
1818 2270 2097 2310 archiepiscopum
2122 2274 2155 2300 et
2180 2271 2344 2310 pastorem

1359 2329 1392 2358 et
1412 2326 1618 2358 absolventes
1639 2326 1777 2358 eundem
1798 2337 1815 2357 a
1836 2327 1976 2364 vinculo,
1999 2337 2059 2367 quo
2082 2325 2256 2357 tenebatur
2285 2325 2346 2366 ipsi

1361 1365 1481 1396 tulistis
1519 1366 1712 1397 unanimiter
1746 1368 1941 1407 potestatem
1970 1376 1976 1398 :

1357 2385 1496 2415 ecclesie
1518 2385 1722 2418 Sekowensi.
1746 2384 1804 2415 sibi
1823 2384 1956 2416 licentia
1987 2383 2174 2415 transeundi
2203 2383 2244 2414 ad
2267 2392 2346 2424 pre—

1360 2440 1458 2471 fatam
1481 2441 1749 2483 Salzburgensem
1767 2441 1940 2472 ecclesiam
1963 2451 2001 2472 ac
2021 2441 2116 2482 plena
2133 2440 2203 2481 ejus
2223 2440 2290 2470 tam
2312 2438 2343 2469 in

1358 2497 1578 2538 spiritualibus
1607 2508 1700 2538 quam
1721 2498 1751 2527 in
1790 2497 2020 2539 temporalibus
2050 2495 2345 2528 amministratione

1358 2554 1534 2585 concessis.
1555 2554 1714 2590 Quocirca
1736 2554 1939 2585 universitati
1959 2555 2069 2585 vestre
2087 2563 2145 2594 per
2160 2551 2342 2594 apostolica

1333 2612 1334 2631 l
1358 2611 1479 2651 scripta
1498 2610 1636 2641 firmiter
1657 2610 1865 2651 precipiendo
1887 2609 2085 2648 mandamus,
2109 2609 2258 2650 quatinus
2283 2607 2342 2648 ipsi

1333 2664 1334 2685 ³
1358 2668 1520 2707 tamquam
1542 2667 1626 2707 patri
1647 2669 1679 2697 et
1699 2667 1820 2708 pastori
1842 2668 2018 2698 animarum
2043 2668 2223 2697 vestrarum
2248 2664 2341 2705 plene

1358 2733 1395 2754 ac
1421 2723 1585 2753 humiliter
1612 2723 1834 2757 intendentes.
1859 2723 2043 2754 exhibeatis
2071 2723 2099 2753 ei
2126 2720 2340 2752 obedientiam

1332 2803 1333 2807 ,
1358 2785 1392 2810 et
1411 2779 1627 2810 reverentiam
1657 2779 1796 2810 debitam
1827 2782 1859 2811 et
1895 2779 2059 2816 devotam,
2095 2777 2166 2819 ejus
2199 2775 2340 2807 salubria

1333 2816 1335 2852 t
1358 2837 1479 2868 monita
1498 2842 1530 2868 et
1551 2837 1703 2869 mandata
1725 2836 1931 2878 suscipiendo
1953 2835 2071 2867 devote
2101 2844 2137 2864 ac
2168 2831 2344 2864 inviolabi-

1358 2892 1432 2923 liter
1451 2893 1665 2925 observando.
1682 2894 1830 2934 Alioquin
1847 2892 2156 2930 sententiam,qnam
2175 2889 2259 2920 idem
2280 2888 2346 2919 rite

1390 2986 1410 3007 1.
1428 2985 1476 3008 Ms-
1492 2993 1496 3007 :
1517 2985 1612 3009 eidem.
