<?xml version="1.0" encoding="UTF-8"?>
<!DOCTYPE html PUBLIC "-//W3C//DTD XHTML 1.0 Transitional//EN"
    "http://www.w3.org/TR/xhtml1/DTD/xhtml1-transitional.dtd">
<html xmlns="http://www.w3.org/1999/xhtml" xml:lang="en" lang="en">
 <head>
  <title>
</title>
<meta http-equiv="Content-Type" content="text/html;charset=utf-8" />
  <meta name='ocr-system' content='tesseract 3.04.00' />
  <meta name='ocr-capabilities' content='ocr_page ocr_carea ocr_par ocr_line ocrx_word'/>
</head>
<body>
  <div class='ocr_page' id='page_1' title='image "./lesregistresdegr02cathuoft_0445.png"; bbox 0 0 2477 3512; ppageno 0'>
   <div class='ocr_carea' id='block_1_1' title="bbox 976 261 2260 309">
    <p class='ocr_par' dir='ltr' id='par_1_1' title="bbox 976 261 2260 309">
     <span class='ocr_line' id='line_1_1' title="bbox 976 261 2260 309; baseline 0.001 -8"><span class='ocrx_word' id='word_1_1' title='bbox 976 261 1248 309; x_wconf 83' lang='lat' dir='ltr'><strong>CINQUIEME</strong></span> <span class='ocrx_word' id='word_1_2' title='bbox 1274 262 1440 300; x_wconf 79' lang='lat' dir='ltr'>ANNEE</span> <span class='ocrx_word' id='word_1_3' title='bbox 2223 271 2260 302; x_wconf 86' lang='grc'>61</span> 
     </span>
    </p>
   </div>
   <div class='ocr_carea' id='block_1_2' title="bbox 152 374 1157 581">
    <p class='ocr_par' dir='ltr' id='par_1_2' title="bbox 152 374 1157 581">
     <span class='ocr_line' id='line_1_2' title="bbox 153 374 1157 419; baseline -0.002 -11"><span class='ocrx_word' id='word_1_4' title='bbox 153 386 363 419; x_wconf 88' lang='lat' dir='ltr'>quecunque</span> <span class='ocrx_word' id='word_1_5' title='bbox 390 376 458 408; x_wconf 89' lang='lat' dir='ltr'>alia</span> <span class='ocrx_word' id='word_1_6' title='bbox 486 386 590 418; x_wconf 90' lang='lat' dir='ltr'>super</span> <span class='ocrx_word' id='word_1_7' title='bbox 617 375 793 418; x_wconf 83' lang='lat' dir='ltr'>premissis</span> <span class='ocrx_word' id='word_1_8' title='bbox 821 375 1076 417; x_wconf 83' lang='lat' dir='ltr'>compositione</span> <span class='ocrx_word' id='word_1_9' title='bbox 1102 374 1157 406; x_wconf 90' lang='lat' dir='ltr'>vel</span> 
     </span>
     <span class='ocr_line' id='line_1_3' title="bbox 152 429 1157 473; baseline -0.003 -10"><span class='ocrx_word' id='word_1_10' title='bbox 152 431 228 473; x_wconf 86' lang='lat' dir='ltr'>ejus</span> <span class='ocrx_word' id='word_1_11' title='bbox 249 434 415 473; x_wconf 81' lang='lat' dir='ltr'>pretextu</span> <span class='ocrx_word' id='word_1_12' title='bbox 436 441 540 473; x_wconf 90' lang='lat' dir='ltr'>super</span> <span class='ocrx_word' id='word_1_13' title='bbox 561 431 843 473; x_wconf 89' lang='lat' dir='ltr'>quibuscumque</span> <span class='ocrx_word' id='word_1_14' title='bbox 864 431 899 461; x_wconf 92' lang='lat' dir='ltr'>in</span> <span class='ocrx_word' id='word_1_15' title='bbox 921 429 1157 472; x_wconf 86' lang='lat' dir='ltr'>prejudicium</span> 
     </span>
     <span class='ocr_line' id='line_1_4' title="bbox 153 485 1156 522; baseline -0.003 -4"><span class='ocrx_word' id='word_1_16' title='bbox 153 486 294 519; x_wconf 87' lang='lat' dir='ltr'>ecclesie</span> <span class='ocrx_word' id='word_1_17' title='bbox 330 488 525 518; x_wconf 85' lang='lat' dir='ltr'>memorate</span> <span class='ocrx_word' id='word_1_18' title='bbox 561 486 734 522; x_wconf 87' lang='lat' dir='ltr'>confecta,</span> <span class='ocrx_word' id='word_1_19' title='bbox 772 485 874 517; x_wconf 76' lang='lat' dir='ltr'>vobis</span> <span class='ocrx_word' id='word_1_20' title='bbox 909 485 1156 520; x_wconf 81' lang='lat' dir='ltr'>restituantur,</span> 
     </span>
     <span class='ocr_line' id='line_1_5' title="bbox 152 540 1157 581; baseline -0.003 -8"><span class='ocrx_word' id='word_1_21' title='bbox 152 541 247 573; x_wconf 91' lang='lat' dir='ltr'>omni</span> <span class='ocrx_word' id='word_1_22' title='bbox 269 541 450 573; x_wconf 84' lang='lat' dir='ltr'>occasione</span> <span class='ocrx_word' id='word_1_23' title='bbox 471 551 512 572; x_wconf 90' lang='lat' dir='ltr'>ac</span> <span class='ocrx_word' id='word_1_24' title='bbox 532 551 630 573; x_wconf 90' lang='lat' dir='ltr'>mora</span> <span class='ocrx_word' id='word_1_25' title='bbox 650 541 806 572; x_wconf 74' lang='lat' dir='ltr'>remotis.</span> <span class='ocrx_word' id='word_1_26' title='bbox 830 540 996 572; x_wconf 81' lang='lat' dir='ltr'>Decrevit</span> <span class='ocrx_word' id='word_1_27' title='bbox 1017 549 1157 581; x_wconf 90' lang='lat' dir='ltr'>quoque</span> 
     </span>
    </p>
   </div>
   <div class='ocr_carea' id='block_1_3' title="bbox 150 595 1212 637">
    <p class='ocr_par' dir='ltr' id='par_1_3' title="bbox 150 595 1212 637">
     <span class='ocr_line' id='line_1_6' title="bbox 150 595 1212 637; baseline -0.003 -9"><span class='ocrx_word' id='word_1_28' title='bbox 150 596 388 628; x_wconf 87' lang='lat' dir='ltr'>instrumenta</span> <span class='ocrx_word' id='word_1_29' title='bbox 414 595 618 637; x_wconf 88' lang='lat' dir='ltr'>hujusmodi</span> <span class='ocrx_word' id='word_1_30' title='bbox 645 595 859 637; x_wconf 88' lang='lat' dir='ltr'>ubicumque</span> <span class='ocrx_word' id='word_1_31' title='bbox 885 595 957 626; x_wconf 91' lang='lat' dir='ltr'>sint</span> <span class='ocrx_word' id='word_1_32' title='bbox 983 597 1018 626; x_wconf 88' lang='lat' dir='ltr'>et</span> <span class='ocrx_word' id='word_1_33' title='bbox 1045 604 1159 636; x_wconf 76' lang='lat' dir='ltr'>quan·</span> <span class='ocrx_word' id='word_1_34' title='bbox 1210 616 1212 624; x_wconf 91' lang='lat'><em>.</em></span> 
     </span>
    </p>
   </div>
   <div class='ocr_carea' id='block_1_4' title="bbox 149 649 1159 1298">
    <p class='ocr_par' dir='ltr' id='par_1_4' title="bbox 149 649 1159 1298">
     <span class='ocr_line' id='line_1_7' title="bbox 153 649 1156 692; baseline -0.002 -10"><span class='ocrx_word' id='word_1_35' title='bbox 153 651 340 692; x_wconf 86' lang='lat' dir='ltr'>docunque</span> <span class='ocrx_word' id='word_1_36' title='bbox 364 650 604 692; x_wconf 81' lang='lat' dir='ltr'>apparuerint,</span> <span class='ocrx_word' id='word_1_37' title='bbox 630 660 728 682; x_wconf 88' lang='lat' dir='ltr'>cassa</span> <span class='ocrx_word' id='word_1_38' title='bbox 752 653 788 682; x_wconf 87' lang='lat' dir='ltr'>et</span> <span class='ocrx_word' id='word_1_39' title='bbox 811 659 925 681; x_wconf 82' lang='lat' dir='ltr'>vacua</span> <span class='ocrx_word' id='word_1_40' title='bbox 951 649 1024 681; x_wconf 89' lang='lat' dir='ltr'>sive</span> <span class='ocrx_word' id='word_1_41' title='bbox 1050 649 1156 686; x_wconf 86' lang='lat' dir='ltr'>nulla,</span> 
     </span>
     <span class='ocr_line' id='line_1_8' title="bbox 151 704 1158 748; baseline -0.002 -11"><span class='ocrx_word' id='word_1_42' title='bbox 151 706 312 748; x_wconf 90' lang='lat' dir='ltr'>partibus</span> <span class='ocrx_word' id='word_1_43' title='bbox 336 707 381 738; x_wconf 88' lang='lat' dir='ltr'>ad</span> <span class='ocrx_word' id='word_1_44' title='bbox 405 715 485 737; x_wconf 90' lang='lat' dir='ltr'>eum</span> <span class='ocrx_word' id='word_1_45' title='bbox 510 708 645 737; x_wconf 84' lang='lat' dir='ltr'>statum</span> <span class='ocrx_word' id='word_1_46' title='bbox 669 705 704 736; x_wconf 91' lang='lat' dir='ltr'>in</span> <span class='ocrx_word' id='word_1_47' title='bbox 729 715 798 746; x_wconf 90' lang='lat' dir='ltr'>quo</span> <span class='ocrx_word' id='word_1_48' title='bbox 823 707 907 736; x_wconf 84' lang='lat' dir='ltr'>ante</span> <span class='ocrx_word' id='word_1_49' title='bbox 932 704 1158 746; x_wconf 90' lang='lat' dir='ltr'>compositio-</span> 
     </span>
     <span class='ocr_line' id='line_1_9' title="bbox 151 759 1159 802; baseline -0.002 -10"><span class='ocrx_word' id='word_1_50' title='bbox 151 770 231 792; x_wconf 85' lang='lat' dir='ltr'>nem</span> <span class='ocrx_word' id='word_1_51' title='bbox 252 761 449 802; x_wconf 83' lang='lat' dir='ltr'>predictam</span> <span class='ocrx_word' id='word_1_52' title='bbox 468 760 610 792; x_wconf 90' lang='lat' dir='ltr'>fuerant</span> <span class='ocrx_word' id='word_1_53' title='bbox 630 769 735 801; x_wconf 90' lang='lat' dir='ltr'>super</span> <span class='ocrx_word' id='word_1_54' title='bbox 754 759 820 791; x_wconf 92' lang='lat' dir='ltr'>hiis</span> <span class='ocrx_word' id='word_1_55' title='bbox 841 769 908 801; x_wconf 86' lang='lat' dir='ltr'>que</span> <span class='ocrx_word' id='word_1_56' title='bbox 930 759 1159 791; x_wconf 82' lang='lat' dir='ltr'>continentur</span> 
     </span>
     <span class='ocr_line' id='line_1_10' title="bbox 150 814 1157 857; baseline -0.002 -10"><span class='ocrx_word' id='word_1_57' title='bbox 150 816 185 847; x_wconf 93' lang='lat' dir='ltr'>in</span> <span class='ocrx_word' id='word_1_58' title='bbox 220 816 295 857; x_wconf 90' lang='lat' dir='ltr'>ipsa</span> <span class='ocrx_word' id='word_1_59' title='bbox 330 815 495 851; x_wconf 89' lang='lat' dir='ltr'>reductis,</span> <span class='ocrx_word' id='word_1_60' title='bbox 532 817 638 856; x_wconf 90' lang='lat' dir='ltr'>prout</span> <span class='ocrx_word' id='word_1_61' title='bbox 672 814 707 846; x_wconf 93' lang='lat' dir='ltr'>in</span> <span class='ocrx_word' id='word_1_62' title='bbox 742 814 883 856; x_wconf 89' lang='lat' dir='ltr'>publico</span> <span class='ocrx_word' id='word_1_63' title='bbox 918 814 1157 846; x_wconf 86' lang='lat' dir='ltr'>instrumento</span> 
     </span>
     <span class='ocr_line' id='line_1_11' title="bbox 151 869 1156 911; baseline -0.003 -7"><span class='ocrx_word' id='word_1_64' title='bbox 151 871 311 904; x_wconf 85' lang='lat' dir='ltr'>confecto</span> <span class='ocrx_word' id='word_1_65' title='bbox 334 871 461 902; x_wconf 84' lang='lat' dir='ltr'>exinde</span> <span class='ocrx_word' id='word_1_66' title='bbox 483 879 523 901; x_wconf 89' lang='lat' dir='ltr'>ac</span> <span class='ocrx_word' id='word_1_67' title='bbox 545 869 655 911; x_wconf 80' lang='lat' dir='ltr'>sigillo</span> <span class='ocrx_word' id='word_1_68' title='bbox 677 869 786 911; x_wconf 88' lang='lat' dir='ltr'>ipsius</span> <span class='ocrx_word' id='word_1_69' title='bbox 809 869 997 901; x_wconf 85' lang='lat' dir='ltr'>cardinalis</span> <span class='ocrx_word' id='word_1_70' title='bbox 1019 869 1156 911; x_wconf 81' lang='lat' dir='ltr'>signato</span> 
     </span>
     <span class='ocr_line' id='line_1_12' title="bbox 152 924 1158 968; baseline -0.002 -11"><span class='ocrx_word' id='word_1_71' title='bbox 152 926 288 968; x_wconf 89' lang='lat' dir='ltr'>plenius</span> <span class='ocrx_word' id='word_1_72' title='bbox 318 925 530 957; x_wconf 88' lang='lat' dir='ltr'>continetur.</span> <span class='ocrx_word' id='word_1_73' title='bbox 562 925 634 956; x_wconf 90' lang='lat' dir='ltr'>Nos</span> <span class='ocrx_word' id='word_1_74' title='bbox 663 924 795 966; x_wconf 85' lang='lat' dir='ltr'>itaque,</span> <span class='ocrx_word' id='word_1_75' title='bbox 826 924 954 956; x_wconf 79' lang='lat' dir='ltr'>vestris</span> <span class='ocrx_word' id='word_1_76' title='bbox 983 924 1158 966; x_wconf 78' lang='lat' dir='ltr'>supplica-</span> 
     </span>
     <span class='ocr_line' id='line_1_13' title="bbox 149 979 1158 1021; baseline -0.001 -9"><span class='ocrx_word' id='word_1_77' title='bbox 149 981 307 1012; x_wconf 88' lang='lat' dir='ltr'>tionibus</span> <span class='ocrx_word' id='word_1_78' title='bbox 335 980 505 1016; x_wconf 89' lang='lat' dir='ltr'>inclinati,</span> <span class='ocrx_word' id='word_1_79' title='bbox 536 979 740 1021; x_wconf 84' lang='lat' dir='ltr'>hujusmodi</span> <span class='ocrx_word' id='word_1_80' title='bbox 770 979 986 1011; x_wconf 81' lang='lat' dir='ltr'>sententiani</span> <span class='ocrx_word' id='word_1_81' title='bbox 1016 983 1051 1011; x_wconf 87' lang='lat' dir='ltr'>et</span> <span class='ocrx_word' id='word_1_82' title='bbox 1080 990 1158 1021; x_wconf 91' lang='lat' dir='ltr'>pro-</span> 
     </span>
     <span class='ocr_line' id='line_1_14' title="bbox 151 1035 1156 1077; baseline -0.001 -9"><span class='ocrx_word' id='word_1_83' title='bbox 151 1046 286 1068; x_wconf 87' lang='lat' dir='ltr'>cessum</span> <span class='ocrx_word' id='word_1_84' title='bbox 310 1035 419 1077; x_wconf 87' lang='lat' dir='ltr'>ipsius</span> <span class='ocrx_word' id='word_1_85' title='bbox 442 1035 629 1067; x_wconf 87' lang='lat' dir='ltr'>cardinalis</span> <span class='ocrx_word' id='word_1_86' title='bbox 653 1037 748 1066; x_wconf 84' lang='lat' dir='ltr'>ratos</span> <span class='ocrx_word' id='word_1_87' title='bbox 771 1037 806 1066; x_wconf 86' lang='lat' dir='ltr'>et</span> <span class='ocrx_word' id='word_1_88' title='bbox 830 1035 951 1066; x_wconf 88' lang='lat' dir='ltr'>firmos</span> <span class='ocrx_word' id='word_1_89' title='bbox 974 1035 1156 1072; x_wconf 87' lang='lat' dir='ltr'>habentes,</span> 
     </span>
     <span class='ocr_line' id='line_1_15' title="bbox 150 1090 1159 1132; baseline -0.001 -9"><span class='ocrx_word' id='word_1_90' title='bbox 150 1101 208 1123; x_wconf 90' lang='lat' dir='ltr'>eos</span> <span class='ocrx_word' id='word_1_91' title='bbox 244 1090 459 1122; x_wconf 87' lang='lat' dir='ltr'>auctoritate</span> <span class='ocrx_word' id='word_1_92' title='bbox 495 1090 689 1131; x_wconf 84' lang='lat' dir='ltr'>apostolica</span> <span class='ocrx_word' id='word_1_93' title='bbox 725 1090 978 1121; x_wconf 79' lang='lat' dir='ltr'>confirmamus</span> <span class='ocrx_word' id='word_1_94' title='bbox 1013 1093 1048 1122; x_wconf 85' lang='lat' dir='ltr'>et</span> <span class='ocrx_word' id='word_1_95' title='bbox 1084 1101 1159 1132; x_wconf 88' lang='lat' dir='ltr'>pre-</span> 
     </span>
     <span class='ocr_line' id='line_1_16' title="bbox 151 1145 1159 1187; baseline -0.001 -9"><span class='ocrx_word' id='word_1_96' title='bbox 151 1146 260 1180; x_wconf 87' lang='lat' dir='ltr'>sentis</span> <span class='ocrx_word' id='word_1_97' title='bbox 293 1145 414 1187; x_wconf 87' lang='lat' dir='ltr'>scripti</span> <span class='ocrx_word' id='word_1_98' title='bbox 447 1145 644 1186; x_wconf 87' lang='lat' dir='ltr'>patrocinio</span> <span class='ocrx_word' id='word_1_99' title='bbox 678 1145 951 1177; x_wconf 88' lang='lat' dir='ltr'>communimus.</span> <span class='ocrx_word' id='word_1_100' title='bbox 987 1146 1159 1177; x_wconf 88' lang='lat' dir='ltr'>Tenorem</span> 
     </span>
     <span class='ocr_line' id='line_1_17' title="bbox 150 1199 1157 1241; baseline 0 -9"><span class='ocrx_word' id='word_1_101' title='bbox 150 1203 270 1232; x_wconf 88' lang='lat' dir='ltr'>autem</span> <span class='ocrx_word' id='word_1_102' title='bbox 295 1200 522 1232; x_wconf 88' lang='lat' dir='ltr'>instrumenti</span> <span class='ocrx_word' id='word_1_103' title='bbox 547 1199 710 1241; x_wconf 80' lang='lat' dir='ltr'>J&#39;amdicti</span> <span class='ocrx_word' id='word_1_104' title='bbox 736 1200 777 1231; x_wconf 87' lang='lat' dir='ltr'>de</span> <span class='ocrx_word' id='word_1_105' title='bbox 802 1200 912 1231; x_wconf 83' lang='lat' dir='ltr'>verbo</span> <span class='ocrx_word' id='word_1_106' title='bbox 938 1201 982 1231; x_wconf 85' lang='lat' dir='ltr'>ad</span> <span class='ocrx_word' id='word_1_107' title='bbox 1009 1201 1157 1232; x_wconf 88' lang='lat' dir='ltr'>verbum</span> 
     </span>
     <span class='ocr_line' id='line_1_18' title="bbox 150 1255 1021 1298; baseline 0 -11"><span class='ocrx_word' id='word_1_108' title='bbox 150 1256 372 1298; x_wconf 84' lang='lat' dir='ltr'>presentibus</span> <span class='ocrx_word' id='word_1_109' title='bbox 394 1255 541 1287; x_wconf 82' lang='lat' dir='ltr'>fecimus</span> <span class='ocrx_word' id='word_1_110' title='bbox 563 1255 727 1287; x_wconf 84' lang='lat' dir='ltr'>annotari</span> <span class='ocrx_word' id='word_1_111' title='bbox 751 1255 810 1296; x_wconf 85' lang='lat' dir='ltr'>qui</span> <span class='ocrx_word' id='word_1_112' title='bbox 834 1255 914 1287; x_wconf 86' lang='lat' dir='ltr'>talis</span> <span class='ocrx_word' id='word_1_113' title='bbox 937 1258 991 1287; x_wconf 86' lang='lat' dir='ltr'>est</span> <span class='ocrx_word' id='word_1_114' title='bbox 1016 1266 1021 1287; x_wconf 91' lang='lat'>:</span> 
     </span>
    </p>
   </div>
   <div class='ocr_carea' id='block_1_5' title="bbox 672 1368 1076 1403">
    <p class='ocr_par' dir='ltr' id='par_1_5' title="bbox 672 1368 1076 1403">
     <span class='ocr_line' id='line_1_19' title="bbox 672 1368 1076 1403; baseline -0.002 -7"><span class='ocrx_word' id='word_1_115' title='bbox 672 1369 806 1403; x_wconf 86' lang='lat' dir='ltr'>Anagni,</span> <span class='ocrx_word' id='word_1_116' title='bbox 831 1369 866 1396; x_wconf 92' lang='lat'>12</span> <span class='ocrx_word' id='word_1_117' title='bbox 890 1368 966 1396; x_wconf 78' lang='lat' dir='ltr'>aosst</span> <span class='ocrx_word' id='word_1_118' title='bbox 990 1369 1076 1395; x_wconf 82' lang='lat'>1259.</span> 
     </span>
    </p>
   </div>
   <div class='ocr_carea' id='block_1_6' title="bbox 146 1431 1158 3017">
    <p class='ocr_par' dir='ltr' id='par_1_6' title="bbox 146 1431 1158 3017">
     <span class='ocr_line' id='line_1_20' title="bbox 195 1431 1158 1470; baseline 0.001 -8"><span class='ocrx_word' id='word_1_119' title='bbox 195 1446 208 1462; x_wconf 90' lang='lat'>«</span> <span class='ocrx_word' id='word_1_120' title='bbox 241 1434 280 1465; x_wconf 92' lang='lat' dir='ltr'>In</span> <span class='ocrx_word' id='word_1_121' title='bbox 312 1433 452 1465; x_wconf 89' lang='lat' dir='ltr'>nomine</span> <span class='ocrx_word' id='word_1_122' title='bbox 483 1433 637 1470; x_wconf 93' lang='lat' dir='ltr'>Domini,</span> <span class='ocrx_word' id='word_1_123' title='bbox 661 1442 776 1464; x_wconf 86' lang='lat' dir='ltr'>amen.</span> <span class='ocrx_word' id='word_1_124' title='bbox 808 1432 895 1464; x_wconf 88' lang='lat' dir='ltr'>Cum</span> <span class='ocrx_word' id='word_1_125' title='bbox 926 1431 1009 1463; x_wconf 92' lang='lat' dir='ltr'>olim</span> <span class='ocrx_word' id='word_1_126' title='bbox 1039 1441 1158 1463; x_wconf 90' lang='lat' dir='ltr'>coram</span> 
     </span>
     <span class='ocr_line' id='line_1_21' title="bbox 151 1485 1156 1528; baseline 0 -11"><span class='ocrx_word' id='word_1_127' title='bbox 151 1501 163 1517; x_wconf 91' lang='lat'>«</span> <span class='ocrx_word' id='word_1_128' title='bbox 178 1488 279 1520; x_wconf 90' lang='lat' dir='ltr'>nobis</span> <span class='ocrx_word' id='word_1_129' title='bbox 302 1488 487 1525; x_wconf 80' lang='lat' dir='ltr'>Riccardo,</span> <span class='ocrx_word' id='word_1_130' title='bbox 513 1488 633 1520; x_wconf 81' lang='lat' dir='ltr'>Sancti</span> <span class='ocrx_word' id='word_1_131' title='bbox 655 1487 781 1528; x_wconf 82' lang='lat' dir='ltr'>Angeli</span> <span class='ocrx_word' id='word_1_132' title='bbox 805 1487 952 1519; x_wconf 90' lang='lat' dir='ltr'>diacono</span> <span class='ocrx_word' id='word_1_133' title='bbox 975 1485 1156 1524; x_wconf 86' lang='lat' dir='ltr'>cardinali,</span> 
     </span>
     <span class='ocr_line' id='line_1_22' title="bbox 148 1542 1156 1584; baseline 0.001 -12"><span class='ocrx_word' id='word_1_134' title='bbox 148 1544 261 1575; x_wconf 89' lang='lat' dir='ltr'>«dato</span> <span class='ocrx_word' id='word_1_135' title='bbox 304 1553 324 1575; x_wconf 91' lang='lat' dir='ltr'>a</span> <span class='ocrx_word' id='word_1_136' title='bbox 368 1543 510 1574; x_wconf 91' lang='lat' dir='ltr'>domino</span> <span class='ocrx_word' id='word_1_137' title='bbox 554 1552 647 1584; x_wconf 89' lang='lat' dir='ltr'>papa</span> <span class='ocrx_word' id='word_1_138' title='bbox 691 1542 866 1579; x_wconf 89' lang='lat' dir='ltr'>auditore,</span> <span class='ocrx_word' id='word_1_139' title='bbox 911 1544 1156 1584; x_wconf 85' lang='lat' dir='ltr'>procuratores</span> 
     </span>
     <span class='ocr_line' id='line_1_23' title="bbox 149 1597 1157 1640; baseline 0.001 -12"><span class='ocrx_word' id='word_1_140' title='bbox 149 1611 162 1628; x_wconf 87' lang='lat'>«</span> <span class='ocrx_word' id='word_1_141' title='bbox 176 1597 457 1640; x_wconf 87' lang='lat' dir='ltr'>Pampilonensis</span> <span class='ocrx_word' id='word_1_142' title='bbox 477 1597 632 1640; x_wconf 91' lang='lat' dir='ltr'>episcopi</span> <span class='ocrx_word' id='word_1_143' title='bbox 654 1600 816 1640; x_wconf 87' lang='lat' dir='ltr'>peterent</span> <span class='ocrx_word' id='word_1_144' title='bbox 837 1597 1041 1629; x_wconf 87' lang='lat' dir='ltr'>confirmari</span> <span class='ocrx_word' id='word_1_145' title='bbox 1062 1607 1157 1629; x_wconf 89' lang='lat' dir='ltr'>com-</span> 
     </span>
     <span class='ocr_line' id='line_1_24' title="bbox 149 1652 1156 1696; baseline 0.002 -14"><span class='ocrx_word' id='word_1_146' title='bbox 149 1666 161 1682; x_wconf 84' lang='lat'><strong><em>«</em></strong></span> <span class='ocrx_word' id='word_1_147' title='bbox 175 1653 388 1696; x_wconf 88' lang='lat' dir='ltr'>positionem</span> <span class='ocrx_word' id='word_1_148' title='bbox 406 1653 533 1685; x_wconf 89' lang='lat' dir='ltr'>initam</span> <span class='ocrx_word' id='word_1_149' title='bbox 550 1652 642 1684; x_wconf 88' lang='lat' dir='ltr'>inter</span> <span class='ocrx_word' id='word_1_150' title='bbox 659 1653 776 1695; x_wconf 89' lang='lat' dir='ltr'>ipsum</span> <span class='ocrx_word' id='word_1_151' title='bbox 795 1652 1011 1695; x_wconf 88' lang='lat' dir='ltr'>episcopum,</span> <span class='ocrx_word' id='word_1_152' title='bbox 1031 1653 1156 1694; x_wconf 87' lang='lat' dir='ltr'>domp-</span> 
     </span>
     <span class='ocr_line' id='line_1_25' title="bbox 147 1707 1154 1749; baseline 0 -10"><span class='ocrx_word' id='word_1_153' title='bbox 147 1720 160 1738; x_wconf 90' lang='lat'>«</span> <span class='ocrx_word' id='word_1_154' title='bbox 177 1718 240 1740; x_wconf 91' lang='lat' dir='ltr'>nos</span> <span class='ocrx_word' id='word_1_155' title='bbox 258 1708 485 1749; x_wconf 78' lang='lat' dir='ltr'>Peregrinum</span> <span class='ocrx_word' id='word_1_156' title='bbox 503 1710 539 1740; x_wconf 90' lang='lat' dir='ltr'>et</span> <span class='ocrx_word' id='word_1_157' title='bbox 556 1708 731 1740; x_wconf 89' lang='lat' dir='ltr'>Thomam</span> <span class='ocrx_word' id='word_1_158' title='bbox 750 1708 868 1739; x_wconf 87' lang='lat' dir='ltr'>Mense</span> <span class='ocrx_word' id='word_1_159' title='bbox 886 1710 922 1739; x_wconf 92' lang='lat' dir='ltr'>et</span> <span class='ocrx_word' id='word_1_160' title='bbox 940 1708 983 1740; x_wconf 92' lang='lat' dir='ltr'>de</span> <span class='ocrx_word' id='word_1_161' title='bbox 1002 1707 1154 1749; x_wconf 83' lang='lat' dir='ltr'>Eginaro</span> 
     </span>
     <span class='ocr_line' id='line_1_26' title="bbox 148 1763 1156 1805; baseline 0.002 -13"><span class='ocrx_word' id='word_1_162' title='bbox 148 1775 161 1792; x_wconf 90' lang='lat'>«</span> <span class='ocrx_word' id='word_1_163' title='bbox 178 1763 454 1800; x_wconf 85' lang='lat' dir='ltr'>archidiaconos,</span> <span class='ocrx_word' id='word_1_164' title='bbox 474 1763 534 1805; x_wconf 90' lang='lat' dir='ltr'>qui</span> <span class='ocrx_word' id='word_1_165' title='bbox 552 1763 693 1795; x_wconf 88' lang='lat' dir='ltr'>nomine</span> <span class='ocrx_word' id='word_1_166' title='bbox 711 1763 857 1805; x_wconf 88' lang='lat' dir='ltr'>capituli</span> <span class='ocrx_word' id='word_1_167' title='bbox 876 1763 1156 1805; x_wconf 88' lang='lat' dir='ltr'>Pampilonensis</span> 
     </span>
     <span class='ocr_line' id='line_1_27' title="bbox 146 1818 1154 1860; baseline -0.001 -10"><span class='ocrx_word' id='word_1_168' title='bbox 146 1829 238 1860; x_wconf 90' lang='lat' dir='ltr'>«pro</span> <span class='ocrx_word' id='word_1_169' title='bbox 270 1818 559 1860; x_wconf 86' lang='lat' dir='ltr'>procuratoribus</span> <span class='ocrx_word' id='word_1_170' title='bbox 588 1818 698 1860; x_wconf 91' lang='lat' dir='ltr'>ipsius</span> <span class='ocrx_word' id='word_1_171' title='bbox 729 1828 764 1850; x_wconf 91' lang='lat' dir='ltr'>se</span> <span class='ocrx_word' id='word_1_172' title='bbox 795 1818 976 1859; x_wconf 84' lang='lat' dir='ltr'>gerebant,</span> <span class='ocrx_word' id='word_1_173' title='bbox 1009 1827 1053 1849; x_wconf 85' lang='lat' dir='ltr'>ex</span> <span class='ocrx_word' id='word_1_174' title='bbox 1084 1828 1154 1850; x_wconf 90' lang='lat' dir='ltr'>una</span> 
     </span>
     <span class='ocr_line' id='line_1_28' title="bbox 146 1873 1153 1916; baseline 0.002 -13"><span class='ocrx_word' id='word_1_175' title='bbox 146 1886 159 1902; x_wconf 86' lang='lat'>«</span> <span class='ocrx_word' id='word_1_176' title='bbox 176 1876 287 1916; x_wconf 87' lang='lat' dir='ltr'>parte,</span> <span class='ocrx_word' id='word_1_177' title='bbox 308 1876 344 1905; x_wconf 89' lang='lat' dir='ltr'>et</span> <span class='ocrx_word' id='word_1_178' title='bbox 364 1873 548 1905; x_wconf 91' lang='lat' dir='ltr'>dominum</span> <span class='ocrx_word' id='word_1_179' title='bbox 567 1874 825 1910; x_wconf 89' lang='lat' dir='ltr'>Theobaldum,</span> <span class='ocrx_word' id='word_1_180' title='bbox 845 1873 1018 1905; x_wconf 88' lang='lat' dir='ltr'>illustrem</span> <span class='ocrx_word' id='word_1_181' title='bbox 1037 1882 1153 1915; x_wconf 81' lang='lat' dir='ltr'>regem</span> 
     </span>
     <span class='ocr_line' id='line_1_29' title="bbox 148 1929 1155 1970; baseline 0 -10"><span class='ocrx_word' id='word_1_182' title='bbox 148 1941 162 1957; x_wconf 90' lang='lat'>«</span> <span class='ocrx_word' id='word_1_183' title='bbox 179 1929 348 1965; x_wconf 75' lang='lat' dir='ltr'>Navarre,</span> <span class='ocrx_word' id='word_1_184' title='bbox 369 1939 413 1961; x_wconf 83' lang='lat' dir='ltr'>ex</span> <span class='ocrx_word' id='word_1_185' title='bbox 431 1929 553 1965; x_wconf 91' lang='lat' dir='ltr'>altera,</span> <span class='ocrx_word' id='word_1_186' title='bbox 575 1929 616 1960; x_wconf 86' lang='lat' dir='ltr'>E.</span> <span class='ocrx_word' id='word_1_187' title='bbox 634 1929 735 1970; x_wconf 89' lang='lat' dir='ltr'>Lupi,</span> <span class='ocrx_word' id='word_1_188' title='bbox 758 1929 1027 1961; x_wconf 83' lang='lat' dir='ltr'>archidiaconus</span> <span class='ocrx_word' id='word_1_189' title='bbox 1046 1929 1155 1960; x_wconf 86' lang='lat' dir='ltr'>Vallis</span> 
     </span>
     <span class='ocr_line' id='line_1_30' title="bbox 146 1983 1154 2026; baseline 0.002 -13"><span class='ocrx_word' id='word_1_190' title='bbox 146 1996 159 2013; x_wconf 86' lang='lat'>«</span> <span class='ocrx_word' id='word_1_191' title='bbox 178 1984 300 2021; x_wconf 86' lang='lat' dir='ltr'>Osclle,</span> <span class='ocrx_word' id='word_1_192' title='bbox 323 1986 359 2015; x_wconf 90' lang='lat' dir='ltr'>et</span> <span class='ocrx_word' id='word_1_193' title='bbox 382 1984 522 2016; x_wconf 89' lang='lat' dir='ltr'>Garsias</span> <span class='ocrx_word' id='word_1_194' title='bbox 544 1984 634 2025; x_wconf 90' lang='lat' dir='ltr'>Lupi</span> <span class='ocrx_word' id='word_1_195' title='bbox 657 1985 698 2016; x_wconf 90' lang='lat' dir='ltr'>de</span> <span class='ocrx_word' id='word_1_196' title='bbox 721 1983 971 2026; x_wconf 88' lang='lat' dir='ltr'>Lombierr[0]‚</span> <span class='ocrx_word' id='word_1_197' title='bbox 994 1984 1154 2016; x_wconf 90' lang='lat' dir='ltr'>canonici</span> 
     </span>
     <span class='ocr_line' id='line_1_31' title="bbox 146 2039 1155 2081; baseline 0 -11"><span class='ocrx_word' id='word_1_198' title='bbox 146 2051 159 2068; x_wconf 76' lang='grc' dir='ltr'>α</span> <span class='ocrx_word' id='word_1_199' title='bbox 177 2042 212 2071; x_wconf 93' lang='lat' dir='ltr'>et</span> <span class='ocrx_word' id='word_1_200' title='bbox 240 2042 485 2081; x_wconf 86' lang='lat' dir='ltr'>procuratores</span> <span class='ocrx_word' id='word_1_201' title='bbox 514 2039 660 2081; x_wconf 89' lang='lat' dir='ltr'>capituli</span> <span class='ocrx_word' id='word_1_202' title='bbox 689 2039 884 2081; x_wconf 83' lang='lat' dir='ltr'>supradicti</span> <span class='ocrx_word' id='word_1_203' title='bbox 912 2042 1155 2081; x_wconf 89' lang='lat' dir='ltr'>opposuerunt</span> 
     </span>
     <span class='ocr_line' id='line_1_32' title="bbox 148 2094 1154 2136; baseline 0.001 -11"><span class='ocrx_word' id='word_1_204' title='bbox 148 2104 211 2126; x_wconf 89' lang='lat' dir='ltr'>«se</span> <span class='ocrx_word' id='word_1_205' title='bbox 239 2094 342 2126; x_wconf 86' lang='lat' dir='ltr'>dictis</span> <span class='ocrx_word' id='word_1_206' title='bbox 369 2094 668 2136; x_wconf 88' lang='lat' dir='ltr'>procuratoribus,</span> <span class='ocrx_word' id='word_1_207' title='bbox 698 2097 892 2126; x_wconf 88' lang='lat' dir='ltr'>asserentes</span> <span class='ocrx_word' id='word_1_208' title='bbox 919 2094 1033 2136; x_wconf 89' lang='lat' dir='ltr'>ipsam</span> <span class='ocrx_word' id='word_1_209' title='bbox 1060 2104 1154 2126; x_wconf 91' lang='lat' dir='ltr'>com-</span> 
     </span>
     <span class='ocr_line' id='line_1_33' title="bbox 148 2149 1154 2191; baseline 0.001 -11"><span class='ocrx_word' id='word_1_210' title='bbox 148 2149 387 2191; x_wconf 91' lang='lat' dir='ltr'>«positionem</span> <span class='ocrx_word' id='word_1_211' title='bbox 419 2159 489 2181; x_wconf 92' lang='lat' dir='ltr'>non</span> <span class='ocrx_word' id='word_1_212' title='bbox 521 2159 595 2181; x_wconf 92' lang='lat' dir='ltr'>esse</span> <span class='ocrx_word' id='word_1_213' title='bbox 627 2150 911 2181; x_wconf 81' lang='lat' dir='ltr'>confirmandam</span> <span class='ocrx_word' id='word_1_214' title='bbox 943 2150 1003 2181; x_wconf 89' lang='lat' dir='ltr'>sed</span> <span class='ocrx_word' id='word_1_215' title='bbox 1036 2150 1154 2191; x_wconf 90' lang='lat' dir='ltr'>potius</span> 
     </span>
     <span class='ocr_line' id='line_1_34' title="bbox 149 2204 1155 2246; baseline 0.002 -11"><span class='ocrx_word' id='word_1_216' title='bbox 149 2204 428 2236; x_wconf 85' lang='lat' dir='ltr'>«infirmandam</span> <span class='ocrx_word' id='word_1_217' title='bbox 445 2215 452 2241; x_wconf 92' lang='lat'>;</span> <span class='ocrx_word' id='word_1_218' title='bbox 473 2207 509 2236; x_wconf 91' lang='lat' dir='ltr'>et</span> <span class='ocrx_word' id='word_1_219' title='bbox 528 2214 607 2236; x_wconf 90' lang='lat' dir='ltr'>cum</span> <span class='ocrx_word' id='word_1_220' title='bbox 628 2214 732 2246; x_wconf 88' lang='lat' dir='ltr'>super</span> <span class='ocrx_word' id='word_1_221' title='bbox 752 2205 816 2236; x_wconf 92' lang='lat' dir='ltr'>hoc</span> <span class='ocrx_word' id='word_1_222' title='bbox 836 2204 1043 2246; x_wconf 90' lang='lat' dir='ltr'>aliquandiu</span> <span class='ocrx_word' id='word_1_223' title='bbox 1063 2208 1155 2237; x_wconf 85' lang='lat' dir='ltr'>esset</span> 
     </span>
     <span class='ocr_line' id='line_1_35' title="bbox 149 2259 1154 2301; baseline 0.002 -11"><span class='ocrx_word' id='word_1_224' title='bbox 149 2260 220 2291; x_wconf 84' lang='lat' dir='ltr'>«ab</span> <span class='ocrx_word' id='word_1_225' title='bbox 260 2259 343 2301; x_wconf 87' lang='lat' dir='ltr'>ipsis</span> <span class='ocrx_word' id='word_1_226' title='bbox 382 2260 671 2301; x_wconf 88' lang='lat' dir='ltr'>procuratoribus</span> <span class='ocrx_word' id='word_1_227' title='bbox 711 2260 951 2301; x_wconf 80' lang='lat' dir='ltr'>disceptatum</span> <span class='ocrx_word' id='word_1_228' title='bbox 991 2261 1154 2293; x_wconf 87' lang='lat' dir='ltr'>dominus</span> 
     </span>
     <span class='ocr_line' id='line_1_36' title="bbox 149 2314 1154 2357; baseline 0.002 -12"><span class='ocrx_word' id='word_1_229' title='bbox 149 2324 269 2356; x_wconf 86' lang='lat' dir='ltr'>«papa</span> <span class='ocrx_word' id='word_1_230' title='bbox 294 2314 481 2346; x_wconf 81' lang='lat' dir='ltr'>mandavit</span> <span class='ocrx_word' id='word_1_231' title='bbox 504 2315 702 2356; x_wconf 90' lang='lat' dir='ltr'>predictum</span> <span class='ocrx_word' id='word_1_232' title='bbox 726 2323 842 2356; x_wconf 80' lang='lat' dir='ltr'>regem</span> <span class='ocrx_word' id='word_1_233' title='bbox 866 2325 928 2357; x_wconf 91' lang='lat' dir='ltr'>per</span> <span class='ocrx_word' id='word_1_234' title='bbox 949 2315 1154 2357; x_wconf 88' lang='lat' dir='ltr'>episcopum</span> 
     </span>
     <span class='ocr_line' id='line_1_37' title="bbox 150 2369 1154 2413; baseline 0.002 -12"><span class='ocrx_word' id='word_1_235' title='bbox 150 2372 213 2401; x_wconf 86' lang='lat' dir='ltr'>«et</span> <span class='ocrx_word' id='word_1_236' title='bbox 245 2369 417 2401; x_wconf 88' lang='lat' dir='ltr'>decanum</span> <span class='ocrx_word' id='word_1_237' title='bbox 449 2370 635 2401; x_wconf 87' lang='lat' dir='ltr'>Trecenses</span> <span class='ocrx_word' id='word_1_238' title='bbox 668 2380 708 2401; x_wconf 92' lang='lat' dir='ltr'>ac</span> <span class='ocrx_word' id='word_1_239' title='bbox 740 2370 944 2412; x_wconf 89' lang='lat' dir='ltr'>episcopum</span> <span class='ocrx_word' id='word_1_240' title='bbox 977 2371 1154 2413; x_wconf 89' lang='lat' dir='ltr'>Pampilo-</span> 
     </span>
     <span class='ocr_line' id='line_1_38' title="bbox 150 2425 1153 2466; baseline 0.001 -10"><span class='ocrx_word' id='word_1_241' title='bbox 150 2436 163 2453; x_wconf 73' lang='grc' dir='ltr'><em>α</em></span> <span class='ocrx_word' id='word_1_242' title='bbox 178 2434 320 2456; x_wconf 88' lang='lat' dir='ltr'>nensem</span> <span class='ocrx_word' id='word_1_243' title='bbox 345 2434 406 2466; x_wconf 89' lang='lat' dir='ltr'>per</span> <span class='ocrx_word' id='word_1_244' title='bbox 429 2425 579 2466; x_wconf 89' lang='lat' dir='ltr'>priorem</span> <span class='ocrx_word' id='word_1_245' title='bbox 604 2428 639 2457; x_wconf 91' lang='lat' dir='ltr'>et</span> <span class='ocrx_word' id='word_1_246' title='bbox 662 2425 846 2457; x_wconf 83' lang='lat' dir='ltr'>sacristam</span> <span class='ocrx_word' id='word_1_247' title='bbox 872 2425 1021 2458; x_wconf 80' lang='lat' dir='ltr'>Roscide</span> <span class='ocrx_word' id='word_1_248' title='bbox 1046 2426 1153 2458; x_wconf 92' lang='lat' dir='ltr'>Vallis</span> 
     </span>
     <span class='ocr_line' id='line_1_39' title="bbox 150 2479 1153 2523; baseline 0.003 -13"><span class='ocrx_word' id='word_1_249' title='bbox 150 2479 412 2521; x_wconf 87' lang='lat' dir='ltr'>«peremptorie</span> <span class='ocrx_word' id='word_1_250' title='bbox 451 2479 562 2517; x_wconf 89' lang='lat' dir='ltr'>citari,</span> <span class='ocrx_word' id='word_1_251' title='bbox 603 2483 642 2511; x_wconf 89' lang='lat' dir='ltr'>ut</span> <span class='ocrx_word' id='word_1_252' title='bbox 680 2483 775 2512; x_wconf 88' lang='lat' dir='ltr'>certa</span> <span class='ocrx_word' id='word_1_253' title='bbox 815 2481 869 2512; x_wconf 78' lang='lat' dir='ltr'>(lie</span> <span class='ocrx_word' id='word_1_254' title='bbox 908 2484 1153 2523; x_wconf 87' lang='lat' dir='ltr'>comparerent</span> 
     </span>
     <span class='ocr_line' id='line_1_40' title="bbox 150 2534 1154 2578; baseline 0.003 -13"><span class='ocrx_word' id='word_1_255' title='bbox 150 2547 162 2563; x_wconf 86' lang='lat'>«</span> <span class='ocrx_word' id='word_1_256' title='bbox 178 2544 295 2566; x_wconf 87' lang='lat' dir='ltr'>coram</span> <span class='ocrx_word' id='word_1_257' title='bbox 316 2535 402 2576; x_wconf 87' lang='lat' dir='ltr'>ipso.</span> <span class='ocrx_word' id='word_1_258' title='bbox 426 2534 473 2565; x_wconf 85' lang='lat' dir='ltr'>Et</span> <span class='ocrx_word' id='word_1_259' title='bbox 494 2535 587 2576; x_wconf 86' lang='lat' dir='ltr'>quia,</span> <span class='ocrx_word' id='word_1_260' title='bbox 610 2535 664 2567; x_wconf 87' lang='lat' dir='ltr'>die</span> <span class='ocrx_word' id='word_1_261' title='bbox 686 2536 844 2577; x_wconf 88' lang='lat' dir='ltr'>predicta</span> <span class='ocrx_word' id='word_1_262' title='bbox 865 2536 968 2567; x_wconf 90' lang='lat' dir='ltr'>dictis</span> <span class='ocrx_word' id='word_1_263' title='bbox 989 2546 1154 2578; x_wconf 90' lang='lat' dir='ltr'>procura-</span> 
     </span>
     <span class='ocr_line' id='line_1_41' title="bbox 150 2589 1152 2632; baseline 0.005 -14"><span class='ocrx_word' id='word_1_264' title='bbox 150 2602 162 2617; x_wconf 89' lang='lat'>«</span> <span class='ocrx_word' id='word_1_265' title='bbox 178 2589 313 2621; x_wconf 90' lang='lat' dir='ltr'>toribus</span> <span class='ocrx_word' id='word_1_266' title='bbox 351 2589 497 2631; x_wconf 89' lang='lat' dir='ltr'>capituli</span> <span class='ocrx_word' id='word_1_267' title='bbox 534 2589 569 2621; x_wconf 92' lang='lat' dir='ltr'>in</span> <span class='ocrx_word' id='word_1_268' title='bbox 608 2591 783 2632; x_wconf 85' lang='lat' dir='ltr'>presentia</span> <span class='ocrx_word' id='word_1_269' title='bbox 821 2591 980 2632; x_wconf 88' lang='lat' dir='ltr'>ejusdem</span> <span class='ocrx_word' id='word_1_270' title='bbox 1019 2592 1152 2623; x_wconf 89' lang='lat' dir='ltr'>domini</span> 
     </span>
     <span class='ocr_line' id='line_1_42' title="bbox 151 2644 1153 2688; baseline 0.004 -14"><span class='ocrx_word' id='word_1_271' title='bbox 151 2654 268 2686; x_wconf 89' lang='lat' dir='ltr'>«pape</span> <span class='ocrx_word' id='word_1_272' title='bbox 300 2644 598 2686; x_wconf 86' lang='lat' dir='ltr'>comparentibus,</span> <span class='ocrx_word' id='word_1_273' title='bbox 632 2645 747 2677; x_wconf 89' lang='lat' dir='ltr'>nullus</span> <span class='ocrx_word' id='word_1_274' title='bbox 778 2646 957 2678; x_wconf 86' lang='lat' dir='ltr'>sufficiens</span> <span class='ocrx_word' id='word_1_275' title='bbox 989 2656 1153 2688; x_wconf 91' lang='lat' dir='ltr'>procura-</span> 
     </span>
     <span class='ocr_line' id='line_1_43' title="bbox 152 2699 1154 2743; baseline 0.005 -14"><span class='ocrx_word' id='word_1_276' title='bbox 152 2712 164 2727; x_wconf 89' lang='lat'>«</span> <span class='ocrx_word' id='word_1_277' title='bbox 179 2702 235 2731; x_wconf 88' lang='lat' dir='ltr'>tor</span> <span class='ocrx_word' id='word_1_278' title='bbox 257 2700 450 2731; x_wconf 88' lang='lat' dir='ltr'>secundum</span> <span class='ocrx_word' id='word_1_279' title='bbox 472 2699 623 2731; x_wconf 82' lang='lat' dir='ltr'>formam</span> <span class='ocrx_word' id='word_1_280' title='bbox 647 2701 818 2738; x_wconf 88' lang='lat' dir='ltr'>mandati,</span> <span class='ocrx_word' id='word_1_281' title='bbox 843 2711 923 2733; x_wconf 88' lang='lat' dir='ltr'>curn</span> <span class='ocrx_word' id='word_1_282' title='bbox 946 2705 1154 2743; x_wconf 85' lang='lat' dir='ltr'>procurator</span> 
     </span>
     <span class='ocr_line' id='line_1_44' title="bbox 152 2754 1154 2799; baseline 0.004 -14"><span class='ocrx_word' id='word_1_283' title='bbox 152 2755 239 2796; x_wconf 88' lang='lat' dir='ltr'>«qui</span> <span class='ocrx_word' id='word_1_284' title='bbox 259 2754 457 2796; x_wconf 82' lang='lat' dir='ltr'>comparuit.</span> <span class='ocrx_word' id='word_1_285' title='bbox 477 2765 538 2796; x_wconf 91' lang='lat' dir='ltr'>pro</span> <span class='ocrx_word' id='word_1_286' title='bbox 559 2755 722 2797; x_wconf 88' lang='lat' dir='ltr'>episeopo</span> <span class='ocrx_word' id='word_1_287' title='bbox 743 2766 811 2787; x_wconf 89' lang='lat' dir='ltr'>non</span> <span class='ocrx_word' id='word_1_288' title='bbox 832 2756 977 2788; x_wconf 85' lang='lat' dir='ltr'>haberet</span> <span class='ocrx_word' id='word_1_289' title='bbox 998 2760 1154 2799; x_wconf 86' lang='lat' dir='ltr'>potcsta-</span> 
     </span>
     <span class='ocr_line' id='line_1_45' title="bbox 152 2810 1155 2854; baseline 0.004 -14"><span class='ocrx_word' id='word_1_290' title='bbox 152 2813 250 2841; x_wconf 88' lang='lat' dir='ltr'>«tem</span> <span class='ocrx_word' id='word_1_291' title='bbox 273 2810 506 2851; x_wconf 86' lang='lat' dir='ltr'>componendi</span> <span class='ocrx_word' id='word_1_292' title='bbox 529 2820 591 2851; x_wconf 89' lang='lat' dir='ltr'>pro</span> <span class='ocrx_word' id='word_1_293' title='bbox 614 2810 696 2852; x_wconf 88' lang='lat' dir='ltr'>ipsis</span> <span class='ocrx_word' id='word_1_294' title='bbox 718 2820 795 2851; x_wconf 76' lang='lat' dir='ltr'>rege</span> <span class='ocrx_word' id='word_1_295' title='bbox 818 2814 852 2843; x_wconf 88' lang='lat' dir='ltr'>et</span> <span class='ocrx_word' id='word_1_296' title='bbox 874 2812 1037 2854; x_wconf 87' lang='lat' dir='ltr'>episcopo</span> <span class='ocrx_word' id='word_1_297' title='bbox 1060 2823 1155 2844; x_wconf 89' lang='lat' dir='ltr'>com-</span> 
     </span>
     <span class='ocr_line' id='line_1_46' title="bbox 151 2865 1154 2909; baseline 0.004 -14"><span class='ocrx_word' id='word_1_298' title='bbox 151 2867 328 2907; x_wconf 79' lang='lat' dir='ltr'>«parcret,</span> <span class='ocrx_word' id='word_1_299' title='bbox 362 2865 490 2896; x_wconf 85' lang='lat' dir='ltr'>iterato</span> <span class='ocrx_word' id='word_1_300' title='bbox 525 2865 688 2897; x_wconf 85' lang='lat' dir='ltr'>dominus</span> <span class='ocrx_word' id='word_1_301' title='bbox 721 2876 813 2908; x_wconf 86' lang='lat' dir='ltr'>papa</span> <span class='ocrx_word' id='word_1_302' title='bbox 847 2867 1033 2898; x_wconf 86' lang='lat' dir='ltr'>mandavit</span> <span class='ocrx_word' id='word_1_303' title='bbox 1065 2868 1154 2909; x_wconf 82' lang='lat' dir='ltr'>epis-</span> 
     </span>
     <span class='ocr_line' id='line_1_47' title="bbox 152 2919 1152 2964; baseline 0.005 -14"><span class='ocrx_word' id='word_1_304' title='bbox 152 2933 163 2949; x_wconf 56' lang='grc' dir='ltr'>υ</span> <span class='ocrx_word' id='word_1_305' title='bbox 179 2930 266 2961; x_wconf 90' lang='lat' dir='ltr'>copo</span> <span class='ocrx_word' id='word_1_306' title='bbox 301 2923 336 2951; x_wconf 86' lang='lat' dir='ltr'>et</span> <span class='ocrx_word' id='word_1_307' title='bbox 369 2919 513 2951; x_wconf 78' lang='lat' dir='ltr'>sacriste</span> <span class='ocrx_word' id='word_1_308' title='bbox 549 2920 758 2952; x_wconf 78' lang='lat' dir='ltr'>Oscensibus</span> <span class='ocrx_word' id='word_1_309' title='bbox 793 2922 887 2963; x_wconf 90' lang='lat' dir='ltr'>quod</span> <span class='ocrx_word' id='word_1_310' title='bbox 921 2932 1026 2964; x_wconf 89' lang='lat' dir='ltr'>super</span> <span class='ocrx_word' id='word_1_311' title='bbox 1058 2923 1152 2955; x_wconf 82' lang='lat' dir='ltr'>facto</span> 
     </span>
     <span class='ocr_line' id='line_1_48' title="bbox 151 2975 1023 3017; baseline 0.006 -13"><span class='ocrx_word' id='word_1_312' title='bbox 151 2975 444 3017; x_wconf 89' lang='lat' dir='ltr'>«compositionis</span> <span class='ocrx_word' id='word_1_313' title='bbox 464 2976 694 3017; x_wconf 82' lang='lat' dir='ltr'>procederent</span> <span class='ocrx_word' id='word_1_314' title='bbox 713 2976 777 3007; x_wconf 88' lang='lat' dir='ltr'>sub</span> <span class='ocrx_word' id='word_1_315' title='bbox 798 2977 863 3008; x_wconf 84' lang='lat' dir='ltr'>hac</span> <span class='ocrx_word' id='word_1_316' title='bbox 882 2977 995 3009; x_wconf 87' lang='lat' dir='ltr'>forma</span> <span class='ocrx_word' id='word_1_317' title='bbox 1017 2988 1023 3008; x_wconf 75' lang='grc' dir='ltr'>ε</span> 
     </span>
    </p>
   </div>
   <div class='ocr_carea' id='block_1_7' title="bbox 1210 403 1214 1661">
    <p class='ocr_par' dir='ltr' id='par_1_7' title="bbox 1210 403 1214 1661">
     <span class='ocr_line' id='line_1_49' title="bbox 1210 403 1214 1661; baseline 0 0"><span class='ocrx_word' id='word_1_318' title='bbox 1210 403 1214 1661; x_wconf 95' lang='lat' dir='ltr'> </span> 
     </span>
    </p>
   </div>
   <div class='ocr_carea' id='block_1_8' title="bbox 1208 403 1214 2970">
    <p class='ocr_par' dir='ltr' id='par_1_8' title="bbox 1208 403 1214 2970">
     <span class='ocr_line' id='line_1_50' title="bbox 1208 403 1214 2970; baseline 0 0"><span class='ocrx_word' id='word_1_319' title='bbox 1208 403 1214 2970; x_wconf 95' lang='lat' dir='ltr'> </span> 
     </span>
    </p>
   </div>
   <div class='ocr_carea' id='block_1_9' title="bbox 1696 375 2183 409">
    <p class='ocr_par' dir='ltr' id='par_1_9' title="bbox 1696 375 2183 409">
     <span class='ocr_line' id='line_1_51' title="bbox 1696 375 2183 409; baseline 0.004 -8"><span class='ocrx_word' id='word_1_320' title='bbox 1696 375 1834 407; x_wconf 87' lang='lat' dir='ltr'>Viterbe,</span> <span class='ocrx_word' id='word_1_321' title='bbox 1858 375 1875 402; x_wconf 84' lang='lat'>9</span> <span class='ocrx_word' id='word_1_322' title='bbox 1897 375 2073 409; x_wconf 86' lang='lat' dir='ltr'>septembre</span> <span class='ocrx_word' id='word_1_323' title='bbox 2097 376 2183 403; x_wconf 87' lang='lat'>1257.</span> 
     </span>
    </p>
   </div>
   <div class='ocr_carea' id='block_1_10' title="bbox 1253 438 2272 3018">
    <p class='ocr_par' dir='ltr' id='par_1_10' title="bbox 1253 438 2272 3018">
     <span class='ocr_line' id='line_1_52' title="bbox 1309 438 2263 480; baseline 0.003 -11"><span class='ocrx_word' id='word_1_324' title='bbox 1309 450 1319 464; x_wconf 60' lang='grc' dir='ltr'>υ</span> <span class='ocrx_word' id='word_1_325' title='bbox 1355 438 1556 469; x_wconf 77' lang='lat' dir='ltr'>Alexander</span> <span class='ocrx_word' id='word_1_326' title='bbox 1588 438 1783 480; x_wconf 88' lang='lat' dir='ltr'>episcopus,</span> <span class='ocrx_word' id='word_1_327' title='bbox 1818 448 1939 469; x_wconf 91' lang='lat' dir='ltr'>servus</span> <span class='ocrx_word' id='word_1_328' title='bbox 1972 448 2153 471; x_wconf 83' lang='lat' dir='ltr'>servorum</span> <span class='ocrx_word' id='word_1_329' title='bbox 2187 439 2263 477; x_wconf 85' lang='lat' dir='ltr'>Dei,</span> 
     </span>
     <span class='ocr_line' id='line_1_53' title="bbox 1264 490 2266 532; baseline 0.004 -11"><span class='ocrx_word' id='word_1_330' title='bbox 1264 502 1276 517; x_wconf 84' lang='lat'>«</span> <span class='ocrx_word' id='word_1_331' title='bbox 1290 490 1481 522; x_wconf 74' lang='lat' dir='ltr'>venerabili</span> <span class='ocrx_word' id='word_1_332' title='bbox 1496 491 1621 522; x_wconf 86' lang='lat' dir='ltr'>fratri..</span> <span class='ocrx_word' id='word_1_333' title='bbox 1638 490 1801 532; x_wconf 83' lang='lat' dir='ltr'>episcopo</span> <span class='ocrx_word' id='word_1_334' title='bbox 1816 493 1851 522; x_wconf 86' lang='lat' dir='ltr'>et</span> <span class='ocrx_word' id='word_1_335' title='bbox 1867 491 1994 523; x_wconf 89' lang='lat' dir='ltr'>dilecto</span> <span class='ocrx_word' id='word_1_336' title='bbox 2009 491 2106 523; x_wconf 85' lang='lat' dir='ltr'>filio..</span> <span class='ocrx_word' id='word_1_337' title='bbox 2122 491 2266 525; x_wconf 86' lang='lat' dir='ltr'>sacriste</span> 
     </span>
     <span class='ocr_line' id='line_1_54' title="bbox 1263 542 2267 585; baseline 0.002 -11"><span class='ocrx_word' id='word_1_338' title='bbox 1263 542 1512 580; x_wconf 86' lang='lat' dir='ltr'>«Oscensibus,</span> <span class='ocrx_word' id='word_1_339' title='bbox 1544 543 1695 575; x_wconf 85' lang='lat' dir='ltr'>salutem</span> <span class='ocrx_word' id='word_1_340' title='bbox 1726 546 1762 575; x_wconf 90' lang='lat' dir='ltr'>et</span> <span class='ocrx_word' id='word_1_341' title='bbox 1791 543 2023 585; x_wconf 88' lang='lat' dir='ltr'>apostolicam</span> <span class='ocrx_word' id='word_1_342' title='bbox 2053 543 2267 576; x_wconf 86' lang='lat' dir='ltr'>benedictio-</span> 
     </span>
     <span class='ocr_line' id='line_1_55' title="bbox 1264 596 2267 638; baseline 0.003 -12"><span class='ocrx_word' id='word_1_343' title='bbox 1264 606 1382 627; x_wconf 85' lang='lat' dir='ltr'>«nem.</span> <span class='ocrx_word' id='word_1_344' title='bbox 1418 596 1669 637; x_wconf 77' lang='lat' dir='ltr'>Significarunt</span> <span class='ocrx_word' id='word_1_345' title='bbox 1702 596 1803 628; x_wconf 92' lang='lat' dir='ltr'>nobis</span> <span class='ocrx_word' id='word_1_346' title='bbox 1835 596 1953 628; x_wconf 89' lang='lat' dir='ltr'>dilecti</span> <span class='ocrx_word' id='word_1_347' title='bbox 1985 596 2072 628; x_wconf 89' lang='lat' dir='ltr'>filii..</span> <span class='ocrx_word' id='word_1_348' title='bbox 2106 596 2201 638; x_wconf 89' lang='lat' dir='ltr'>prior</span> <span class='ocrx_word' id='word_1_349' title='bbox 2231 599 2267 629; x_wconf 86' lang='lat' dir='ltr'>et</span> 
     </span>
     <span class='ocr_line' id='line_1_56' title="bbox 1264 648 2267 691; baseline 0.003 -12"><span class='ocrx_word' id='word_1_350' title='bbox 1264 649 1487 690; x_wconf 87' lang='lat' dir='ltr'>«capitulum</span> <span class='ocrx_word' id='word_1_351' title='bbox 1511 648 1651 680; x_wconf 88' lang='lat' dir='ltr'>ecclesie</span> <span class='ocrx_word' id='word_1_352' title='bbox 1676 649 1966 691; x_wconf 88' lang='lat' dir='ltr'>Pampilonensis‚</span> <span class='ocrx_word' id='word_1_353' title='bbox 1992 649 2123 682; x_wconf 89' lang='lat' dir='ltr'>ordinis</span> <span class='ocrx_word' id='word_1_354' title='bbox 2147 649 2267 682; x_wconf 87' lang='lat' dir='ltr'>Sancti</span> 
     </span>
     <span class='ocr_line' id='line_1_57' title="bbox 1264 701 2267 743; baseline 0.003 -11"><span class='ocrx_word' id='word_1_355' title='bbox 1264 701 1491 742; x_wconf 78' lang='lat' dir='ltr'>«Augustini,</span> <span class='ocrx_word' id='word_1_356' title='bbox 1518 702 1613 743; x_wconf 91' lang='lat' dir='ltr'>quod</span> <span class='ocrx_word' id='word_1_357' title='bbox 1639 711 1719 733; x_wconf 89' lang='lat' dir='ltr'>cum</span> <span class='ocrx_word' id='word_1_358' title='bbox 1743 702 1836 733; x_wconf 91' lang='lat' dir='ltr'>inter</span> <span class='ocrx_word' id='word_1_359' title='bbox 1859 702 2097 734; x_wconf 88' lang='lat' dir='ltr'>venerabilem</span> <span class='ocrx_word' id='word_1_360' title='bbox 2120 702 2267 735; x_wconf 82' lang='lat' dir='ltr'>fratrem</span> 
     </span>
     <span class='ocr_line' id='line_1_58' title="bbox 1264 754 2268 797; baseline 0.002 -12"><span class='ocrx_word' id='word_1_361' title='bbox 1264 757 1476 786; x_wconf 64' lang='lat' dir='ltr'>mmstrum..</span> <span class='ocrx_word' id='word_1_362' title='bbox 1512 754 1718 796; x_wconf 82' lang='lat' dir='ltr'>episcopum</span> <span class='ocrx_word' id='word_1_363' title='bbox 1753 754 2070 796; x_wconf 90' lang='lat' dir='ltr'>Pampilonensem,</span> <span class='ocrx_word' id='word_1_364' title='bbox 2106 757 2142 787; x_wconf 84' lang='lat' dir='ltr'>et</span> <span class='ocrx_word' id='word_1_365' title='bbox 2174 755 2268 797; x_wconf 88' lang='lat' dir='ltr'>ipsos</span> 
     </span>
     <span class='ocr_line' id='line_1_59' title="bbox 1264 807 2268 848; baseline 0.002 -10"><span class='ocrx_word' id='word_1_366' title='bbox 1264 817 1335 838; x_wconf 88' lang='lat' dir='ltr'>«ex</span> <span class='ocrx_word' id='word_1_367' title='bbox 1364 809 1464 848; x_wconf 86' lang='lat' dir='ltr'>parte</span> <span class='ocrx_word' id='word_1_368' title='bbox 1494 817 1575 843; x_wconf 89' lang='lat' dir='ltr'>una,</span> <span class='ocrx_word' id='word_1_369' title='bbox 1606 817 1646 839; x_wconf 87' lang='lat' dir='ltr'>ac</span> <span class='ocrx_word' id='word_1_370' title='bbox 1675 807 1895 839; x_wconf 88' lang='lat' dir='ltr'>carissimum</span> <span class='ocrx_word' id='word_1_371' title='bbox 1923 807 1959 838; x_wconf 90' lang='lat' dir='ltr'>in</span> <span class='ocrx_word' id='word_1_372' title='bbox 1988 807 2125 839; x_wconf 86' lang='lat' dir='ltr'>Christo</span> <span class='ocrx_word' id='word_1_373' title='bbox 2154 808 2268 840; x_wconf 89' lang='lat' dir='ltr'>filium</span> 
     </span>
     <span class='ocr_line' id='line_1_60' title="bbox 1264 860 2267 901; baseline 0.002 -10"><span class='ocrx_word' id='word_1_374' title='bbox 1264 862 1453 891; x_wconf 88' lang='lat' dir='ltr'>«nostrum</span> <span class='ocrx_word' id='word_1_375' title='bbox 1491 868 1607 901; x_wconf 83' lang='lat' dir='ltr'>regem</span> <span class='ocrx_word' id='word_1_376' title='bbox 1647 860 1805 892; x_wconf 88' lang='lat' dir='ltr'>Navarre</span> <span class='ocrx_word' id='word_1_377' title='bbox 1842 860 2026 897; x_wconf 84' lang='lat' dir='ltr'>illustrem,</span> <span class='ocrx_word' id='word_1_378' title='bbox 2065 870 2109 892; x_wconf 85' lang='lat' dir='ltr'>ex</span> <span class='ocrx_word' id='word_1_379' title='bbox 2145 861 2267 898; x_wconf 84' lang='lat' dir='ltr'>altera,</span> 
     </span>
     <span class='ocr_line' id='line_1_61' title="bbox 1266 912 2268 955; baseline 0.002 -11"><span class='ocrx_word' id='word_1_380' title='bbox 1266 923 1398 954; x_wconf 87' lang='lat' dir='ltr'>«super</span> <span class='ocrx_word' id='word_1_381' title='bbox 1432 912 1540 944; x_wconf 82' lang='lat' dir='ltr'>variis</span> <span class='ocrx_word' id='word_1_382' title='bbox 1573 915 1608 944; x_wconf 92' lang='lat' dir='ltr'>et</span> <span class='ocrx_word' id='word_1_383' title='bbox 1643 913 1789 944; x_wconf 86' lang='lat' dir='ltr'>diversis</span> <span class='ocrx_word' id='word_1_384' title='bbox 1823 912 1980 944; x_wconf 89' lang='lat' dir='ltr'>articulis</span> <span class='ocrx_word' id='word_1_385' title='bbox 2013 913 2108 955; x_wconf 90' lang='lat' dir='ltr'>apud</span> <span class='ocrx_word' id='word_1_386' title='bbox 2144 913 2268 946; x_wconf 91' lang='lat' dir='ltr'>Sedem</span> 
     </span>
     <span class='ocr_line' id='line_1_62' title="bbox 1265 965 2268 1007; baseline 0.001 -10"><span class='ocrx_word' id='word_1_387' title='bbox 1265 966 1535 1007; x_wconf 81' lang='lat' dir='ltr'>«Apostolicam</span> <span class='ocrx_word' id='word_1_388' title='bbox 1577 966 1714 1007; x_wconf 87' lang='lat' dir='ltr'>questio</span> <span class='ocrx_word' id='word_1_389' title='bbox 1756 965 1892 1006; x_wconf 83' lang='lat' dir='ltr'>agitata</span> <span class='ocrx_word' id='word_1_390' title='bbox 1932 965 2069 1003; x_wconf 86' lang='lat' dir='ltr'>fuisset,</span> <span class='ocrx_word' id='word_1_391' title='bbox 2111 966 2268 1003; x_wconf 90' lang='lat' dir='ltr'>tandem,</span> 
     </span>
     <span class='ocr_line' id='line_1_63' title="bbox 1265 1018 2270 1060; baseline 0 -10"><span class='ocrx_word' id='word_1_392' title='bbox 1265 1018 1385 1050; x_wconf 85' lang='lat' dir='ltr'>«inter</span> <span class='ocrx_word' id='word_1_393' title='bbox 1415 1018 1620 1060; x_wconf 91' lang='lat' dir='ltr'>episcopum</span> <span class='ocrx_word' id='word_1_394' title='bbox 1652 1021 1688 1050; x_wconf 87' lang='lat' dir='ltr'>et</span> <span class='ocrx_word' id='word_1_395' title='bbox 1719 1027 1836 1060; x_wconf 81' lang='lat' dir='ltr'>regem</span> <span class='ocrx_word' id='word_1_396' title='bbox 1868 1018 2045 1060; x_wconf 89' lang='lat' dir='ltr'>predictos</span> <span class='ocrx_word' id='word_1_397' title='bbox 2076 1018 2270 1051; x_wconf 89' lang='lat' dir='ltr'>amicabilis</span> 
     </span>
     <span class='ocr_line' id='line_1_64' title="bbox 1265 1071 2270 1113; baseline 0.001 -11"><span class='ocrx_word' id='word_1_398' title='bbox 1265 1071 1500 1113; x_wconf 82' lang='lat' dir='ltr'>«compositio</span> <span class='ocrx_word' id='word_1_399' title='bbox 1528 1071 1732 1108; x_wconf 84' lang='lat' dir='ltr'>intervenit,</span> <span class='ocrx_word' id='word_1_400' title='bbox 1762 1080 1881 1113; x_wconf 89' lang='lat' dir='ltr'>quam,</span> <span class='ocrx_word' id='word_1_401' title='bbox 1909 1081 1991 1103; x_wconf 91' lang='lat' dir='ltr'>cum</span> <span class='ocrx_word' id='word_1_402' title='bbox 2017 1071 2111 1103; x_wconf 90' lang='lat' dir='ltr'>idem</span> <span class='ocrx_word' id='word_1_403' title='bbox 2138 1071 2270 1113; x_wconf 91' lang='lat' dir='ltr'>episco-</span> 
     </span>
     <span class='ocr_line' id='line_1_65' title="bbox 1264 1123 2268 1166; baseline 0.002 -11"><span class='ocrx_word' id='word_1_404' title='bbox 1264 1134 1357 1165; x_wconf 93' lang='lat' dir='ltr'>«pus</span> <span class='ocrx_word' id='word_1_405' title='bbox 1386 1134 1447 1166; x_wconf 89' lang='lat' dir='ltr'>per</span> <span class='ocrx_word' id='word_1_406' title='bbox 1475 1127 1741 1166; x_wconf 87' lang='lat' dir='ltr'>procuratorem</span> <span class='ocrx_word' id='word_1_407' title='bbox 1769 1134 1873 1156; x_wconf 91' lang='lat' dir='ltr'>suum</span> <span class='ocrx_word' id='word_1_408' title='bbox 1901 1123 2104 1156; x_wconf 87' lang='lat' dir='ltr'>confirmari</span> <span class='ocrx_word' id='word_1_409' title='bbox 2131 1134 2151 1156; x_wconf 86' lang='lat' dir='ltr'>a</span> <span class='ocrx_word' id='word_1_410' title='bbox 2180 1124 2268 1157; x_wconf 90' lang='lat' dir='ltr'>Sede</span> 
     </span>
     <span class='ocr_line' id='line_1_66' title="bbox 1266 1176 2271 1219; baseline 0.002 -13"><span class='ocrx_word' id='word_1_411' title='bbox 1266 1176 1508 1219; x_wconf 86' lang='lat' dir='ltr'>«postulasset</span> <span class='ocrx_word' id='word_1_412' title='bbox 1529 1177 1664 1214; x_wconf 88' lang='lat' dir='ltr'>eadem,</span> <span class='ocrx_word' id='word_1_413' title='bbox 1688 1176 1806 1209; x_wconf 87' lang='lat' dir='ltr'>dilecti</span> <span class='ocrx_word' id='word_1_414' title='bbox 1827 1176 1891 1208; x_wconf 87' lang='lat' dir='ltr'>filii</span> <span class='ocrx_word' id='word_1_415' title='bbox 1913 1176 1953 1208; x_wconf 95' lang='lat' dir='ltr'>O.</span> <span class='ocrx_word' id='word_1_416' title='bbox 1975 1176 2077 1219; x_wconf 86' lang='lat' dir='ltr'>Lupi,</span> <span class='ocrx_word' id='word_1_417' title='bbox 2099 1177 2271 1209; x_wconf 89' lang='lat' dir='ltr'>archidia-</span> 
     </span>
     <span class='ocr_line' id='line_1_67' title="bbox 1264 1229 2268 1271; baseline -0.001 -9"><span class='ocrx_word' id='word_1_418' title='bbox 1264 1239 1402 1262; x_wconf 91' lang='lat' dir='ltr'>«conus</span> <span class='ocrx_word' id='word_1_419' title='bbox 1432 1230 1540 1261; x_wconf 89' lang='lat' dir='ltr'>Vallis</span> <span class='ocrx_word' id='word_1_420' title='bbox 1571 1230 1711 1267; x_wconf 89' lang='lat' dir='ltr'>Osselle,</span> <span class='ocrx_word' id='word_1_421' title='bbox 1743 1232 1779 1261; x_wconf 90' lang='lat' dir='ltr'>et</span> <span class='ocrx_word' id='word_1_422' title='bbox 1811 1229 1851 1262; x_wconf 93' lang='lat' dir='ltr'>G.</span> <span class='ocrx_word' id='word_1_423' title='bbox 1883 1229 1974 1271; x_wconf 93' lang='lat' dir='ltr'>Lupi</span> <span class='ocrx_word' id='word_1_424' title='bbox 2004 1230 2046 1262; x_wconf 92' lang='lat' dir='ltr'>de</span> <span class='ocrx_word' id='word_1_425' title='bbox 2076 1230 2268 1267; x_wconf 90' lang='lat' dir='ltr'>Lombiert,</span> 
     </span>
     <span class='ocr_line' id='line_1_68' title="bbox 1264 1282 2269 1325; baseline 0.003 -13"><span class='ocrx_word' id='word_1_426' title='bbox 1264 1295 1277 1311; x_wconf 88' lang='lat'>«</span> <span class='ocrx_word' id='word_1_427' title='bbox 1292 1282 1451 1314; x_wconf 91' lang='lat' dir='ltr'>canonici</span> <span class='ocrx_word' id='word_1_428' title='bbox 1478 1283 1759 1324; x_wconf 87' lang='lat' dir='ltr'>Pampilonensis</span> <span class='ocrx_word' id='word_1_429' title='bbox 1784 1282 1937 1321; x_wconf 86' lang='lat' dir='ltr'>ecclesie,</span> <span class='ocrx_word' id='word_1_430' title='bbox 1963 1285 1999 1314; x_wconf 91' lang='lat' dir='ltr'>et</span> <span class='ocrx_word' id='word_1_431' title='bbox 2025 1285 2269 1325; x_wconf 89' lang='lat' dir='ltr'>procuratores</span> 
     </span>
     <span class='ocr_line' id='line_1_69' title="bbox 1265 1335 2266 1378; baseline 0.002 -13"><span class='ocrx_word' id='word_1_432' title='bbox 1265 1335 1532 1377; x_wconf 84' lang='lat' dir='ltr'>«predictorum</span> <span class='ocrx_word' id='word_1_433' title='bbox 1566 1336 1690 1378; x_wconf 90' lang='lat' dir='ltr'>prioris</span> <span class='ocrx_word' id='word_1_434' title='bbox 1724 1338 1760 1368; x_wconf 89' lang='lat' dir='ltr'>et</span> <span class='ocrx_word' id='word_1_435' title='bbox 1793 1335 1950 1378; x_wconf 86' lang='lat' dir='ltr'>capituli,</span> <span class='ocrx_word' id='word_1_436' title='bbox 1985 1345 2105 1368; x_wconf 91' lang='lat' dir='ltr'>coram</span> <span class='ocrx_word' id='word_1_437' title='bbox 2139 1335 2266 1368; x_wconf 91' lang='lat' dir='ltr'>dilecto</span> 
     </span>
     <span class='ocr_line' id='line_1_70' title="bbox 1262 1388 2263 1430; baseline 0.001 -11"><span class='ocrx_word' id='word_1_438' title='bbox 1262 1388 1362 1420; x_wconf 88' lang='lat' dir='ltr'>«filio</span> <span class='ocrx_word' id='word_1_439' title='bbox 1391 1391 1510 1420; x_wconf 87' lang='lat' dir='ltr'>nostro</span> <span class='ocrx_word' id='word_1_440' title='bbox 1539 1389 1582 1421; x_wconf 81' lang='lat' dir='ltr'>R.</span> <span class='ocrx_word' id='word_1_441' title='bbox 1611 1389 1731 1421; x_wconf 86' lang='lat' dir='ltr'>Sancti</span> <span class='ocrx_word' id='word_1_442' title='bbox 1757 1389 1882 1430; x_wconf 82' lang='lat' dir='ltr'>Angeli</span> <span class='ocrx_word' id='word_1_443' title='bbox 1909 1389 2056 1421; x_wconf 91' lang='lat' dir='ltr'>diacono</span> <span class='ocrx_word' id='word_1_444' title='bbox 2083 1388 2263 1426; x_wconf 86' lang='lat' dir='ltr'>cardinali,</span> 
     </span>
     <span class='ocr_line' id='line_1_71' title="bbox 1263 1441 2270 1483; baseline 0.002 -12"><span class='ocrx_word' id='word_1_445' title='bbox 1263 1442 1347 1473; x_wconf 88' lang='lat' dir='ltr'>«cui</span> <span class='ocrx_word' id='word_1_446' title='bbox 1376 1442 1528 1473; x_wconf 89' lang='lat' dir='ltr'>formam</span> <span class='ocrx_word' id='word_1_447' title='bbox 1559 1441 1825 1483; x_wconf 87' lang='lat' dir='ltr'>compositionis</span> <span class='ocrx_word' id='word_1_448' title='bbox 1855 1441 1965 1483; x_wconf 89' lang='lat' dir='ltr'>ipsius</span> <span class='ocrx_word' id='word_1_449' title='bbox 1994 1441 2270 1474; x_wconf 87' lang='lat' dir='ltr'>examinandam</span> 
     </span>
     <span class='ocr_line' id='line_1_72' title="bbox 1263 1494 2271 1537; baseline 0.002 -13"><span class='ocrx_word' id='word_1_450' title='bbox 1263 1494 1542 1532; x_wconf 89' lang='lat' dir='ltr'>«commisimus,</span> <span class='ocrx_word' id='word_1_451' title='bbox 1575 1505 1769 1537; x_wconf 91' lang='lat' dir='ltr'>proponere</span> <span class='ocrx_word' id='word_1_452' title='bbox 1799 1497 2015 1526; x_wconf 90' lang='lat' dir='ltr'>curaverunt</span> <span class='ocrx_word' id='word_1_453' title='bbox 2044 1494 2271 1537; x_wconf 90' lang='lat' dir='ltr'>compositio-</span> 
     </span>
     <span class='ocr_line' id='line_1_73' title="bbox 1263 1547 2270 1590; baseline 0 -11"><span class='ocrx_word' id='word_1_454' title='bbox 1263 1558 1370 1579; x_wconf 86' lang='lat' dir='ltr'>«nem</span> <span class='ocrx_word' id='word_1_455' title='bbox 1398 1548 1512 1590; x_wconf 91' lang='lat' dir='ltr'>ipsam</span> <span class='ocrx_word' id='word_1_456' title='bbox 1540 1548 1824 1580; x_wconf 84' lang='lat' dir='ltr'>confirmandam</span> <span class='ocrx_word' id='word_1_457' title='bbox 1852 1557 1922 1579; x_wconf 91' lang='lat' dir='ltr'>non</span> <span class='ocrx_word' id='word_1_458' title='bbox 1950 1557 2034 1584; x_wconf 90' lang='lat' dir='ltr'>esse,</span> <span class='ocrx_word' id='word_1_459' title='bbox 2063 1548 2123 1579; x_wconf 92' lang='lat' dir='ltr'>sed</span> <span class='ocrx_word' id='word_1_460' title='bbox 2151 1547 2270 1590; x_wconf 89' lang='lat' dir='ltr'>potius</span> 
     </span>
     <span class='ocr_line' id='line_1_74' title="bbox 1264 1600 2271 1642; baseline -0.001 -10"><span class='ocrx_word' id='word_1_461' title='bbox 1264 1603 1478 1642; x_wconf 87' lang='lat' dir='ltr'>«tamquam</span> <span class='ocrx_word' id='word_1_462' title='bbox 1506 1601 1772 1642; x_wconf 89' lang='lat' dir='ltr'>prejudicialem</span> <span class='ocrx_word' id='word_1_463' title='bbox 1799 1603 1835 1632; x_wconf 88' lang='lat' dir='ltr'>et</span> <span class='ocrx_word' id='word_1_464' title='bbox 1862 1600 2097 1642; x_wconf 87' lang='lat' dir='ltr'>dampnosam</span> <span class='ocrx_word' id='word_1_465' title='bbox 2124 1600 2191 1642; x_wconf 92' lang='lat' dir='ltr'>ipsi</span> <span class='ocrx_word' id='word_1_466' title='bbox 2217 1609 2271 1632; x_wconf 92' lang='lat' dir='ltr'>ec-</span> 
     </span>
     <span class='ocr_line' id='line_1_75' title="bbox 1263 1652 2271 1690; baseline -0.001 -5"><span class='ocrx_word' id='word_1_467' title='bbox 1263 1665 1275 1681; x_wconf 89' lang='lat'>«</span> <span class='ocrx_word' id='word_1_468' title='bbox 1291 1653 1391 1685; x_wconf 90' lang='lat' dir='ltr'>clesie</span> <span class='ocrx_word' id='word_1_469' title='bbox 1413 1653 1678 1685; x_wconf 85' lang='lat' dir='ltr'>infirmandam.</span> <span class='ocrx_word' id='word_1_470' title='bbox 1700 1653 1843 1690; x_wconf 90' lang='lat' dir='ltr'>Verum,</span> <span class='ocrx_word' id='word_1_471' title='bbox 1866 1663 1947 1685; x_wconf 92' lang='lat' dir='ltr'>cum</span> <span class='ocrx_word' id='word_1_472' title='bbox 1968 1652 2063 1684; x_wconf 91' lang='lat' dir='ltr'>idem</span> <span class='ocrx_word' id='word_1_473' title='bbox 2083 1652 2271 1684; x_wconf 88' lang='lat' dir='ltr'>cardinalis</span> 
     </span>
     <span class='ocr_line' id='line_1_76' title="bbox 1262 1705 2270 1748; baseline -0.001 -10"><span class='ocrx_word' id='word_1_474' title='bbox 1262 1716 1329 1738; x_wconf 89' lang='lat' dir='ltr'>«ea</span> <span class='ocrx_word' id='word_1_475' title='bbox 1362 1717 1429 1748; x_wconf 87' lang='lat' dir='ltr'>que</span> <span class='ocrx_word' id='word_1_476' title='bbox 1460 1707 1557 1738; x_wconf 89' lang='lat' dir='ltr'>fuere</span> <span class='ocrx_word' id='word_1_477' title='bbox 1588 1716 1608 1738; x_wconf 91' lang='lat' dir='ltr'>a</span> <span class='ocrx_word' id='word_1_478' title='bbox 1640 1706 1802 1748; x_wconf 92' lang='lat' dir='ltr'>partibus</span> <span class='ocrx_word' id='word_1_479' title='bbox 1832 1705 2014 1748; x_wconf 90' lang='lat' dir='ltr'>proposita</span> <span class='ocrx_word' id='word_1_480' title='bbox 2045 1715 2164 1737; x_wconf 92' lang='lat' dir='ltr'>coram</span> <span class='ocrx_word' id='word_1_481' title='bbox 2194 1705 2270 1747; x_wconf 91' lang='lat' dir='ltr'>ipso</span> 
     </span>
     <span class='ocr_line' id='line_1_77' title="bbox 1262 1758 2270 1796; baseline -0.001 -5"><span class='ocrx_word' id='word_1_482' title='bbox 1262 1760 1391 1791; x_wconf 89' lang='lat' dir='ltr'>«nobis</span> <span class='ocrx_word' id='word_1_483' title='bbox 1432 1762 1467 1792; x_wconf 90' lang='lat' dir='ltr'>et</span> <span class='ocrx_word' id='word_1_484' title='bbox 1508 1760 1678 1791; x_wconf 86' lang='lat' dir='ltr'>fratribus</span> <span class='ocrx_word' id='word_1_485' title='bbox 1720 1759 1849 1791; x_wconf 90' lang='lat' dir='ltr'>nostris</span> <span class='ocrx_word' id='word_1_486' title='bbox 1888 1759 2042 1791; x_wconf 88' lang='lat' dir='ltr'>fideliter</span> <span class='ocrx_word' id='word_1_487' title='bbox 2081 1758 2270 1796; x_wconf 90' lang='lat' dir='ltr'>retulisset,</span> 
     </span>
     <span class='ocr_line' id='line_1_78' title="bbox 1262 1811 2271 1854; baseline -0.001 -10"><span class='ocrx_word' id='word_1_488' title='bbox 1262 1825 1274 1841; x_wconf 88' lang='lat'>«</span> <span class='ocrx_word' id='word_1_489' title='bbox 1290 1823 1363 1850; x_wconf 92' lang='lat' dir='ltr'>nos,</span> <span class='ocrx_word' id='word_1_490' title='bbox 1408 1813 1703 1854; x_wconf 88' lang='lat' dir='ltr'>compositionem</span> <span class='ocrx_word' id='word_1_491' title='bbox 1746 1812 1861 1854; x_wconf 90' lang='lat' dir='ltr'>ipsam</span> <span class='ocrx_word' id='word_1_492' title='bbox 1904 1822 1974 1844; x_wconf 91' lang='lat' dir='ltr'>non</span> <span class='ocrx_word' id='word_1_493' title='bbox 2017 1811 2271 1843; x_wconf 79' lang='lat' dir='ltr'>confirmantes</span> 
     </span>
     <span class='ocr_line' id='line_1_79' title="bbox 1262 1864 2272 1906; baseline 0 -10"><span class='ocrx_word' id='word_1_494' title='bbox 1262 1868 1374 1897; x_wconf 83' lang='lat' dir='ltr'>«tunc</span> <span class='ocrx_word' id='word_1_495' title='bbox 1403 1875 1464 1897; x_wconf 91' lang='lat' dir='ltr'>nec</span> <span class='ocrx_word' id='word_1_496' title='bbox 1492 1866 1601 1897; x_wconf 89' lang='lat' dir='ltr'>etiam</span> <span class='ocrx_word' id='word_1_497' title='bbox 1629 1865 1864 1902; x_wconf 89' lang='lat' dir='ltr'>infirmantes,</span> <span class='ocrx_word' id='word_1_498' title='bbox 1892 1865 1953 1896; x_wconf 89' lang='lat' dir='ltr'>sed</span> <span class='ocrx_word' id='word_1_499' title='bbox 1979 1864 2140 1896; x_wconf 88' lang='lat' dir='ltr'>volentes</span> <span class='ocrx_word' id='word_1_500' title='bbox 2166 1874 2272 1906; x_wconf 91' lang='lat' dir='ltr'>super</span> 
     </span>
     <span class='ocr_line' id='line_1_80' title="bbox 1262 1917 2270 1960; baseline 0 -10"><span class='ocrx_word' id='word_1_501' title='bbox 1262 1919 1354 1950; x_wconf 88' lang='lat' dir='ltr'>«hoc</span> <span class='ocrx_word' id='word_1_502' title='bbox 1386 1918 1521 1950; x_wconf 89' lang='lat' dir='ltr'>utiliter</span> <span class='ocrx_word' id='word_1_503' title='bbox 1550 1918 1738 1960; x_wconf 90' lang='lat' dir='ltr'>provideri,</span> <span class='ocrx_word' id='word_1_504' title='bbox 1769 1917 1963 1949; x_wconf 84' lang='lat' dir='ltr'>venerabili</span> <span class='ocrx_word' id='word_1_505' title='bbox 1992 1917 2094 1949; x_wconf 87' lang='lat' dir='ltr'>fratri</span> <span class='ocrx_word' id='word_1_506' title='bbox 2124 1919 2270 1950; x_wconf 88' lang='lat' dir='ltr'>nostro..</span> 
     </span>
     <span class='ocr_line' id='line_1_81' title="bbox 1262 1970 2269 2013; baseline 0.001 -13"><span class='ocrx_word' id='word_1_507' title='bbox 1262 1971 1454 2013; x_wconf 83' lang='lat' dir='ltr'>«episcopo</span> <span class='ocrx_word' id='word_1_508' title='bbox 1486 1974 1522 2003; x_wconf 88' lang='lat' dir='ltr'>et</span> <span class='ocrx_word' id='word_1_509' title='bbox 1554 1971 1691 2003; x_wconf 90' lang='lat' dir='ltr'>dilectis</span> <span class='ocrx_word' id='word_1_510' title='bbox 1722 1971 1828 2002; x_wconf 86' lang='lat' dir='ltr'>filiis..</span> <span class='ocrx_word' id='word_1_511' title='bbox 1862 1971 1994 2002; x_wconf 90' lang='lat' dir='ltr'>decano</span> <span class='ocrx_word' id='word_1_512' title='bbox 2027 1970 2269 2007; x_wconf 87' lang='lat' dir='ltr'>Trecensibus,</span> 
     </span>
     <span class='ocr_line' id='line_1_82' title="bbox 1262 2022 2271 2066; baseline -0.002 -10"><span class='ocrx_word' id='word_1_513' title='bbox 1262 2034 1329 2056; x_wconf 89' lang='lat' dir='ltr'>«ac</span> <span class='ocrx_word' id='word_1_514' title='bbox 1360 2024 1465 2066; x_wconf 89' lang='lat' dir='ltr'>priori</span> <span class='ocrx_word' id='word_1_515' title='bbox 1495 2027 1554 2056; x_wconf 86' lang='lat' dir='ltr'>et..</span> <span class='ocrx_word' id='word_1_516' title='bbox 1586 2024 1730 2056; x_wconf 88' lang='lat' dir='ltr'>sacriste</span> <span class='ocrx_word' id='word_1_517' title='bbox 1761 2024 1912 2055; x_wconf 82' lang='lat' dir='ltr'>Roscide</span> <span class='ocrx_word' id='word_1_518' title='bbox 1942 2023 2062 2060; x_wconf 90' lang='lat' dir='ltr'>Vallis,</span> <span class='ocrx_word' id='word_1_519' title='bbox 2093 2022 2271 2064; x_wconf 89' lang='lat' dir='ltr'>Pampilo-</span> 
     </span>
     <span class='ocr_line' id='line_1_83' title="bbox 1261 2076 2270 2119; baseline -0.002 -10"><span class='ocrx_word' id='word_1_520' title='bbox 1261 2077 1405 2109; x_wconf 86' lang='lat' dir='ltr'>«nensis</span> <span class='ocrx_word' id='word_1_521' title='bbox 1448 2077 1605 2114; x_wconf 90' lang='lat' dir='ltr'>diocesis,</span> <span class='ocrx_word' id='word_1_522' title='bbox 1650 2087 1711 2119; x_wconf 89' lang='lat' dir='ltr'>per</span> <span class='ocrx_word' id='word_1_523' title='bbox 1753 2077 1911 2108; x_wconf 89' lang='lat' dir='ltr'>diversas</span> <span class='ocrx_word' id='word_1_524' title='bbox 1951 2076 2090 2108; x_wconf 87' lang='lat' dir='ltr'>litteras</span> <span class='ocrx_word' id='word_1_525' title='bbox 2131 2078 2270 2108; x_wconf 90' lang='lat' dir='ltr'>nostras</span> 
     </span>
     <span class='ocr_line' id='line_1_84' title="bbox 1262 2129 2271 2172; baseline 0 -12"><span class='ocrx_word' id='word_1_526' title='bbox 1262 2130 1542 2162; x_wconf 89' lang='lat' dir='ltr'>«mandavimus</span> <span class='ocrx_word' id='word_1_527' title='bbox 1567 2133 1606 2162; x_wconf 89' lang='lat' dir='ltr'>ut</span> <span class='ocrx_word' id='word_1_528' title='bbox 1631 2130 1836 2172; x_wconf 91' lang='lat' dir='ltr'>episcopum</span> <span class='ocrx_word' id='word_1_529' title='bbox 1861 2133 1896 2162; x_wconf 91' lang='lat' dir='ltr'>et</span> <span class='ocrx_word' id='word_1_530' title='bbox 1920 2138 2037 2171; x_wconf 84' lang='lat' dir='ltr'>regem</span> <span class='ocrx_word' id='word_1_531' title='bbox 2061 2129 2203 2161; x_wconf 90' lang='lat' dir='ltr'>eosdem</span> <span class='ocrx_word' id='word_1_532' title='bbox 2227 2139 2271 2161; x_wconf 86' lang='lat' dir='ltr'>ex</span> 
     </span>
     <span class='ocr_line' id='line_1_85' title="bbox 1261 2183 2270 2226; baseline -0.002 -11"><span class='ocrx_word' id='word_1_533' title='bbox 1261 2187 1390 2226; x_wconf 88' lang='lat' dir='ltr'>«parte</span> <span class='ocrx_word' id='word_1_534' title='bbox 1430 2186 1551 2215; x_wconf 91' lang='lat' dir='ltr'>nostra</span> <span class='ocrx_word' id='word_1_535' title='bbox 1591 2183 1827 2225; x_wconf 90' lang='lat' dir='ltr'>peremptorie</span> <span class='ocrx_word' id='word_1_536' title='bbox 1866 2183 1976 2214; x_wconf 89' lang='lat' dir='ltr'>citare</span> <span class='ocrx_word' id='word_1_537' title='bbox 2014 2184 2189 2219; x_wconf 89' lang='lat' dir='ltr'>curarent,</span> <span class='ocrx_word' id='word_1_538' title='bbox 2230 2184 2270 2213; x_wconf 90' lang='lat' dir='ltr'>ut</span> 
     </span>
     <span class='ocr_line' id='line_1_86' title="bbox 1261 2234 2271 2278; baseline 0 -12"><span class='ocrx_word' id='word_1_539' title='bbox 1261 2237 1380 2268; x_wconf 88' lang='lat' dir='ltr'>«infra</span> <span class='ocrx_word' id='word_1_540' title='bbox 1414 2239 1551 2268; x_wconf 85' lang='lat' dir='ltr'>certum</span> <span class='ocrx_word' id='word_1_541' title='bbox 1585 2236 1788 2273; x_wconf 87' lang='lat' dir='ltr'>terminum,</span> <span class='ocrx_word' id='word_1_542' title='bbox 1824 2245 1885 2278; x_wconf 92' lang='lat' dir='ltr'>per</span> <span class='ocrx_word' id='word_1_543' title='bbox 1917 2237 2165 2277; x_wconf 89' lang='lat' dir='ltr'>procuratores</span> <span class='ocrx_word' id='word_1_544' title='bbox 2196 2234 2271 2266; x_wconf 92' lang='lat' dir='ltr'>ido-</span> 
     </span>
     <span class='ocr_line' id='line_1_87' title="bbox 1262 2288 2271 2331; baseline 0 -12"><span class='ocrx_word' id='word_1_545' title='bbox 1262 2302 1275 2318; x_wconf 90' lang='lat'>«</span> <span class='ocrx_word' id='word_1_546' title='bbox 1290 2299 1374 2321; x_wconf 89' lang='lat' dir='ltr'>neos</span> <span class='ocrx_word' id='word_1_547' title='bbox 1392 2300 1496 2331; x_wconf 85' lang='lat' dir='ltr'>super</span> <span class='ocrx_word' id='word_1_548' title='bbox 1514 2290 1579 2321; x_wconf 94' lang='lat' dir='ltr'>hoc</span> <span class='ocrx_word' id='word_1_549' title='bbox 1598 2289 1817 2321; x_wconf 89' lang='lat' dir='ltr'>sufficienter</span> <span class='ocrx_word' id='word_1_550' title='bbox 1834 2289 2027 2320; x_wconf 87' lang='lat' dir='ltr'>instructos</span> <span class='ocrx_word' id='word_1_551' title='bbox 2044 2290 2080 2320; x_wconf 89' lang='lat' dir='ltr'>et</span> <span class='ocrx_word' id='word_1_552' title='bbox 2097 2288 2271 2320; x_wconf 87' lang='lat' dir='ltr'>habentes</span> 
     </span>
     <span class='ocr_line' id='line_1_88' title="bbox 1262 2340 2270 2384; baseline -0.002 -10"><span class='ocrx_word' id='word_1_553' title='bbox 1262 2342 1538 2375; x_wconf 89' lang='lat' dir='ltr'>«nichilominus</span> <span class='ocrx_word' id='word_1_554' title='bbox 1564 2343 1608 2374; x_wconf 92' lang='lat' dir='ltr'>ad</span> <span class='ocrx_word' id='word_1_555' title='bbox 1635 2342 1921 2384; x_wconf 90' lang='lat' dir='ltr'>componendum</span> <span class='ocrx_word' id='word_1_556' title='bbox 1947 2340 2096 2383; x_wconf 89' lang='lat' dir='ltr'>speciale</span> <span class='ocrx_word' id='word_1_557' title='bbox 2123 2341 2270 2373; x_wconf 88' lang='lat' dir='ltr'>manda-</span> 
     </span>
     <span class='ocr_line' id='line_1_89' title="bbox 1262 2393 2267 2438; baseline -0.002 -12"><span class='ocrx_word' id='word_1_558' title='bbox 1262 2399 1378 2433; x_wconf 88' lang='lat' dir='ltr'>«tum,</span> <span class='ocrx_word' id='word_1_559' title='bbox 1405 2395 1599 2438; x_wconf 90' lang='lat' dir='ltr'>apostolico</span> <span class='ocrx_word' id='word_1_560' title='bbox 1624 2405 1659 2427; x_wconf 89' lang='lat' dir='ltr'>se</span> <span class='ocrx_word' id='word_1_561' title='bbox 1684 2395 1889 2437; x_wconf 90' lang='lat' dir='ltr'>conspectui</span> <span class='ocrx_word' id='word_1_562' title='bbox 1913 2396 2169 2436; x_wconf 89' lang='lat' dir='ltr'>presentarent‚</span> <span class='ocrx_word' id='word_1_563' title='bbox 2196 2393 2267 2436; x_wconf 87' lang='lat' dir='ltr'>qui,</span> 
     </span>
     <span class='ocr_line' id='line_1_90' title="bbox 1262 2447 2267 2490; baseline -0.002 -10"><span class='ocrx_word' id='word_1_564' title='bbox 1262 2459 1369 2480; x_wconf 86' lang='lat' dir='ltr'>«cum</span> <span class='ocrx_word' id='word_1_565' title='bbox 1407 2448 1572 2490; x_wconf 83' lang='lat' dir='ltr'>legitime,</span> <span class='ocrx_word' id='word_1_566' title='bbox 1613 2451 1718 2490; x_wconf 88' lang='lat' dir='ltr'>prout</span> <span class='ocrx_word' id='word_1_567' title='bbox 1756 2447 1929 2484; x_wconf 87' lang='lat' dir='ltr'>constitit,</span> <span class='ocrx_word' id='word_1_568' title='bbox 1968 2447 2070 2479; x_wconf 89' lang='lat' dir='ltr'>citati</span> <span class='ocrx_word' id='word_1_569' title='bbox 2107 2447 2267 2484; x_wconf 86' lang='lat' dir='ltr'>fuissent,</span> 
     </span>
     <span class='ocr_line' id='line_1_91' title="bbox 1261 2499 2270 2543; baseline -0.001 -12"><span class='ocrx_word' id='word_1_570' title='bbox 1261 2501 1473 2543; x_wconf 78' lang='lat' dir='ltr'>«episcopus</span> <span class='ocrx_word' id='word_1_571' title='bbox 1506 2502 1685 2543; x_wconf 88' lang='lat' dir='ltr'>quendam</span> <span class='ocrx_word' id='word_1_572' title='bbox 1719 2501 1886 2532; x_wconf 89' lang='lat' dir='ltr'>nuntium</span> <span class='ocrx_word' id='word_1_573' title='bbox 1919 2510 2033 2537; x_wconf 89' lang='lat' dir='ltr'>suum,</span> <span class='ocrx_word' id='word_1_574' title='bbox 2068 2510 2137 2531; x_wconf 93' lang='lat' dir='ltr'>non</span> <span class='ocrx_word' id='word_1_575' title='bbox 2170 2499 2270 2531; x_wconf 85' lang='lat' dir='ltr'>suffi-</span> 
     </span>
     <span class='ocr_line' id='line_1_92' title="bbox 1260 2553 2267 2595; baseline -0.001 -11"><span class='ocrx_word' id='word_1_576' title='bbox 1260 2554 1439 2586; x_wconf 89' lang='lat' dir='ltr'>«cientem</span> <span class='ocrx_word' id='word_1_577' title='bbox 1459 2555 1503 2586; x_wconf 92' lang='lat' dir='ltr'>ad</span> <span class='ocrx_word' id='word_1_578' title='bbox 1524 2554 1642 2586; x_wconf 91' lang='lat' dir='ltr'>omnia</span> <span class='ocrx_word' id='word_1_579' title='bbox 1661 2554 1765 2595; x_wconf 82' lang='lat' dir='ltr'>juxta</span> <span class='ocrx_word' id='word_1_580' title='bbox 1785 2553 1947 2585; x_wconf 87' lang='lat' dir='ltr'>mandati</span> <span class='ocrx_word' id='word_1_581' title='bbox 1967 2553 2078 2585; x_wconf 88' lang='lat' dir='ltr'>nostri</span> <span class='ocrx_word' id='word_1_582' title='bbox 2096 2555 2267 2589; x_wconf 90' lang='lat' dir='ltr'>tenorem,</span> 
     </span>
     <span class='ocr_line' id='line_1_93' title="bbox 1253 2606 2270 2649; baseline -0.003 -10"><span class='ocrx_word' id='word_1_583' title='bbox 1253 2608 1328 2639; x_wconf 84' lang='lat' dir='ltr'>«ad</span> <span class='ocrx_word' id='word_1_584' title='bbox 1351 2610 1510 2639; x_wconf 91' lang='lat' dir='ltr'>nostram</span> <span class='ocrx_word' id='word_1_585' title='bbox 1532 2607 1747 2649; x_wconf 88' lang='lat' dir='ltr'>presentiam</span> <span class='ocrx_word' id='word_1_586' title='bbox 1770 2606 1975 2643; x_wconf 91' lang='lat' dir='ltr'>destinavit,</span> <span class='ocrx_word' id='word_1_587' title='bbox 2000 2615 2061 2648; x_wconf 92' lang='lat' dir='ltr'>pro</span> <span class='ocrx_word' id='word_1_588' title='bbox 2084 2613 2163 2646; x_wconf 86' lang='lat' dir='ltr'>rege</span> <span class='ocrx_word' id='word_1_589' title='bbox 2194 2615 2270 2647; x_wconf 92' lang='lat' dir='ltr'>prc-</span> 
     </span>
     <span class='ocr_line' id='line_1_94' title="bbox 1260 2659 2267 2700; baseline -0.001 -10"><span class='ocrx_word' id='word_1_590' title='bbox 1260 2661 1382 2692; x_wconf 88' lang='lat' dir='ltr'>«dicto</span> <span class='ocrx_word' id='word_1_591' title='bbox 1420 2660 1578 2692; x_wconf 89' lang='lat' dir='ltr'>Navarre</span> <span class='ocrx_word' id='word_1_592' title='bbox 1616 2660 1755 2692; x_wconf 92' lang='lat' dir='ltr'>nemine</span> <span class='ocrx_word' id='word_1_593' title='bbox 1791 2659 1993 2691; x_wconf 87' lang='lat' dir='ltr'>nullatenus</span> <span class='ocrx_word' id='word_1_594' title='bbox 2028 2660 2267 2700; x_wconf 87' lang='lat' dir='ltr'>comparente.</span> 
     </span>
     <span class='ocr_line' id='line_1_95' title="bbox 1262 2712 2269 2754; baseline -0.004 -9"><span class='ocrx_word' id='word_1_595' title='bbox 1262 2714 1448 2754; x_wconf 81' lang='lat' dir='ltr'>«Cumque</span> <span class='ocrx_word' id='word_1_596' title='bbox 1470 2712 1657 2744; x_wconf 88' lang='lat' dir='ltr'>cardinalis</span> <span class='ocrx_word' id='word_1_597' title='bbox 1679 2713 1763 2754; x_wconf 86' lang='lat' dir='ltr'>ipse,</span> <span class='ocrx_word' id='word_1_598' title='bbox 1786 2722 1848 2754; x_wconf 91' lang='lat' dir='ltr'>per</span> <span class='ocrx_word' id='word_1_599' title='bbox 1869 2722 1973 2753; x_wconf 90' lang='lat' dir='ltr'>quem</span> <span class='ocrx_word' id='word_1_600' title='bbox 1994 2714 2153 2743; x_wconf 88' lang='lat' dir='ltr'>tenorem</span> <span class='ocrx_word' id='word_1_601' title='bbox 2175 2720 2269 2741; x_wconf 88' lang='lat' dir='ltr'>com-</span> 
     </span>
     <span class='ocr_line' id='line_1_96' title="bbox 1262 2762 2269 2808; baseline -0.003 -11"><span class='ocrx_word' id='word_1_602' title='bbox 1262 2779 1274 2794; x_wconf 87' lang='lat'>«</span> <span class='ocrx_word' id='word_1_603' title='bbox 1290 2766 1474 2808; x_wconf 90' lang='lat' dir='ltr'>positionis</span> <span class='ocrx_word' id='word_1_604' title='bbox 1497 2765 1691 2797; x_wconf 88' lang='lat' dir='ltr'>examinari</span> <span class='ocrx_word' id='word_1_605' title='bbox 1716 2766 2014 2797; x_wconf 84' lang='lat' dir='ltr'>mandaveramus</span> <span class='ocrx_word' id='word_1_606' title='bbox 2036 2764 2194 2805; x_wconf 87' lang='lat' dir='ltr'>ejusdem</span> <span class='ocrx_word' id='word_1_607' title='bbox 2217 2762 2269 2794; x_wconf 90' lang='lat' dir='ltr'>in-</span> 
     </span>
     <span class='ocr_line' id='line_1_97' title="bbox 1263 2817 2268 2859; baseline 0 -12"><span class='ocrx_word' id='word_1_608' title='bbox 1263 2818 1500 2859; x_wconf 71' lang='lat' dir='ltr'>«vestigasset</span> <span class='ocrx_word' id='word_1_609' title='bbox 1544 2817 1680 2859; x_wconf 77' lang='lat' dir='ltr'>singula</span> <span class='ocrx_word' id='word_1_610' title='bbox 1725 2817 1911 2858; x_wconf 72' lang='lat' dir='ltr'>diligenter</span> <span class='ocrx_word' id='word_1_611' title='bbox 1955 2827 2021 2858; x_wconf 92' lang='lat' dir='ltr'>que</span> <span class='ocrx_word' id='word_1_612' title='bbox 2065 2826 2183 2848; x_wconf 88' lang='lat' dir='ltr'>coram</span> <span class='ocrx_word' id='word_1_613' title='bbox 2227 2825 2268 2847; x_wconf 92' lang='lat' dir='ltr'>eo</span> 
     </span>
     <span class='ocr_line' id='line_1_98' title="bbox 1263 2868 2268 2913; baseline -0.004 -11"><span class='ocrx_word' id='word_1_614' title='bbox 1263 2871 1471 2913; x_wconf 84' lang='lat' dir='ltr'>«proposita</span> <span class='ocrx_word' id='word_1_615' title='bbox 1503 2871 1711 2907; x_wconf 77' lang='lat' dir='ltr'>extiterunt,</span> <span class='ocrx_word' id='word_1_616' title='bbox 1744 2870 1844 2902; x_wconf 91' lang='lat' dir='ltr'>nobis</span> <span class='ocrx_word' id='word_1_617' title='bbox 1875 2873 1910 2902; x_wconf 90' lang='lat' dir='ltr'>et</span> <span class='ocrx_word' id='word_1_618' title='bbox 1940 2869 2109 2901; x_wconf 89' lang='lat' dir='ltr'>fratribus</span> <span class='ocrx_word' id='word_1_619' title='bbox 2140 2868 2268 2899; x_wconf 89' lang='lat' dir='ltr'>nostris</span> 
     </span>
     <span class='ocr_line' id='line_1_99' title="bbox 1263 2920 2267 2965; baseline -0.001 -12"><span class='ocrx_word' id='word_1_620' title='bbox 1263 2937 1275 2953; x_wconf 90' lang='lat'>«</span> <span class='ocrx_word' id='word_1_621' title='bbox 1290 2924 1460 2956; x_wconf 89' lang='lat' dir='ltr'>relatione</span> <span class='ocrx_word' id='word_1_622' title='bbox 1490 2923 1645 2965; x_wconf 87' lang='lat' dir='ltr'>plenaria</span> <span class='ocrx_word' id='word_1_623' title='bbox 1676 2923 1797 2955; x_wconf 89' lang='lat' dir='ltr'>retulit</span> <span class='ocrx_word' id='word_1_624' title='bbox 1826 2923 2001 2954; x_wconf 86' lang='lat' dir='ltr'>universa.</span> <span class='ocrx_word' id='word_1_625' title='bbox 2033 2922 2120 2953; x_wconf 89' lang='lat' dir='ltr'>Cum</span> <span class='ocrx_word' id='word_1_626' title='bbox 2148 2920 2267 2963; x_wconf 83' lang='lat' dir='ltr'>igitur,</span> 
     </span>
     <span class='ocr_line' id='line_1_100' title="bbox 1265 2976 2267 3018; baseline -0.001 -12"><span class='ocrx_word' id='word_1_627' title='bbox 1265 2977 1383 3009; x_wconf 86' lang='lat' dir='ltr'>«sicut</span> <span class='ocrx_word' id='word_1_628' title='bbox 1417 2976 1502 3008; x_wconf 88' lang='lat' dir='ltr'>dicti</span> <span class='ocrx_word' id='word_1_629' title='bbox 1536 2979 1781 3018; x_wconf 84' lang='lat' dir='ltr'>procuratores</span> <span class='ocrx_word' id='word_1_630' title='bbox 1815 2985 2008 3017; x_wconf 88' lang='lat' dir='ltr'>proponere</span> <span class='ocrx_word' id='word_1_631' title='bbox 2041 2976 2267 3011; x_wconf 90' lang='lat' dir='ltr'>curaverunt,</span> 
     </span>
    </p>
   </div>
  </div>
 </body>
</html>
