2477 3512
278 260 341 291 746

279 341 294 355 «
316 328 384 368 Ego
410 327 514 357 frater
536 327 701 358 Johannes
732 327 837 358 Barne
861 328 1017 369 predictis
1040 331 1214 362 consentio
1230 334 1262 363 et

278 398 292 411 ι(
319 384 496 414 subscribo.
517 384 585 424 Ego
605 384 709 415 frater
727 385 894 426 Philippus
913 386 1066 427 predictis
1087 389 1255 419 consentio

276 453 290 466 «ι
318 442 351 470 et
375 440 552 471 subscribo.
580 440 649 481 Ego
677 440 780 472 frater
804 441 968 473 Johannes
985 443 1025 473 de
1052 443 1166 474 Aletro
1184 455 1262 485 pre-

276 510 291 523 «
317 496 413 527 dictis
429 496 597 527 consentio
612 500 645 528 et
665 498 842 529 subscribo.

320 566 335 580 α
365 553 429 584 Nos
452 553 551 593 igitur
577 559 641 584 tam
670 564 727 595 per
754 555 970 587 instrumenta
1000 557 1145 598 legitima
1165 568 1259 598 quam

279 623 295 638 «
322 620 380 651 per
399 611 478 641 sacti
500 612 658 642 notorium
685 611 725 641 de
753 612 917 652 premissis
937 613 1083 644 omnibus
1103 615 1263 647 certiores

279 679 294 693 «
318 665 441 704 effecti,
480 667 562 707 quod
597 678 615 698 a
647 668 774 708 prefato
813 669 846 700 L.
887 668 1002 701 abbate
1036 672 1070 701 et
1103 674 1263 703 conventu

276 736 291 751 «
314 723 435 754 factum
462 726 513 754 est
537 724 577 755 dc
615 727 706 755 certa
741 726 875 756 scientia
895 726 1174 767 approbamusac
1194 739 1264 759 res·
1290 750 1291 754 ,

276 793 291 807 «
319 780 498 811 titutionem
513 784 545 811 et
565 782 808 812 concessionem
828 782 884 812 tibi
904 787 936 813 et
958 784 1019 813 luis
1040 784 1212 815 heredibus
1233 786 1262 816 in

274 849 289 864 «
316 841 506 878 perpetuum
528 838 633 867 factas
655 845 743 869 ratas
755 840 788 869 et
802 838 1095 876 firmashabentes,
1110 851 1165 872 eas
1187 852 1261 872 auc-

316 893 449 924 toritate
469 894 646 934 apostolica
662 894 899 933 confirmamus,
921 898 954 927 et
968 898 1130 937 presentis
1148 898 1258 939 scripti

275 962 289 976 «
317 949 496 990 patrocinio
521 951 764 981 comrmmin‘ms.
787 952 944 983 Defectus
971 963 1150 983 consensus
1181 964 1260 995 qno-

274 906 279 919 ‹

275 1018 289 1033 «
316 1006 461 1037 rnmdam
475 1007 701 1037 monachorum
719 1007 912 1047 absentium,
928 1010 977 1049 qui
1000 1010 1197 1041 restitutioni
1220 1021 1258 1041 ac

275 1075 289 1090 κ
317 1063 518 1094 concessioni
537 1074 598 1093 non
621 1064 800 1095 interfuere
815 1064 1021 1105 preilictis,et
1039 1066 1186 1104 aliorum,
1204 1068 1259 1107 qui
1286 1090 1287 1106 ,

1286 1135 1287 1144 Ι
1311 1116 1444 1146 arbitrio
1473 1115 1648 1147 voluntatis
1665 1126 1672 1152 ς
1691 1121 1724 1147 et
1746 1116 1822 1147 licet
1844 1116 1950 1146 felicis
1973 1116 2211 1147 recordationis
2238 1117 2300 1147 Lu-

274 1131 289 1146 «
317 1129 377 1149 non
409 1124 655 1152 consenserunt.
678 1130 713 1150 ac
741 1130 862 1157 eorum,
885 1122 936 1161 qui
955 1122 1196 1154 contradixisse
1225 1127 1259 1155 et

273 1188 280 1203 (

281 1188 288 1202 Α

313 1175 666 1216 appellassedicuntur,
678 1177 854 1218 supplendo
868 1177 907 1209 de
928 1183 1039 1210 nostre
1056 1179 1255 1220 plenitudine

273 1244 280 1258 (

281 1244 288 1258 n.

273 1300 287 1315 «
314 1289 464 1319 mationis
496 1293 528 1319 et
561 1290 771 1330 suppletionis
797 1298 860 1321 etc.
898 1292 1009 1323 Datum
1028 1293 1190 1333 Anagnie.
1216 1294 1258 1324 Vl

273 1357 288 1373 «
310 1344 381 1375 idus
407 1346 548 1386 augusti,
575 1356 657 1376 anno
675 1347 786 1387 primo.
808 1360 823 1375 »

316 1414 331 1429 «
343 1401 426 1432 Nulli
437 1401 531 1443 [ου-ζ]
544 1405 654 1433 nostre
664 1403 899 1440 ratificationis,
913 1405 1166 1446 approbationis,
1183 1417 1261 1437 con-

268 1457 470 1495 firmationis,
500 1459 721 1500 suppletionis,
753 1461 1006 1499 constitutionis,
1037 1463 1259 1494 concessionis

270 1516 304 1545 et
316 1514 441 1545 decreti
454 1517 518 1546 etc.
540 1526 659 1556 usque:
679 1516 894 1548 incursurum.
911 1518 1026 1549 Datum
1048 1518 1198 1555 Viterbii,
1220 1520 1248 1550 X
1287 1523 1289 1548 J

269 1570 426 1601 kalendas
446 1571 640 1607 decembris,
659 1583 741 1603 anno
757 1574 868 1605 tertio.
896 1588 909 1600 »ι

342 1727 443 1754 2399
846 1724 960 1759 μαίνει).
977 1734 991 1757 9
1009 1739 1085 1757 mars
1105 1734 1187 1758 1257.

305 1830 433 1857 Eandem
450 1832 665 1859 restitutionem
682 1837 710 1859 et
729 1833 840 1861 litteras
862 1835 976 1862 abbatis
995 1837 1184 1864 Sublacensis
1213 1838 1260 1863 in-

270 1881 364 1904 sertas
382 1880 453 1904 (Dat.
468 1879 839 1913 Sublaci‚annoMCCXLl,
851 1884 870 1909 ΙΙ
886 1884 1093 1918 kal.januarii.
1114 1901 1145 1903 —
1158 1886 1261 1912 Subia-

270 1933 314 1957 co,
344 1928 373 1952 31
405 1926 562 1953 decembre
580 1929 655 1957 1240)
673 1930 838 1956 confirmat.
856 1932 934 1957 (lise.
958 1933 1001 1963 25,
1019 1940 1044 1958 a.
1075 1933 1121 1963 ΙΙΙ,
1149 1941 1172 1959 c.
1191 1935 1258 1966 779,

271 1973 291 1998 f.
311 1975 394 2007 ποθ’.)

316 2080 330 2095 «
353 2067 525 2100 Nobilibus
546 2068 624 2100 viris·
644 2069 834 2112 Raynaldo,
861 2070 1011 2103 Jolzannz'
1029 2078 1060 2103 el
1079 2071 1257 2104 Tholomeo

267 2123 443 2166 nepotibus
469 2125 603 2162 nostris,
626 2125 769 2158 dominis
784 2127 886 2158 castri
915 2128 1041 2165 Genne,
1073 2127 1258 2161 heredibus

269 2179 442 2222 quondam
471 2181 623 2224 Philippi
649 2182 758 2226 patris
791 2183 898 2215 nostri
935 2183 1066 2216 domini
1104 2185 1252 2228 ejusdem

269 2235 381 2267 castri.
400 2238 540 2279 Hiisque
559 2238 639 2269 fiunt
656 2242 689 2270 et
708 2243 907 2282 peraguntur
925 2259 977 2272 —.
994 2242 1067 2272 bat.
1086 2242 1259 2281 Laterani,

271 2293 330 2324 VII
354 2293 425 2324 idus
445 2295 564 2332 martii,
587 2306 670 2326 anno
690 2297 800 2327 tertio.
827 2310 841 2324 n

343 2454 444 2481 2400
742 2457 865 2488 Viterbe,
881 2460 911 2483 27
928 2459 1085 2484 novembre
1103 2460 1181 2485 1257.

308 2542 436 2568 Eandem
459 2543 677 2570 restitutionem
697 2547 727 2570 et
743 2544 854 2572 litteras
869 2546 983 2572 abbatis
1006 2546 1195 2574 Sublacensis
1223 2548 1265 2574 iu-

269 2592 361 2615 sertas
383 2591 472 2623 (anno
501 2591 661 2617 Nativitatis
677 2593 699 2618 Μ
716 2592 756 2618 ‹JC
769 2593 861 2624 xtnl,
878 2593 987 2620 mensis
1007 2594 1185 2627 septembris
1217 2595 1262 2621 die

273 2638 415 2670 secunda)
430 2638 595 2664 coufirmat.
610 2639 688 2672 (lise.
707 2641 749 2669 2Ξ)
767 2648 791 2666 a.
807 2641 854 2671 ΙΙΙ,
869 2648 892 2666 c.
911 2642 972 2672 780,
990 2641 1008 2667 f.
1027 2643 1112 2673 low.)

319 2746 333 2761 ιι
362 2732 538 2765 Nobilibus
562 2733 641 2765 viris
660 2735 836 2777 Bassmildo
858 2742 887 2768 et
907 2736 1056 2768 Johanm‘
1079 2738 1262 2781 nepotibus
1289 2748 1291 2763 ι’

273 2788 393 2820 nostri.»⁴
426 2789 572 2821 dominis
597 2791 699 2822 castri
732 2793 845 2824 Genne
877 2792 1052 2825 heredibus
1082 2794 1254 2837 qnondam

274 2844 428 2888 Plzilz'ppz'
445 2846 555 2889 patris
575 2847 681 2878 nostri
707 2847 839 2880 domini
864 2848 1015 2891 ejusdem
1044 2850 1156 2882 castri.
1180 2852 1262 2890 Hiis,

275 2911 336 2942 que
358 2902 434 2933 liunt
455 2906 519 2934 etc.
542 2922 594 2934 —.
625 2904 697 2935 Dat.
730 2905 877 2943 Viterbii,
910 2906 937 2936 V
963 2906 1027 2937 kal.
1063 2906 1262 2947 decembris,

275 2967 359 2988 anno
383 2959 490 2989 tertio.
522 2976 534 2986 ι»

314 1233 498 1272 potestatis.
518 1233 601 1263 Nulli
627 1233 717 1273 {eto}
737 1238 845 1265 nostre
865 1235 1116 1276 approbationis,
1133 1236 1255 1267 confir-
1288 1258 1289 1266 1

968 260 1203 293 REGISTRES
1230 263 1537 296 D'ALEXANDRE
1563 265 1604 295 lv

1384 332 1479 359 2⁴01
1780 333 1910 366 viterbii,
1928 335 1959 360 18
1974 335 2132 360 novembre
2150 336 2226 361 1257.

1350 421 1490 455 Episcopo
1504 422 1651 448 Aniciensi
1666 421 1836 453 inliibet‚ne
1850 430 1866 448 a
1879 422 2066 456 viduis.quae
2075 423 2297 450 matrimonium

1315 469 1504 500 contrahunt,
1532 468 1659 502 aliquam
1701 470 1855 503 pecuniam
1895 472 2070 503 extorquere
2118 474 2296 504 praesumat.

1316 516 1709 549 (R1212.·2:5,a.111,c.781,f.
1729 518 1812 546 ΗΟἪ

1361 621 1373 633 «
1413 632 1432 636 ..
1476 605 1627 649 episcopo
1666 606 1848 638 [iniciens-i.
1887 607 1934 638 Ex
1975 611 2067 648 parte
2105 607 2297 638 dilectorum

1314 664 1450 694 filiorum
1472 663 1693 693 universitatis
1713 663 1828 693 civium
1850 663 2067 694 Aniciensium
2098 663 2160 694 fuit
2185 673 2300 705 propo-

1316 720 1412 750 situm
1433 729 1542 750 coram
1556 719 1657 758 nobis,
1675 719 1758 760 quod
1777 730 1849 750 cum
1870 720 2038 760 contingat
2057 720 2181 760 aliquas
2201 720 2302 761 ipsius

1315 777 1457 807 civitatis
1470 775 1582 807 viduas
1593 776 1798 807 inatrinn.›ni0
1811 776 1967 817 copulari,
1985 782 2030 813 tu,
2049 786 2109 807 non
2124 776 2297 807 attendens

1287 843 1289 859 i
1313 833 1396 874 quod
1426 844 1466 864 ex
1497 833 1643 874 injuncto
1671 833 1727 864 tibi
1754 832 1861 863 officio
1889 843 1996 863 curam
2028 833 2150 864 teneris
2176 842 2295 874 gerere

1313 889 1491 922 viduarum.
1520 890 1691 920 occasione
1718 889 1899 930 hujusmodi
1920 889 2091 930 aliquando
2113 891 2191 920 ante
2220 899 2298 920 con-

1313 948 1451 978 tractum
1499 947 1757 984 matrimonium,
1798 946 1956 977 interdum
1996 956 2074 977 vero
2113 948 2186 987 post
2221 956 2299 978 con·

1311 1004 1451 1034 tractum
1477 1002 1516 1033 ab
1545 1002 1666 1033 eisdem
1693 1002 1796 1033 viduis
1830 1003 1997 1043 pecuniam
2021 1003 2129 1044 exigis
2154 1012 2209 1034 seu
2241 1012 2299 1044 per

1313 1062 1384 1090 tuos
1413 1058 1569 1090 officiales
1594 1060 1682 1099 exigi
1709 1063 1741 1090 et
1767 1060 1954 1100 extorqueri
1987 1070 2142 1101 procuras
2163 1070 2220 1100 pro
2245 1063 2300 1090 tue

1313 1173 1381 1203 cius
1401 1182 1481 1214 papa
1502 1172 1717 1213 predecessor
1737 1178 1849 1203 noster
1878 1172 1958 1203 bone
1982 1173 2162 1203 memorie..
2185 1172 2300 1214 prede-

1314 1229 1438 1260 cessori
1458 1230 1512 1260 tuo
1539 1239 1596 1270 per
1616 1239 1691 1260 suas
1712 1229 1838 1260 litteras
1863 1229 1994 1261 duxerit
2014 1228 2233 1267 inhibendum,
2262 1231 2298 1259 ut

1315 1296 1333 1316 a
1360 1286 1515 1326 predictis
1540 1286 1643 1316 viduis
1667 1286 1834 1327 pecuniam
1861 1286 2000 1327 aliquam
2027 1286 2211 1317 nullatenus
2236 1285 2297 1316 hac

1289 1370 1290 1373 ,
1314 1342 1354 1374 de
1374 1353 1473 1373 causa
1494 1343 1644 1383 exigeret
1665 1344 1719 1373 aut
1743 1353 1800 1384 per
1829 1343 1951 1383 aliquos
1977 1343 2066 1384 exigi
2096 1343 2301 1384 permitteret

1314 1400 1364 1430 vel
1385 1399 1482 1430 etiam
1503 1400 1748 1440 extorqueri,tu
1769 1403 1890 1433 tamen,
1907 1399 2096 1430 inhibitione
2116 1398 2301 1440 hujusmodi

1313 1456 1482 1497 vilipensa,
1505 1456 1544 1486 ab
1558 1456 1729 1487 exactione
1750 1466 1787 1487 ac
1813 1456 2003 1487 extorsione
2026 1455 2207 1497 hujusmodi
2229 1465 2303 1486 ces·

1313 1523 1386 1543 sare
1414 1512 1573 1543 hactenns
1599 1522 1659 1543 non
1684 1513 1818 1551 curasti,
1845 1516 1979 1554 propter
2007 1512 2089 1553 quod
2114 1511 2300 1543 earumdem

1312 1569 1479 1600 viduarum
1506 1570 1707 1600 matrimonia
1736 1569 1925 1610 plerumque
1955 1569 2103 1611 impediri
2139 1568 2299 1610 contingit

1311 1627 1344 1657 in
1369 1636 1469 1668 grave
1489 1627 1629 1667 ipsarum
1648 1626 1861 1668 prejudicium
1882 1628 1915 1656 et
1935 1626 2122 1657 scandalum
2146 1625 2298 1666 plurimo-

1311 1692 1393 1713 rum.
1417 1684 1523 1718 Quare
1544 1693 1586 1714 ex
1607 1686 1700 1724 parte
1719 1683 1865 1725 predicte
1884 1683 2109 1714 universitatis
2131 1682 2189 1713 fuit
2209 1681 2302 1713 nobis

1309 1740 1474 1770 humiliter
1498 1740 1724 1781 supplicatum,
1746 1742 1780 1771 ut
1811 1739 1982 1781 providere
2018 1739 2156 1781 prefatis
2190 1738 2294 1769 viduis

1311 1806 1408 1837 super
1419 1796 1479 1827 hoc
1492 1801 1627 1837 paterna
1643 1795 1844 1838 providentia
1855 1806 2056 1827 curaremus.
2069 1796 2224 1827 Nolentes
2233 1795 2297 1837 igi-

1311 1853 1586 1891 turmatrimonia,
1603 1853 1773 1894 quelibora
1782 1863 1855 1884 esse
1863 1852 1994 1891 debent,
2005 1852 2175 1883 occasione
2185 1851 2298 1893 hujus·

1286 1924 1287 1930 1
1311 1908 1395 1940 modi
1407 1909 1610 1949 aliquatenus
1626 1910 1786 1951 impediri,
1801 1910 1840 1941 ad
1853 1910 1957 1941 instar
1971 1909 2108 1951 predicti
2122 1908 2297 1950 predeces-

1285 2001 1287 2012 3
1310 1967 1393 1997 soris
1414 1966 1516 1997 nostri
1537 1966 1737 1998 fraternitati
1758 1969 1812 1998 tue
1835 1966 2035 2003 mandamus
2058 1965 2209 2006 quatinus
2225 1964 2301 1995 nul-

1284 2015 1286 2039 1
1308 2023 1372 2054 lam
1393 2034 1410 2054 a
1427 2022 1581 2064 predictis
1604 2022 1710 2054 viduis
1732 2024 1792 2054 hac
1816 2022 1855 2054 de
1872 2032 1970 2054 causa
1988 2024 2156 2063 pecuniam
2179 2021 2219 2053 de
2247 2030 2301 2052 ce-

1309 2083 1380 2111 tero
1400 2080 1529 2120 exigas,
1548 2080 1601 2111 vel
1621 2090 1679 2122 per
1699 2080 1824 2121 aliquos
1839 2079 1919 2110 alios
1931 2079 2020 2120 exigi
2042 2078 2095 2110 vel
2109 2078 2300 2119 extorqueri

1286 2150 1287 2178 ;
1310 2137 1479 2178 permittas
1499 2141 1614 2167 contra
1638 2137 1810 2168 canonicas
1830 2136 2029 2167 sanctiones.
2052 2136 2169 2166 Datum
2190 2135 2300 2166 Viter-

1312 2193 1364 2231 bii,
1393 2193 1486 2224 XIIII
1502 2192 1659 2224 kalendas
1679 2192 1874 2231 decembris,
1897 2202 1979 2223 anno
2006 2192 2116 2224 tertio.
2137 2205 2151 2220 n

1385 2343 1486 2371 2402
1795 2345 1919 2374 Viterbe.
1936 2346 1952 2370 8
1969 2345 2127 2370 novembre
2146 2346 2221 2371 1257.

1350 2446 1452 2473 Abbati
1468 2449 1497 2472 et
1509 2446 1665 2473 conventui
1682 2446 1798 2480 Majoris
1814 2446 1984 2472 monasterii
1999 2445 2179 2472 Turonensis
2195 2444 2296 2471 indul-

1290 2488 1291 2511 l
1313 2496 1369 2529 get,
1387 2497 1417 2520 ut
1433 2494 1559 2521 universi
1573 2494 1685 2527 priores
1697 2497 1727 2519 et
1741 2494 1877 2520 monachi
1892 2493 2027 2527 ejusdem
2042 2493 2213 2520 monasterii
2233 2493 2300 2519 ubi-

1290 2541 1291 2572 i
1315 2550 1441 2576 cumque
1458 2542 1568 2568 fuerint
1578 2542 1724 2576 gaudeant
1739 2544 1768 2567 et
1783 2544 1905 2567 utantur
1919 2540 2077 2576 privilegiis
2091 2543 2119 2566 et
2130 2540 2302 2567 immunita-

1289 2574 1291 2627 l
1313 2589 1400 2621 tibu-i,
1413 2589 1519 2623 quibus
1527 2589 1654 2624 gaudent
1670 2592 1699 2615 et
1713 2592 1839 2615 utuntur
1850 2589 1985 2615 monachi
1996 2588 2023 2614 in
2043 2589 2105 2623 ipso
2118 2587 2299 2614 monasterio

1315 2639 1542 2662 commorantes.
1561 2637 1639 2669 (fluo.
1656 2638 1698 2667 25,
1716 2645 1741 2662 a,
1758 2636 1804 2667 ΙΙΙ,
1825 2644 1850 2662 e.
1868 2636 1942 2668 782¹,
1957 2635 1975 2661 ἰ.
1997 2636 2078 2665 ΠΟΥ.)

1359 2751 1374 2766 «
1394 2763 1413 2768 ..
1437 2736 1550 2768 abbati
1571 2742 1602 2768 et
1627 2737 1806 2768 conventui
1823 2735 1964 2779 Majoris
1984 2733 2181 2767 monasterii
2196 2734 2294 2765 Turo-

1313 2793 1437 2831 nensis,
1463 2793 1511 2825 ad
1529 2795 1715 2825 Romanam
1738 2792 1921 2824 Ecclesiam
1941 2791 2033 2823 nullo
2053 2789 2164 2822 medio
2189 2789 2296 2834 perti-

1290 2875 1291 2889 ,
1315 2849 1437 2887 nentis,
1460 2849 1588 2881 ordinis
1609 2849 1728 2882 Sancti
1750 2848 1932 2881 Benedicti.
1961 2848 2143 2880 Laudabilis
2168 2847 2298 2889 religio,

1290 2923 1291 2955 ἢ
1313 2917 1373 2948 que
1395 2907 1427 2937 in
1449 2907 1644 2937 monasterio
1667 2908 1777 2937 vestro
1797 2905 1925 2944 colitur,
1949 2906 1994 2936 sic
2014 2904 2054 2936 ab
2073 2914 2110 2936 eo
2138 2903 2298 2935 mundane

1290 2959 1292 3003 l,
1314 2962 1535 2994 dissolutionis
1557 2962 1719 3004 relegavit
1739 2962 1924 3001 illecebras,
1948 2969 1980 2992 ut
2006 2961 2094 2992 inter
2116 2960 2179 2992 alia
2196 2961 2305 2992 claus—
