2477 3512
0 0 24 42 ‹Ji-i

953 313 1230 354 QUATRIEME
1251 316 1413 349 ANNEE
2184 329 2242 359 787

199 421 282 447 2521
685 421 823 453 Viterbe‚
837 422 870 448 11
885 422 963 448 avril
976 422 1062 448 1258.

161 470 359 496 Praecentori
377 469 547 497 Senonensi
566 472 598 496 et
616 470 737 496 cantori
755 470 976 503 Andegavensi
995 470 1128 496 mandat

120 510 155 536 ut
176 509 282 536 omnia
303 516 382 543 quae
403 509 435 536 in
457 510 592 536 ecclesiis
613 509 699 543 regni
721 509 870 536 Franciae
892 510 932 535 ad
954 509 1127 536 Ecclesiam

120 548 297 575 Romanam
336 549 519 575 immediate
558 549 790 582 pertinentibus
829 550 861 575 et
900 556 1034 582 quarum
1073 556 1128 575 rex

120 588 269 614 Franciae
296 590 448 622 patronus
475 589 595 620 existit,
622 589 822 615 reformanda
849 589 1006 620 noverint,
1034 588 1128 615 refor-

119 629 215 654 ment.
240 628 337 660 (ΒΕΘ.
361 628 409 659 25,
431 628 451 654 f.
477 628 544 660 133,
567 635 615 654 an.
642 628 694 659 IV,
716 635 740 654 c.
764 628 825 660 96.)

161 728 216 750 «..‚
241 717 410 754 precentori
441 717 612 746 Senonensi
647 718 704 750 el..,
741 717 858 746 cantori
898 717 1126 754 Andeqavensi.

118 768 207 798 Licet
217 769 338 807 singule
349 769 476 798 orbis—.
489 769 573 799 Hinc
584 772 632 798 est
641 770 727 808 quod
738 779 794 799 nos
805 769 887 799 circa
897 772 1020 799 statum
1031 769 1128 798 beati.

118 821 249 851 Martini
260 822 453 851 Turonensis
465 825 497 851 et
508 822 644 851 aliarum
667 823 871 852 ecclesiarum
883 822 970 860 regni
983 822 1126 855 Francie,

119 883 181 912 que
191 874 232 903 ad
244 883 301 903 nos
312 877 344 903 et
354 875 533 912 predictam
545 875 721 904 Ecclesiam
748 876 929 904 Romanam
941 875 1127 904 immediate

118 927 283 965 pertinent
296 929 328 956 et
338 927 370 956 in
385 928 502 966 quibus
516 928 698 957 carissimus
708 928 740 957 in
752 928 877 957 Christo
887 927 972 956 filius
984 930 1125 961 noster..,

117 979 250 1008 Francie
277 989 333 1009 rex
358 980 500 1014 illustris,
527 980 579 1018 jus
606 981 732 1019 optinet
759 983 962 1019 patronatus,
990 983 1124 1018 paterna

117 1032 257 1062 sollertia
287 1033 492 1063 intendentes
522 1042 560 1062 ac
589 1034 734 1063 volentes
764 1043 874 1063 eorum
905 1034 1125 1072 spiritualibus

116 1087 150 1114 et
168 1086 398 1123 temporalibus
417 1086 559 1115 comodis
578 1086 754 1124 apostolica
768 1086 932 1125 diligentia
943 1086 1122 1124 providere,

115 1138 308 1167 mandamus
335 1139 489 1177 quatinus
516 1139 557 1168 ad
585 1140 713 1168 easdem
740 1140 887 1168 ecclesias
915 1139 1125 1177 personaliter

118 1191 315 1225 accedentes,
342 1193 374 1220 et
400 1192 555 1221 habentes
588 1201 645 1230 pro
672 1192 770 1221 oculis
795 1193 898 1221 solum
925 1192 1039 1226 Deum,
1066 1192 1124 1220 im-

117 1243 265 1282 pendatis
282 1244 341 1273 hac
356 1245 425 1274 vice
441 1245 472 1274 in
488 1245 533 1274 eis
547 1245 743 1274 visitationis
759 1245 913 1279 officium,
930 1245 999 1274 vice
1015 1247 1125 1274 nostra

116 1296 309 1334 corrigentes
323 1299 356 1326 et
370 1297 582 1327 reformantes
596 1298 628 1327 in
642 1298 713 1332 illis,
729 1301 797 1327 tam
812 1298 844 1327 in
859 1298 964 1336 capite
979 1306 1078 1336 quam
1092 1297 1124 1326 in

115 1349 277 1383 membris,
309 1359 371 1388 que
401 1351 596 1380 correctione
625 1353 658 1380 et
686 1351 914 1380 reformatione
943 1352 1012 1379 tam
1042 1350 1124 1379 circa

115 1402 224 1431 divina
248 1402 355 1432 officia
380 1412 478 1442 quam
501 1404 563 1433 alia
587 1404 741 1433 noveritis
764 1404 914 1442 indigere.
940 1402 1126 1432 Contradic-

114 1457 199 1484 tores
223 1457 284 1484 etc.
321 1456 394 1485 Non
420 1456 571 1485 obstante
596 1457 621 1485 si
647 1456 790 1495 personis
814 1455 976 1494 aliquibus
1000 1464 1018 1485 a
1045 1456 1124 1485 Sede

113 1507 299 1546 Apostolica
328 1508 370 1537 sit
397 1509 561 1538 indultum
590 1509 677 1548 quod
705 1509 863 1543 interdici,
893 1509 1045 1547 suspendi
1072 1509 1124 1538 vel

114 1561 385 1590 excommunicari
418 1571 481 1591 non
515 1562 650 1600 possint,
684 1571 741 1600 per
773 1562 897 1591 litteras
930 1562 1124 1600 apostolicas

113 1612 242 1651 plenam
266 1616 299 1643 et
323 1623 506 1652 expressam
532 1624 595 1644 non
620 1614 774 1644 facientes
800 1615 838 1644 de
862 1614 988 1644 indulto
1014 1614 1124 1653 huJus-

112 1666 201 1695 modi
220 1666 428 1701 mentionem,
450 1670 483 1696 et
503 1668 648 1706 qualibet
668 1667 791 1706 prefate
814 1667 902 1697 Sedis
922 1667 1122 1706 indulgentia

112 1727 170 1757 per
191 1728 289 1757 quam
311 1719 447 1749 effectus
470 1721 667 1759 presentium
689 1721 837 1759 impediri
859 1720 968 1749 valeat
989 1721 1040 1750 vel
1063 1720 1123 1749 dif-

111 1770 186 1801 ferri
211 1774 243 1801 et
269 1772 307 1801 de
333 1782 397 1811 qua
422 1773 454 1802 in
480 1773 597 1803 nostris
622 1773 738 1803 litteris
763 1773 885 1803 mentio
910 1772 980 1802 fieri
1006 1773 1123 1802 debeat

112 1824 267 1862 specialis.
291 1825 367 1855 Dat.
391 1826 537 1860 Viterbii,
564 1826 613 1855 III
635 1826 707 1856 idus
729 1827 848 1865 aprilis,
871 1836 957 1858 anno
980 1831 1122 1867 quarto.»

191 2047 279 2073 2522
654 2049 793 2081 Viterbe,
806 2050 842 2076 13
854 2050 934 2076 avril
951 2050 1036 2077 1258.

152 2095 251 2122 Priori
292 2096 426 2123 fratrum
469 2097 726 2124 Praedicatorum
769 2098 935 2125 Parisiensi
978 2100 1122 2126 concedit

111 2134 296 2162 facultatem
319 2137 498 2163 assumendi
519 2144 574 2170 pro
596 2138 722 2170 negotio
741 2137 816 2164 fidei
839 2140 948 2164 contra
969 2138 1121 2166 hereticos

111 2181 281 2209 eorumque
304 2175 452 2208 fautores,
476 2178 686 2210 receptatores
710 2179 740 2204 et
763 2178 937 2204 defensores
961 2178 993 2204 in
1016 2185 1119 2212 regno.

112 2214 262 2241 Franciae
277 2217 470 2250 exequendo,
488 2217 610 2242 duobus
633 2217 783 2243 fratribus
800 2225 862 2243 non
879 2218 1120 2250 sufficientibus,

111 2256 248 2287 quatuor
271 2255 348 2281 alios
372 2255 484 2282 fratres
508 2257 548 2282 ad
572 2256 631 2283 hoc
654 2257 792 2284 idoneos.
818 2257 915 2291 (Rae.
941 2257 990 2289 25,
1014 2258 1035 2285 f.
1063 2258 1120 2285 133

112 2297 158 2325 νο,
182 2301 231 2321 an.
259 2294 311 2326 IV,
335 2302 360 2322 c.
385 2295 442 2327 973
466 2296 638 2322 POTTHAs‘r
663 2296 784 2330 17236.)

153 2395 164 2410 «
191 2407 219 2418 ..‚
257 2385 357 2423 priori
381 2385 512 2423 fratrum
538 2385 770 2415 Predicatorum
796 2386 983 2416 Parisiensi.
1010 2387 1121 2416 Memi-

112 2436 216 2466 nimus
240 2437 315 2466 olim
340 2438 399 2467 tibi
423 2455 473 2466 —.
499 2439 575 2467 Dat.
600 2439 747 2473 Viterbii,
765 2439 871 2468 idibus
891 2440 1009 2477 aprilis,
1035 2449 1120 2470 anno

112 2492 238 2528 quarto.
276 2502 287 2517 »

191 2702 278 2728 2523
673 2704 811 2737 Viterbe‚
824 2706 931 2732 9avril
951 2707 1034 2733 1255.

155 2750 364 2785 Infrascriptis
378 2752 520 2785 indulget
535 2754 571 2778 ut
586 2753 625 2779 ad
642 2753 829 2780 solutionem
845 2755 1023 2781 debitorum
1039 2762 1118 2788 quae

112 2792 327 2823 procuratores
353 2798 459 2818 eorum
485 2793 603 2825 absque
629 2793 780 2819 mandato
806 2796 837 2820 et
862 2795 893 2820 in
919 2795 1118 2821 ecclesiarum

113 2829 275 2863 dispendio
307 2832 541 2863 contraherunt,
573 2832 701 2858 minime
732 2834 908 2860 teneantur.
941 2835 1037 2867 (HEC.
1070 2834 1118 2866 25,

113 2868 133 2895 f.
154 2869 209 2896 133
226 2873 273 2901 v0,
291 2877 339 2897 an.
362 2871 413 2903 IV,
431 2879 454 2898 c.
474 2872 535 2905 98.)

155 2959 332 2990 «Universis
365 2960 606 2998 archiepiscopis
639 2962 665 2988 el
699 2960 852 2999 episcopis
885 2964 911 2990 el
944 2962 1119 2997 abbatibus,

114 3011 281 3048 prioribus,
322 3013 456 3047 decanis,
499 3013 737 3048 archidiaconis,
778 3014 945 3052 prepositis
985 3017 1011 3044 cl
1047 3016 1121 3045 aliis

1235 421 1431 452 ecclesiarum
1468 425 1606 462 prelatis,
1644 435 1761 456 necnon
1799 429 1946 466 capitulis
1983 432 2009 459 ei
2045 432 2243 461 conventibus

1233 482 1290 511 per
1322 483 1451 513 reynum
1486 477 1620 508 Francie
1655 481 1837 510 constitutis.
1872 482 1922 511 Ad
1958 483 2122 513 universas
2158 485 2242 514 orbis

1234 527 1391 561 ecclesias,
1407 537 1446 557 ex
1461 529 1559 559 officii
1575 531 1694 566 debito,
1710 533 1834 563 intente
1849 535 2052 573 cogitationis
2068 537 2242 566 extenden-

1234 581 1282 608 tes
1309 580 1410 609 aciem
1438 584 1470 610 et
1499 584 1640 621 undique
1669 594 1724 623 per
1751 587 1870 620 orbem,
1900 597 1956 626 pro
1984 589 2103 618 salubri
2131 599 2240 619 earum

1233 634 1333 666 statu,
1359 635 1532 671 apostolice
1553 636 1730 674 diligenties
1751 639 1879 668 tudium
1904 640 2133 675 diffundentes,
2159 642 2241 672 circa

1234 685 1380 714 ecclesias
1405 687 1554 725 precipue
1579 698 1616 718 ac
1640 692 1835 721 monasteria
1860 695 1892 721 et
1917 693 1977 722 alia
2003 694 2071 723 loca
2097 695 2240 733 religiosa

1233 738 1321 775 regni
1352 738 1483 768 Francie
1513 744 1621 770 nostre
1651 743 1914 774 considerationis
1944 749 2166 785 retorquemus
2195 748 2242 777 in-

1233 790 1355 819 tuitum
1376 794 1409 820 et
1430 801 1487 829 pro
1508 793 1650 831 ipsorum
1672 797 1914 826 conservatione
1936 799 2068 836 potioris
2091 800 2240 829 nimirum

1232 842 1399 881 vigilantie
1419 854 1548 883 operam
1568 847 1769 882 adhibemus,
1790 850 1876 878 omni
1896 851 2109 881 sollicitudine
2129 862 2241 890 procu-

1233 899 1340 925 rantes
1362 900 1398 926 ut
1419 900 1488 927 tam
1509 898 1540 927 in
1561 899 1782 937 spiritualibus
1803 911 1901 940 quam
1923 905 2153 941 temporalibus
2174 906 2241 934 lau-

1233 949 1351 979 dabilia
1364 951 1525 985 continue,
1538 954 1669 982 auctore
1681 953 1831 987 Domino,
1844 956 2021 994 suscipiant
2033 957 2240 987 incrementa.

1232 1001 1314 1031 Sane
1350 1004 1425 1042 quia
1461 1004 1677 1034 intelleximus
1714 1007 1800 1044 quod
1837 1008 1981 1037 nonnulli
2018 1012 2241 1047 procuratores

1229 1056 1339 1090 vestri,
1358 1065 1437 1094 quos
1455 1057 1496 1085 ad
1515 1057 1627 1087 Sedem
1641 1059 1871 1096 Apostolicam,
1891 1070 1947 1098 pro
1965 1062 2079 1091 vestris
2097 1065 2129 1091 et
2146 1063 2242 1092 eccle-

1230 1108 1350 1138 siarum
1369 1112 1550 1139 vestrarum
1571 1112 1716 1149 negotiis,
1738 1112 1918 1147 destinatis,
1938 1114 2100 1143 interdum
2120 1116 2242 1154 absque

1231 1162 1387 1191 mandato
1401 1165 1519 1197 vestro,
1549 1165 1744 1203 quandoque
1769 1168 1881 1195 contra
1908 1167 2100 1196 mandatum
2115 1170 2148 1196 et
2162 1168 2243 1197 inhi-

1231 1214 1387 1244 bitionem
1406 1216 1449 1245 eis
1467 1225 1484 1245 a
1503 1217 1595 1246 vobis
1614 1217 1735 1246 factam
1753 1227 1848 1256 super
1865 1219 1925 1248 hoc
1942 1220 2123 1257 specialiter
2139 1223 2172 1249 et
2189 1230 2243 1250 ex-

1231 1276 1347 1305 presse,
1374 1277 1607 1308 nonnunquam
1633 1271 1732 1299 etiam
1757 1271 1841 1300 ultra
1866 1281 2026 1301 summam
2052 1276 2240 1303 contentam

1231 1319 1263 1349 in
1277 1321 1392 1350 litteris
1407 1322 1450 1351 eis
1464 1331 1482 1351 a
1496 1323 1588 1351 vobis
1603 1332 1698 1361 super
1711 1326 1826 1353 mutuo
1841 1325 2060 1355 contrahendo
2075 1327 2242 1361 concessis,

1232 1375 1384 1403 mutuum
1407 1375 1594 1404 contrahere
1617 1376 1649 1405 in
1672 1379 1817 1406 vestrum
1839 1380 1871 1406 et
1894 1378 2098 1407 ecelesiarum
2120 1381 2243 1409 vestra-

1231 1435 1303 1455 rum
1324 1426 1527 1465 dispendium
1548 1437 1611 1457 non
1632 1431 1795 1463 verentur,
1816 1439 1874 1459 vos
1894 1432 1927 1459 et
1947 1431 2074 1460 easdem
2095 1432 2243 1461 ecclesias

1231 1488 1406 1518 earumque
1439 1480 1523 1510 bona
1557 1484 1689 1520 propter
1721 1482 1781 1511 hoc
1814 1483 2026 1512 creditoribus
2059 1484 2242 1523 obligando,

1231 1540 1299 1565 nos,
1319 1532 1464 1561 volentes
1484 1536 1644 1571 oportuno
1659 1535 1751 1564 vobis
1770 1535 1802 1564 in
1822 1535 1882 1565 hac
1901 1538 1992 1574 parte
2012 1537 2152 1566 remedio
2172 1547 2244 1575 pro-

1230 1583 1349 1618 videre,
1379 1585 1471 1614 vobis
1500 1586 1656 1616 universis
1684 1590 1717 1616 et
1744 1588 1886 1626 singulis,
1915 1592 1953 1618 ut
1980 1590 2021 1619 ad
2050 1590 2242 1619 solutionem

1231 1636 1417 1675 hujusmodi
1439 1639 1633 1673 debitorum,
1656 1649 1718 1679 que
1739 1641 1849 1670 taliter
1869 1642 2017 1672 contrahi
2038 1642 2120 1671 forte
2142 1643 2244 1672 conti-

1229 1690 1321 1728 gerit,
1352 1691 1478 1720 etiamsi
1508 1692 1539 1721 in
1569 1692 1793 1723 instrumentis
1822 1703 1917 1733 super
1946 1695 2006 1724 hiis
2035 1695 2242 1725 conficiendis

1229 1752 1376 1781 expresse
1406 1745 1611 1774 contineatur
1640 1747 1726 1785 quod
1756 1749 1905 1777 mutuate
1934 1748 2067 1786 pecunie
2096 1748 2127 1778 in
2158 1749 2243 1778 utili-

1229 1798 1332 1825 tatem
1356 1797 1560 1827 ecclesiarum
1584 1801 1765 1828 vestrarum
1788 1809 1879 1829 verse
1901 1801 1976 1834 sint,
2001 1801 2131 1830 minime
2154 1804 2243 1830 tene-

1229 1848 1338 1883 amini,
1353 1859 1410 1879 nec
1423 1851 1464 1879 ad
1476 1851 1509 1879 id
1522 1860 1540 1880 a
1553 1860 1718 1890 quoquam
1732 1853 1879 1891 compelli
1892 1853 2032 1891 possitis,
2046 1854 2242 1883 auctoritate

1228 1902 1426 1939 presentium
1457 1903 1671 1942 indulgemus,
1705 1905 1911 1935 decernentes
1943 1916 1983 1936 ex
2014 1916 2099 1936 nunc
2131 1916 2241 1936 omnes

1228 1963 1393 1992 processus
1419 1964 1593 1995 omnesque
1618 1958 1806 1992 sententias,
1832 1959 1857 1987 si
1883 1968 1963 1998 quos
1989 1960 2047 1989 hac
2073 1960 2239 1989 occasione

1228 2009 1340 2037 contra
1357 2017 1425 2041 vos,
1443 2009 1493 2038 vel
1510 2012 1655 2039 vestrum
1672 2011 1813 2049 aliquem
1830 2012 1880 2041 vel
1897 2013 2032 2051 aliquos,
2050 2015 2239 2051 vestrasque

1227 2060 1374 2090 ecclesias
1401 2061 1511 2091 haberi
1536 2063 1587 2091 vel
1613 2062 1686 2092 ferri
1713 2064 1893 2102 contigerit,
1920 2065 2026 2094 irritos
2053 2065 2180 2103 penitus
2206 2067 2240 2095 et

1227 2112 1348 2143 inanes.
1372 2114 1459 2143 Nulli
1482 2117 1590 2145 nostre
1613 2117 1823 2146 concessionis
1846 2120 1879 2146 et
1902 2118 2142 2148 constitutionis
2176 2121 2237 2148 etc.

1228 2166 1304 2196 Dat.
1330 2167 1477 2202 Viterbii,
1502 2168 1530 2197 V
1554 2168 1626 2197 idus
1650 2169 1769 2207 aprilis,
1795 2179 1880 2200 anno
1906 2174 2032 2209 quarto.
2058 2184 2070 2197 »

1308 2389 1397 2414 2524
1771 2391 1909 2423 Viterbe,
1924 2392 1959 2418 13
1971 2392 2050 2418 avril
2068 2392 2153 2419 1258.

1267 2437 1510 2472 Archiepiscopo
1552 2439 1810 2473 Rothomagensi‚
1853 2442 1887 2466 ut
1928 2441 2116 2467 discordiam
2157 2441 2239 2467 inter

1228 2478 1382 2511 quosdam
1402 2485 1440 2504 ex
1450 2479 1598 2512 praelatis
1611 2479 1760 2506 Franciae
1776 2481 1806 2506 et
1821 2480 1986 2506 nonnullos
2007 2480 2138 2506 barones
2158 2481 2239 2513 ejus-

1228 2518 1299 2543 dem
1314 2518 1400 2551 regni
1416 2520 1559 2544 exortam
1575 2519 1682 2545 sedare
1698 2520 1834 2546 studeat.
1853 2520 1948 2553 (Rae.
1961 2520 2009 2551 25,
2021 2520 2040 2546 f.
2056 2520 2111 2546 133
2128 2524 2173 2551 vo,
2186 2527 2236 2547 an.

1230 2557 1282 2589 IV,
1307 2564 1332 2584 c.
1359 2558 1420 2590 99.)

1269 2658 1325 2681 «..‚
1356 2647 1586 2686 archiepiscopo
1614 2648 1863 2685 Rolhomaqensi.
1894 2649 1942 2678 De
1972 2649 2175 2687 providentia
2205 2651 2239 2678 et

1226 2700 1417 2729 maturitate
1458 2702 1515 2730 tua
1557 2701 1741 2729 obtinentes
1783 2701 2010 2730 certitudinem
2052 2701 2237 2739 pleniorem,

1226 2753 1330 2782 vitare
1349 2762 1411 2782 non
1430 2762 1610 2791 possumuS,
1624 2753 1700 2791 quin
1720 2756 1751 2782 te
1770 2754 1885 2791 sepius,
1906 2754 1937 2782 in
1956 2754 2125 2792 grandium
2144 2761 2239 2792 nego-

1226 2805 1346 2835 tiorum
1377 2808 1410 2834 ct
1440 2806 1575 2834 aliorum
1607 2815 1669 2844 quc
1700 2806 1886 2844 frequenter
1915 2806 1947 2834 in
1978 2806 2038 2834 illis
2070 2809 2238 2845 emergunt

1226 2858 1384 2896 partibus,
1425 2858 1647 2887 commissione
1685 2866 1865 2897 gravemus,
1904 2858 1998 2887 firma
2046 2859 2237 2888 credulitate

1228 2913 1373 2939 tenentes
1401 2911 1487 2949 quod
1515 2920 1550 2939 ca
1578 2920 1640 2949 que
1669 2911 1725 2939 tibi
1752 2911 1996 2944 committimus,
2024 2920 2174 2949 prospere
2200 2921 2238 2941 ac

1227 2963 1398 2992 salubriter
1419 2965 1472 2992 tue
1492 2963 1784 3001 ‹tircumspeetionis
1804 2964 1911 2992 studio
1932 2964 2121 3002 dirigantur.
2155 2964 2238 2994 Sane

1227 3015 1278 3045 illa
1294 3016 1462 3053 singularis
1478 3016 1605 3045 dilectio
1621 3025 1718 3054 quam
1729 3017 1769 3045 ad
1781 3016 1939 3045 famosum
1952 3024 2083 3055 regnum
2104 3017 2237 3047 Francie
