2477 3512
205 264 248 296 48
903 263 1170 296 REGISTRES
1197 262 1546 295 D'ALEXANDRE
1576 263 1622 295 lv

206 370 469 411 «positionibus
494 372 529 401 et
555 369 840 411 responsionibus
875 369 919 400 ad
949 369 1101 405 easdem,
1130 378 1209 411 pars

206 425 376 457 «abbatis
418 428 453 456 et
497 427 695 456 conventus
740 424 980 465 predictorum
1025 425 1209 466 proposuit

206 492 218 508 «
234 480 329 522 quod
350 480 603 522 possessionem
624 478 678 510 vel
700 479 798 520 quasi
818 479 949 519 jurium
971 479 1209 520 predictorum

206 547 219 563 «
233 535 452 567 sufficienter
472 535 650 576 probarat,
674 544 735 565 nec
756 534 785 565 ei
807 544 940 570 nocere,
963 534 1070 565 immo
1092 534 1210 575 potius

205 591 397 632 «prodesse
428 589 580 621 debebat
611 589 728 631 quoad
759 589 988 620 interdictum
1021 589 1071 620 uti
1102 589 1210 631 possi-

209 641 383 686 «de[n]tis
428 642 482 674 vel
516 642 615 684 quasi
648 642 742 684 quod
776 642 809 673 in
844 642 955 683 prima
981 645 1080 683 parte
1103 641 1209 674 libelli

206 695 277 727 «ab
308 695 438 727 eisdem
469 695 650 727 monachis
680 695 796 726 fuerat
827 695 1083 736 intemptatum
1114 695 1208 736 quod

205 748 423 780 «adversarii
465 748 631 780 dicuntur
670 748 817 789 probare
866 748 1118 789 possessionem
1159 748 1210 790 ip-

204 811 306 833 «sam
342 811 403 843 per
436 811 494 833 eos
529 801 720 843 aliquando
756 801 861 832 fuisse
899 801 1091 837 turbatam,
1128 810 1208 832 cum

204 854 460 886 «interdictum
498 854 700 895 hujusmodi
738 854 936 896 possessorii
972 857 1093 885 contra
1131 863 1209 895 pos—

203 920 216 936 «
231 907 393 939 sessionis
412 907 615 939 turbatores
635 910 834 948 competere
855 907 1070 938 dinoscatur.
1094 906 1208 938 Partis

207 960 342 992 «etiam
382 961 528 992 adverse
568 961 726 992 turbatio
765 970 808 991 ex
847 970 886 991 co
927 960 1095 1001 injuriosa
1135 970 1207 991 esse

203 1014 404 1055 «probatur
434 1014 527 1055 quod
560 1014 671 1045 abbas
701 1016 733 1044 et
767 1016 964 1044 conventus
995 1013 1133 1054 prefati,
1165 1022 1209 1044 ex

204 1067 485 1108 «compositione
512 1067 602 1098 inter
628 1067 721 1107 ipsos
746 1070 780 1097 et
807 1066 1026 1097 adversarios
1052 1066 1208 1107 prefatos

205 1120 355 1151 «utendi
399 1120 564 1161 predictis
605 1119 743 1159 juribus
784 1119 919 1159 justam
961 1129 1104 1150 causam
1148 1128 1206 1149 seu

206 1172 380 1204 «titulum
408 1172 620 1204 habuerunt.
652 1172 877 1213 l'roponcbat
915 1172 1056 1213 insuper
1094 1172 1208 1202 inten-

205 1225 365 1257 «tionem
405 1235 517 1262 suam,
557 1228 734 1267 quantum
773 1225 817 1256 ad
857 1225 1075 1266 petitorium,
1115 1234 1210 1266 pres-

204 1278 402 1320 «criptione
431 1278 588 1319 legitima
619 1288 753 1310 necnon
784 1281 819 1309 et
849 1278 1103 1319 compositione
1134 1287 1210 1318 pre-

203 1331 325 1363 «dicta
364 1340 437 1363 esse
475 1330 576 1372 plene
613 1331 826 1367 fundatam;
866 1340 948 1362 nam
987 1331 1014 1362 si
1052 1330 1208 1362 dominia

204 1384 432 1426 «prediorum
459 1384 493 1415 in
521 1384 648 1425 quibus
675 1383 786 1415 abbas
811 1387 844 1415 et
873 1387 1069 1415 conventus
1097 1383 1210 1425 prefa-

203 1436 258 1468 «ti
283 1437 441 1478 predicta
463 1436 542 1478 jura
566 1446 601 1468 se
625 1436 753 1468 habere
777 1440 937 1468 asserunt
962 1437 1030 1468 ad..
1056 1436 1210 1478 preposi—

203 1492 307 1522 «tum
334 1489 545 1521 Remensem
570 1490 760 1531 pertinent,
787 1492 825 1521 ut
852 1499 932 1531 pars
957 1490 1104 1521 adversa
1131 1499 1208 1530 pro-

203 1542 342 1584 «ponit,
368 1552 449 1574 cum
472 1552 515 1574 ex
539 1542 604 1574 hoc
628 1546 799 1584 appareat
823 1552 881 1574 cos
906 1552 975 1573 non
1002 1542 1128 1574 babere
1152 1542 1208 1583 jus

203 1595 446 1637 «impediendi
469 1595 637 1627 abbatem
660 1598 694 1626 et
716 1598 934 1626 conventum
957 1596 1098 1626 cosdem
1122 1605 1208 1636 quo-

204 1660 216 1676 «
231 1648 346 1680 minus
383 1648 521 1689 juribus
560 1648 725 1689 predictis
765 1651 922 1685 utantur,
961 1648 1037 1689 jure
1077 1648 1207 1679 debent

204 1700 356 1732 «saltem
386 1701 522 1732 ratione
552 1701 779 1742 possessionis
808 1701 861 1732 vel
893 1701 1003 1742 quasi,
1035 1711 1142 1742 quani
1172 1701 1205 1732 in

204 1754 315 1795 «ipsis
358 1754 495 1795 juribus
540 1754 742 1785 monasterii
789 1757 928 1785 constat
976 1754 1114 1790 babere,
1161 1754 1206 1785 ab

206 1807 487 1848 «impedimento
515 1806 717 1848 hujusmodi
747 1807 932 1848 prohiberi.
962 1807 994 1838 Si
1022 1817 1104 1838 vero
1131 1816 1208 1848 pre-

205 1860 369 1891 «diorum
407 1860 599 1891 eorundem
638 1860 857 1891 dominium..
898 1860 1021 1900 major,
1061 1860 1205 1896 scabini,

203 1912 389 1944 «homines
421 1915 457 1944 et
490 1922 676 1944 commune.
710 1913 874 1944 obtinent
908 1913 1092 1944 memorati
1126 1923 1206 1944 cum

203 1969 306 1997 «tam
336 1966 587 2007 prescriptione
617 1975 723 2008 quam
754 1966 1008 2007 compositione
1039 1966 1207 2008 prescrip-

204 2019 287 2056 «tis,
327 2019 437 2051 abbas
475 2022 510 2050 et
548 2022 745 2051 conventus
783 2019 848 2061 ipsi
885 2019 963 2060 jura
1003 2019 1206 2061 quesierunt

204 2071 422 2109 «antedicta,
455 2075 597 2104 constat
628 2073 723 2114 quod
755 2082 860 2113 super
890 2072 938 2103 eis
969 2072 1130 2114 impediri
1162 2072 1206 2103 ab

203 2124 431 2156 «adversario
467 2124 509 2156 de
533 2125 609 2165 jure
628 2134 698 2156 non
734 2125 875 2156 debent.
911 2125 965 2157 Ad
1002 2125 1065 2157 hoc
1102 2134 1206 2166 pars..

204 2177 386 2218 «majoris,
425 2177 649 2209 scabinorum
687 2180 723 2209 et
760 2178 1028 2210 communitatis
1067 2188 1208 2219 respon-

204 2231 316 2262 «dens
346 2233 381 2262 et
413 2231 701 2272 prescriptionem
733 2231 846 2272 ipsam
877 2241 946 2262 non
978 2241 1050 2262 esse
1083 2231 1208 2272 proba-

204 2287 306 2315 «tam
340 2286 386 2320 et,
421 2284 448 2315 si
483 2284 525 2315 de
559 2294 598 2315 ea
633 2287 822 2321 constaret,
858 2294 935 2316 eam
972 2285 1207 2326 interruptam

204 2350 217 2365 «
232 2346 304 2368 esse
323 2337 517 2373 affirmans,
538 2337 677 2368 dicebat
697 2338 791 2378 quod
813 2347 872 2378 per
889 2347 966 2369 eam
987 2347 1066 2378 pars
1085 2338 1208 2368 adver—

204 2402 217 2418 «
231 2399 268 2421 sa
288 2389 397 2430 jurari
419 2399 486 2420 non
509 2393 647 2431 poterat
670 2400 731 2421 nec
753 2390 916 2425 debebat,
938 2390 1092 2422 adiciens
1113 2391 1207 2432 quod

204 2442 274 2474 «de
310 2442 563 2483 compositione
600 2453 661 2484 per
695 2443 915 2474 adversarios
951 2443 1100 2484 allegata
1139 2454 1206 2475 non

204 2495 421 2527 «constabat
467 2504 527 2536 per
571 2495 726 2535 legitima
774 2496 998 2533 documenta,
1048 2506 1119 2532 nec,
1168 2499 1208 2528 ut

204 2548 383 2584 «dicebat,
410 2548 451 2579 de
475 2558 645 2580 consensu
672 2548 854 2580 Remensis
877 2549 1023 2590 capituli
1047 2549 1101 2580 vel
1126 2559 1206 2581 cum

204 2613 217 2629 «
233 2601 397 2632 Remensi
419 2601 596 2642 preposito
619 2601 678 2642 qui
700 2611 760 2643 per
780 2601 1072 2643 compositionem
1093 2602 1206 2644 ipsam

205 2653 386 2685 «maxime
420 2653 645 2694 tangebatur,
682 2663 743 2685 nec
779 2664 858 2685 cum
894 2654 1024 2686 abbate
1060 2655 1208 2696 predicti

205 2706 436 2738 «monasterii
465 2706 559 2738 facta
589 2707 667 2738 suit.
697 2707 882 2748 Allegabat
912 2710 1070 2749 preterea
1099 2708 1206 2750 quod,

205 2772 217 2787 α
232 2769 312 2791 cum
335 2759 446 2791 abbas
467 2762 503 2790 et
525 2763 721 2791 conventus
742 2760 904 2801 jamdicti
926 2764 1049 2792 contra
1071 2771 1111 2793 ea
1140 2771 1207 2803 que

205 2824 218 2841 α
232 2812 267 2844 in
288 2812 543 2854 compositione
563 2812 638 2854 ipsa
660 2813 790 2844 inserta
812 2823 885 2845 esse
906 2814 1073 2845 dicuntur
1093 2814 1207 2846 venis-

206 2868 311 2897 «sent
335 2875 405 2897 non
430 2865 609 2897 debebant
633 2876 677 2897 ex
701 2876 740 2898 ea
764 2866 885 2907 jurari.
911 2867 940 2898 E
977 2869 1101 2899 contra
1127 2877 1207 2909 pars

207 2918 438 2951 «monasterii
470 2918 691 2960 proponebat
724 2920 818 2960 quod
850 2919 1005 2961 legitime
1036 2920 1207 2962 prescrip-

208 2971 368 3003 «tionem
401 2971 581 3014 probarat,
615 2974 650 3003 et
682 2972 762 3004 licet
795 2973 987 3005 adversarii
1019 2974 1207 3016 possessio-

1316 379 1424 400 «nem
1449 379 1550 400 suam
1577 369 1611 400 in
1636 369 1774 410 juribus
1800 369 1968 410 predictis
1994 368 2208 405 turbassent,
2242 377 2322 399 cum

1315 437 1326 451 «
1344 427 1461 455 tamen
1483 424 1594 455 abbas
1614 426 1647 455 et
1669 427 1866 455 conventus
1887 424 2014 465 prefati
2036 434 2098 455 nec
2118 423 2236 455 animo
2258 432 2318 454 nce

1315 490 1484 520 «corpore
1518 479 1770 521 possessionem
1804 478 1857 510 vel
1890 479 1990 520 quasi
2021 479 2152 519 jurium
2186 478 2319 520 predic-

1316 538 1460 566 «torum
1505 534 1713 570 dimiserint,
1759 537 1955 566 memorata
2002 533 2207 575 prescriptio
2253 543 2321 564 non

1315 602 1328 619 (ι
1343 590 1410 621 suit
1433 600 1494 632 per
1516 590 1756 621 turbationem
1780 589 1985 630 hujusmodi
2008 589 2217 630 interrupta,
2241 588 2322 620 sub-

1315 643 1492 683 «jungens
1520 643 1614 684 quod
1643 643 1685 674 de
1712 642 1967 684 compositione
1996 642 2070 683 ipsa
2099 651 2159 683 per
2185 644 2322 673 cartam

1315 696 1537 727 «secundum
1580 695 1874 727 consuetudinem
1916 695 2126 735 gallicanam
2169 694 2323 734 legitime

1315 749 1476 780 «iactam
1506 751 1541 780 ct
1569 748 1688 789 sigillis
1717 748 1906 779 autenticis
1935 748 2063 789 quibus
2091 747 2175 779 stari
2205 747 2322 783 debet,

1315 802 1402 833 «ubi
1445 802 1539 833 aliud
1585 811 1653 832 non
1697 801 1906 836 ostenditur,
1958 801 2173 836 roboratam,
2225 799 2324 831 suffi-

1315 854 1474 886 «cientcr
1497 854 1697 890 constabat,
1723 857 1757 885 ct
1782 853 2075 895 compositionem
2100 853 2212 894 ipsam
2237 852 2321 884 alio-

1314 919 1327 936 «
1342 917 1419 939 rum
1440 908 1758 939 instrumentorum
1779 906 1993 938 adminiculo
2015 916 2095 948 pars
2115 905 2321 938 monasterii

1315 960 1553 1001 «adjuvabat,
1581 960 1735 992 adiciens
1761 960 1854 1002 quod
1881 962 2003 991 contra
2029 959 2323 1000 compositionem

1314 1012 1377 1044 «in
1399 1013 1576 1054 aliquibus
1598 1013 1755 1044 articulis
1777 1013 1818 1044 de
1841 1022 2012 1044 consensu
2035 1012 2147 1053 partis
2173 1011 2321 1043 adverse

1315 1066 1391 1098 «eis
1416 1066 1535 1097 venire
1561 1065 1701 1102 licebat,
1730 1068 1835 1107 prout
1861 1066 1896 1096 in
1921 1065 2030 1106 ipsius
2055 1064 2322 1106 compositionis

1316 1119 1428 1150 «serie
1454 1119 1668 1150 continetur.
1696 1118 1742 1150 Et
1767 1119 1793 1149 si
1820 1118 1920 1154 sorte,
1948 1118 2042 1160 qnod
2068 1117 2172 1154 absit,
2199 1120 2322 1149 contra

1317 1172 1379 1203 «in
1419 1171 1537 1213 aliquo
1577 1171 1768 1208 venissent,
1809 1174 1929 1202 tamen
1968 1171 2034 1212 ipsi
2073 1170 2322 1202 communitati

1316 1225 1484 1266 «propria
1519 1225 1719 1256 temeritate
1751 1234 1828 1256 cam
1861 1224 2050 1264 infringere
2082 1233 2151 1255 non
2184 1223 2324 1260 licebat,

1316 1278 1377 1309 «in
1411 1278 1512 1319 cujus
1545 1277 1762 1319 possessione
1796 1277 1850 1308 vel
1884 1277 1984 1318 quasi
2018 1277 2272 1308 monasterium
2305 1286 2324 1308 a

1317 1331 1536 1372 «longissimi
1584 1331 1753 1372 temporis
1798 1330 1914 1372 spatio
1961 1330 2204 1371 permanebat.
2253 1329 2324 1361 Nec

1316 1385 1486 1416 «obstare
1515 1384 1655 1416 dicebat
1684 1384 1778 1425 quod
1807 1383 1916 1415 obicit
1944 1392 2024 1424 pars
2052 1383 2200 1414 adversa
2229 1382 2323 1425 quod

1316 1438 1387 1469 «de
1407 1446 1579 1469 consensu
1600 1436 1784 1469 Remensis
1804 1436 1961 1478 capituli,
1982 1435 2037 1467 vel
2057 1445 2138 1467 cum
2159 1435 2323 1467 Remensi

1319 1490 1524 1532 «preposito
1553 1490 1648 1521 dicta
1676 1489 1885 1531 compositio
1913 1489 2008 1520 faeta
2038 1498 2107 1520 non
2134 1488 2213 1524 fuit,
2242 1488 2325 1530 quia

1316 1554 1423 1575 «cum
1453 1553 1514 1585 per
1541 1543 1645 1584 longa
1674 1545 1836 1584 tempora
1866 1542 1911 1574 sit
1939 1545 2092 1578 servata,
2122 1551 2201 1574 eam
2229 1541 2325 1583 capi-

1315 1597 1458 1628 «tulum
1483 1596 1538 1628 vel
1563 1596 1762 1638 prepositus
1789 1596 1852 1627 bac
1878 1595 2059 1627 occasione
2086 1605 2154 1626 non
2180 1597 2322 1636 poterat

1315 1663 1326 1678 «
1343 1650 1550 1691 impugnare
1567 1659 1574 1686 ;
1591 1652 1627 1681 et
1643 1652 1812 1690 preterea,
1831 1658 1911 1680 cum
1928 1648 1970 1680 de
1985 1657 2158 1680 consensu
2182 1657 2322 1689 expres-

1314 1715 1326 1732 «
1343 1713 1404 1735 so..
1431 1703 1585 1744 majoris,
1611 1702 1837 1734 scabinorum
1857 1704 1893 1733 et
1917 1701 2198 1738 communitatis,
2225 1701 2320 1733 dicta

1314 1755 1551 1797 «compositio
1574 1756 1669 1787 facta
1691 1755 1808 1792 fuerit,
1832 1758 1867 1786 et
1890 1755 1937 1786 sic
1960 1757 2137 1796 quantum
2159 1754 2204 1786 ad
2225 1754 2321 1795 ipsos

1313 1809 1397 1850 «jus
1426 1809 1472 1840 sit
1503 1818 1564 1850 per
1592 1818 1672 1840 eam
1702 1807 1907 1840 monasterii
1926 1807 2152 1849 acquisitum,
2175 1806 2324 1849 ..major,

1314 1862 1475 1894 «scabini
1519 1865 1555 1893 et
1600 1861 1838 1893 communitas
1883 1864 2007 1893 contra
2053 1870 2141 1902 quos
2193 1860 2322 1901 agitur,

1315 1918 1465 1947 «contra
1498 1924 1576 1947 eam
1609 1915 1650 1947 de
1681 1914 1768 1955 jure,
1804 1924 1866 1946 nec
1897 1924 1941 1945 ex
1973 1923 2120 1956 persona
2154 1913 2324 1955 prepositi

1315 1968 1398 2000 «vel
1417 1968 1494 2009 jure
1515 1968 1662 2010 capituli
1684 1970 1828 2009 propter
1848 1968 1912 1999 hoc
1934 1966 1989 1998 vel
2011 1967 2105 2008 quia,
2129 1969 2167 1998 ut
2188 1966 2324 2003 dicunt,

1315 2021 1637 2063 «compositionem
1681 2021 1794 2062 ipsam
1840 2020 2019 2062 preposito
2063 2020 2119 2051 vel
2162 2019 2319 2061 capitulo

1316 2074 1579 2106 «Remensibus
1619 2073 1873 2105 monasterium
1914 2083 1983 2104 non
2023 2072 2191 2109 servavit,
2232 2072 2323 2104 tueri

1316 2140 1328 2156 ‹<
1343 2137 1377 2159 se
1410 2130 1570 2168 possunt,
1605 2136 1666 2158 nec
1700 2129 1802 2158 nocet
1835 2126 2061 2162 monasterio,
2095 2128 2135 2156 ut
2167 2125 2320 2161 dicebat,

1316 2193 1327 2208 «
1344 2180 1437 2221 quod
1461 2179 1516 2211 ille
1538 2180 1597 2221 qui
1618 2180 1730 2211 abbas
1750 2179 1784 2210 in
1806 2182 1904 2210 carta
1927 2188 1993 2220 que
2022 2187 2128 2220 super
2148 2178 2323 2219 composi-

1317 2248 1327 2261 «
1346 2234 1439 2264 tione
1482 2233 1683 2264 ostenditur
1726 2232 1941 2268 nominatur,
1977 2231 2088 2263 abbas
2131 2241 2199 2262 non
2243 2231 2322 2267 fuit,

1316 2290 1420 2318 «tum
1456 2286 1537 2327 quia
1573 2285 1828 2317 monasterium
1862 2285 1952 2316 circa
1988 2285 2051 2316 boc
2084 2284 2320 2316 intentionem

1316 2353 1327 2367 «
1343 2349 1442 2371 suam
1475 2339 1641 2380 probavit
1670 2338 1838 2379 legitime,
1871 2341 1947 2369 tum
1979 2337 2060 2379 quia
2090 2340 2126 2368 et
2155 2337 2183 2368 si
2213 2337 2325 2368 abbas

1315 2402 1413 2424 «non
1445 2392 1579 2428 fuisset,
1612 2401 1655 2423 ex
1687 2401 1756 2433 quo
1788 2394 1909 2423 tamen
1940 2390 2149 2432 compositio
2183 2389 2323 2422 nomine

1315 2444 1548 2476 «monasterii
1570 2445 1666 2476 facta
1689 2444 1767 2481 fuit,
1791 2444 1848 2485 jus
1870 2443 1939 2475 fuit
1962 2453 2022 2485 per
2043 2443 2160 2484 ipsum
2183 2452 2323 2474 monas-

1316 2498 1472 2529 «terium
1507 2507 1585 2529 eam
1611 2500 1727 2529 ratam
1748 2497 1941 2529 habentem
1966 2496 2156 2538 quesitum.
2188 2495 2321 2527 Iterum

1315 2551 1533 2592 «requisitus
1563 2550 1599 2582 in
1629 2550 1763 2591 judicio
1794 2552 2026 2592 procurator..
2060 2548 2215 2590 majoris,
2247 2558 2322 2580 sca-

1315 2604 1517 2640 «binorum‚
1554 2603 1739 2635 hominum
1774 2606 1809 2635 et
1844 2602 2113 2634 communitatis
2147 2601 2322 2643 predicto-

1315 2667 1420 2688 «rum
1449 2656 1477 2688 si
1505 2656 1616 2697 sigilla
1645 2656 1964 2688 instrumentorum
1994 2655 2150 2696 predicte
2179 2663 2324 2696 compo-

1314 2722 1327 2739 «
1342 2709 1480 2741 sitionis
1503 2710 1544 2740 de
1569 2709 1656 2740 falso
1681 2717 1824 2750 arguere
1848 2711 1883 2740 et
1907 2709 1951 2740 ad
1977 2717 2116 2749 penam,
2144 2707 2172 2739 si
2196 2707 2323 2739 defice-

1315 2765 1406 2799 «ret,
1432 2772 1468 2794 se
1491 2761 1597 2793 vellet
1621 2762 1786 2802 obligare,
1812 2761 1993 2803 respondit
2017 2770 2052 2792 se
2076 2760 2167 2792 nolle
2193 2769 2255 2791 nec
2279 2760 2323 2792 de

1314 2815 1419 2856 «jure
1458 2815 1579 2852 teneri,
1621 2815 1713 2846 unde
1752 2824 1832 2856 pars
1870 2814 2014 2846 abbatis
2051 2816 2087 2845 et
2125 2815 2324 2845 conventus

1313 2878 1499 2900 «asserens
1541 2868 1776 2899 intentionem
1818 2877 1919 2899 suam
1961 2876 2065 2908 super
2105 2865 2243 2906 juribus
2284 2865 2319 2897 in

1313 2921 1457 2952 «libello
1491 2920 1679 2957 contentis,
1716 2923 1791 2952 tam
1827 2920 1860 2951 in
1897 2919 2108 2961 possessorio
2145 2928 2253 2960 quam
2287 2918 2321 2949 in

1312 2974 1517 3016 «petitorio,
1547 2974 1588 3005 de
1616 2973 1745 3015 quibus
1772 2973 1806 3004 in
1834 2972 1950 3004 libello
1977 2972 2101 3003 eodem
2128 2971 2243 3008 simul,
2283 2973 2321 3002 ut
