2477 3512
225 264 247 297 4
925 262 1192 296 REGISTRES
1219 261 1570 295 D'ALEXANDRE
1599 261 1646 293 IV

272 383 283 398 (ι
315 395 335 402 ..
366 370 528 411 maqislro
558 372 585 401 el
613 369 777 410 lralribus
806 368 985 410 lzospilalis
1017 369 1132 400 Sancti
1163 370 1231 400 As-

227 423 328 455 senlii
367 423 562 464 Anaynini.
602 422 810 453 Devotionis
849 424 963 453 vestre
1002 421 1229 463 supplicatio-

227 476 329 508 nibus
354 495 409 507 ——.
438 477 519 507 Dat.
546 476 715 515 Anagnie.
743 475 808 506 XV
835 475 904 506 kal.
930 474 1107 511 februarii,
1135 485 1227 506 anno

226 530 362 571 quinto.
388 542 400 557 »

303 705 392 730 2776
697 705 831 738 Anagni,
856 705 892 731 18
913 704 1036 738 janvicr
1059 704 1145 731 1259.

264 749 419 783 Episcopo
443 749 610 782 Anagnino
634 749 765 775 mandat
789 750 824 775 ut
848 748 1042 782 praedictam
1066 748 1227 782 indulgen-

224 795 284 820 iam
303 793 461 820 observari
494 793 598 819 faciat.
628 793 723 826 (EBG.
743 794 791 825 25,
810 793 830 819 f.
852 794 918 824 188,
937 800 985 819 an.
1006 793 1042 824 V,
1061 800 1086 819 6.
1107 793 1167 825 10.)

271 897 283 913 κ
318 909 337 916 ..
372 884 527 925 episcopo
561 884 760 924 Anaynino.
797 883 1013 915 Dssectorum
1047 882 1225 914 filiorum..

227 937 384 979 magistri
402 956 456 968 ——.
478 937 561 968 Dat.
583 940 619 968 ut
642 937 675 968 in
697 937 775 968 alia.
798 950 809 962 w

301 1095 389 1121 2777
694 1095 829 1128 Anagni‚
852 1095 889 1122 25
910 1095 1034 1128 janvier
1056 1094 1143 1122 1259.

263 1140 389 1167 Decano
408 1141 439 1166 et
457 1139 595 1173 capitulo
612 1139 796 1170 Bisuntinis,
816 1141 851 1166 ut
870 1139 952 1166 ultra
971 1140 1042 1166 octo
1060 1138 1226 1165 canonicos

221 1184 416 1218 praebendas
439 1184 610 1210 secundum
631 1183 681 1216 Jus
702 1183 776 1217 ipsis
799 1183 988 1217 acquisitum
1010 1185 1224 1217 expectantes,

222 1228 342 1262 aliquos
363 1228 530 1254 admittere
550 1227 677 1254 minime
697 1229 866 1254 teneantur
885 1227 1036 1261 indulget.
1057 1227 1154 1260 (REG.
1176 1227 1224 1259 25,

218 1274 243 1300 f.
262 1272 330 1304 188,
347 1279 397 1298 an.
416 1272 453 1304 V,
471 1279 496 1298 c.
516 1272 549 1298 11
567 1279 574 1303 ;
592 1272 815 1304 Romanasne,
833 1274 856 1299 t.
877 1272 937 1304 ΙΙΙ,
954 1276 990 1298 n⁰
1007 1272 1089 1305 489.)

266 1393 279 1409 «
303 1406 322 1412 ..
346 1381 470 1413 decano
494 1383 522 1413 el
546 1381 696 1423 capitulo
719 1381 930 1414 Bisunlinis.
955 1382 1088 1413 Meritis
1108 1384 1224 1414 vestre

222 1433 419 1465 devotionis
437 1434 638 1465 inducimur
656 1437 695 1465 ut
714 1444 777 1466 vos
795 1434 954 1476 specialis
973 1435 1093 1467 favore
1111 1435 1223 1476 gratie

220 1489 485 1529 procequentes,
512 1497 580 1529 que
605 1487 707 1529 digne
733 1487 921 1529 deposcitis
947 1490 1094 1530 paterna
1120 1488 1224 1520 bene-

220 1540 376 1572 volentia
408 1540 659 1582 compleamus.
693 1541 781 1572 Sane
813 1544 1016 1583 presentata
1050 1541 1150 1573 nobis
1181 1551 1224 1573 ex

221 1595 322 1634 parte
351 1596 469 1624 vestra
500 1593 625 1634 petitio
655 1594 862 1625 continebat
892 1595 998 1636 quod,
1028 1594 1111 1626 licet
1140 1594 1223 1627 olim

222 1655 284 1687 per
325 1646 617 1677 constitutionem
661 1649 818 1678 nostram
861 1647 1078 1689 receptiones
1120 1657 1224 1680 cano·

223 1698 381 1730 nieorum
411 1698 607 1740 prebendas
637 1700 904 1741 expectantium
934 1703 1124 1733 vacaturas
1152 1702 1224 1733 fac-

219 1754 274 1783 tas
303 1751 338 1782 in
368 1751 519 1783 ecclesiis
535 1754 651 1793 preter
680 1753 853 1793 quasdam
884 1753 999 1785 irritas
1031 1754 1222 1786 decreveri-

223 1814 300 1835 mus
335 1807 366 1835 et
406 1804 537 1842 inanes,
576 1807 695 1836 tamen
732 1816 795 1837 nos
831 1806 955 1847 viginti
992 1807 1147 1848 quinque
1183 1817 1223 1839 ac

219 1857 378 1899 pluribus
403 1857 543 1889 ecclesie
571 1860 685 1889 vestre
712 1859 899 1896 canonicis,
928 1869 1078 1900 quorum
1105 1870 1222 1902 recep—

218 1910 332 1942 tiones
360 1913 494 1942 cassate
522 1914 623 1942 erant
651 1921 712 1953 per
740 1912 1032 1944 constitutionem
1060 1914 1221 1952 eandem,

216 1962 273 2003 jus
303 1963 532 1995 canonicatus
563 1965 656 2005 quod
687 1964 736 1996 eis
765 1975 808 1996 ex
838 1966 984 2007 prefatis
1015 1967 1222 2008 receptioni-

219 2016 284 2047 bus
312 2016 346 2047 in
376 2017 523 2048 eandem
552 2017 733 2049 ecclesiam
762 2018 877 2050 fuerat
907 2019 1131 2061 acquisitum,
1162 2031 1222 2062 per

219 2069 375 2100 diversas
412 2070 549 2101 litteras
585 2071 804 2102 restituimus
841 2072 882 2103 de
919 2073 1032 2113 gratia
1069 2074 1221 2114 speciali,

219 2132 369 2163 quorum
390 2126 470 2154 octo
491 2123 672 2156 admisisse
693 2124 848 2156 dicimini
868 2126 1082 2157 auctoritate
1102 2127 1223 2168 hujus-

219 2175 314 2207 modi
342 2175 552 2212 litterarum,
583 2177 642 2218 qui
672 2188 739 2209 non
770 2181 853 2209 sunt
881 2179 996 2210 adhuc
1026 2180 1222 2221 prebendas

217 2228 252 2259 in
273 2229 395 2260 eadem
416 2229 560 2262 ecclesia
581 2231 742 2262 assecuti.
766 2232 853 2263 (lum
873 2232 980 2273 igitur
1000 2243 1069 2264 non
1090 2233 1221 2265 existat

218 2284 335 2313 nostre
371 2282 578 2314 intentionis
611 2293 715 2325 super
752 2287 804 2315 tot
838 2285 1087 2317 canonicorum
1122 2286 1221 2318 resti-

219 2334 419 2366 tutionibus
447 2335 627 2367 ecclesiam
657 2345 803 2377 gravare
833 2338 1040 2379 predictam,
1071 2340 1130 2371 sed
1161 2349 1221 2381 po-

217 2387 288 2418 tius
311 2387 422 2428 ipsam
446 2397 466 2419 a
489 2388 618 2419 suturis
640 2391 915 2429 gravaminilms,
941 2394 1117 2433 quantum
1140 2402 1219 2424 cum

218 2440 292 2471 Deo
334 2450 530 2482 possumus,
574 2452 786 2483 preservare,
831 2447 869 2475 ut
911 2445 1001 2476 ultra
1044 2445 1221 2487 predictos

218 2495 308 2529 octo,
356 2496 518 2535 pretextu
558 2496 791 2527 restitutionis
831 2498 1031 2538 hujusmodi
1070 2509 1130 2540 per
1167 2500 1221 2531 lit-

217 2548 310 2578 teras
338 2547 550 2588 apostolicas
578 2549 743 2581 obtentas
772 2560 829 2581 seu
860 2551 966 2582 etiam
996 2553 1220 2589 obtinendas,

220 2599 285 2631 nisi
305 2600 346 2631 de
367 2600 431 2632 hac
450 2601 668 2641 indulgentia
690 2606 721 2633 et
744 2603 819 2643 ejus
842 2606 958 2635 tenore
979 2616 1017 2636 εις
1039 2606 1080 2637 de
1102 2616 1222 2637 nume-

217 2662 254 2684 ro
286 2653 533 2686 canonicorum
566 2656 762 2696 prebendas
793 2657 922 2688 ibidem
953 2660 1220 2700 expectantium

218 2708 407 2738 vacaturas
433 2716 635 2749 expressam
664 2709 809 2741 fecerint
837 2711 1063 2748 mentionem,
1092 2713 1221 2744 admit-

217 2761 290 2792 tere
328 2759 464 2801 aliquos
504 2761 646 2792 minime
689 2763 887 2800 teneamini,
929 2765 1029 2796 vobis
1069 2766 1219 2798 auctori-

219 2813 294 2845 tate
322 2813 539 2854 presentium
576 2814 808 2857 indulgemus,
848 2818 1075 2850 decernentes
1112 2819 1221 2851 nichi-

218 2863 371 2897 lominus
393 2866 509 2898 irritas
533 2870 569 2898 et
592 2868 714 2900 inanes
737 2871 1122 2909 excommunicationis,
1148 2883 1222 2905 sus-

220 2917 395 2958 pensionis
423 2922 457 2951 et
484 2920 663 2953 interdicti
691 2923 895 2960 sententias,
924 2924 952 2955 si
980 2935 1067 2966 quas
1095 2926 1129 2957 in
1157 2936 1221 2958 vos

218 2970 271 3001 vel
309 2972 460 3013 aliquem
497 2977 654 3006 vestrum
691 2978 811 3007 contra
852 2976 1052 3017 hujusmodi
1091 2979 1218 3011 indulti

1337 372 1495 401 tenorem
1522 368 1710 410 contigerit
1737 369 1963 411 promulgari.
1991 370 2087 402 Nulli
2113 373 2232 404 nostre
2258 380 2342 404 con-

1336 422 1500 454 cessionis
1543 424 1579 453 et
1621 421 1887 454 constitutionis
1928 425 1996 454 etc.
2041 422 2124 454 Dat.
2167 424 2338 465 Anagnie‚

1336 474 1423 506 Vlll
1449 474 1518 506 kal.
1541 474 1719 510 februarii,
1744 484 1836 506 anno
1861 474 1998 517 quinto.
2023 488 2036 504 ι

1416 636 1504 662 2778
1810 636 1944 671 Anagni,
1967 637 2005 664 27
2026 636 2150 670 janvier
2172 637 2259 665 1259.

1376 680 1574 715 praeceptori
1595 682 1627 707 et
1647 681 1797 708 tratribus
1820 680 1950 708 militiae
1970 681 2095 716 Templi
2115 681 2147 708 in
2167 681 2342 716 Aquitania

1335 725 1477 759 indulget
1504 727 1539 752 ut
1566 727 1667 752 terrae
1695 732 1748 752 seu
1777 726 1889 752 domus
1916 726 1956 752 ab
1982 726 2025 753 eis
2050 726 2109 753 sub
2135 727 2220 753 certo
2246 733 2340 753 censu

1334 778 1498 797 concessae
1531 778 1548 796 a
1581 769 1669 795 novis
1703 769 1847 796 censibus
1879 770 1944 796 sive
1976 770 2152 797 redditibus
2183 770 2338 798 immunes

1335 815 1474 841 redeant.
1493 814 1590 847 (Bm.
1610 814 1658 845 25,
1677 814 1696 839 f.
1719 813 1774 839 188
1792 817 1838 845 v⁰‚
1857 821 1906 840 an.
1927 814 1962 845 V,
1981 821 2005 841 c.
2028 814 2087 848 12.)

1381 919 1392 933 (ι
1421 931 1440 938 ..
1467 906 1651 948 preceptori
1679 908 1707 937 el
1732 906 1897 947 [ratribus
1917 906 2036 938 domus
2064 905 2186 938 militie
2208 904 2341 948 Templi

1336 960 1370 991 in
1401 959 1603 1001 Aquitania.
1633 960 1767 991 Meritis
1796 962 1911 991 vestre
1940 959 2139 991 devotionis
2165 978 2220 991 —.
2250 959 2341 992 Sane

1335 1013 1460 1055 petitio
1499 1016 1618 1045 vestra
1659 1013 1762 1045 nobis
1801 1012 1960 1044 exhibita
1999 1012 2207 1045 continebat
2245 1012 2341 1055 quod

1335 1066 1505 1104 nonnulli,
1531 1066 1591 1108 qui
1615 1076 1635 1098 a
1660 1066 1761 1098 vobis
1786 1068 1898 1098 terras
1921 1075 1982 1098 seu
2007 1066 2131 1098 domos
2154 1065 2220 1098 sub
2244 1068 2340 1098 certo

1334 1129 1451 1151 annuo
1473 1129 1578 1151 censu
1601 1119 1645 1151 ad
1666 1119 1781 1151 vitam
1801 1128 1903 1150 suam
1923 1117 1979 1150 vel
2001 1118 2045 1150 ad
2067 1128 2137 1151 non
2158 1118 2338 1151 modicum

1334 1176 1475 1215 tempus
1510 1175 1644 1209 tenent,
1679 1172 1811 1204 eisdem
1844 1172 1947 1203 terris
1981 1181 2021 1204 ac
2056 1171 2231 1209 domibus,
2267 1172 2342 1205 sine

1335 1228 1452 1257 vestro
1489 1236 1645 1262 assensu,
1683 1235 1794 1257 novos
1829 1235 1953 1257 census
1988 1234 2048 1257 seu
2078 1225 2238 1257 redditus
2262 1225 2340 1258 aliis

1333 1279 1549 1311 exolvendos
1566 1279 1706 1321 propria
1725 1278 1925 1311 temeritate
1941 1278 2142 1320 imponunt,
2160 1288 2201 1311 ac
2217 1278 2340 1321 hujus-

1334 1333 1429 1364 modi
1459 1342 1569 1364 novos
1598 1342 1722 1364 census
1749 1341 1809 1364 seu
1838 1331 1998 1363 redditus
2026 1331 2092 1363 illis
2120 1331 2339 1375 promittunt

1333 1385 1506 1422 exolvere,
1537 1385 1573 1416 in
1603 1387 1762 1417 vestrum
1793 1394 1863 1416 non
1894 1384 2074 1416 modicum
2103 1384 2340 1427 prejudicium

1333 1441 1368 1470 et
1403 1447 1620 1480 gravamen;
1657 1440 1802 1480 propter
1837 1437 1932 1480 quod
1970 1437 2184 1480 quandoque
2219 1437 2340 1470 evenit

1334 1492 1428 1534 quod
1450 1492 1499 1524 illi
1521 1492 1649 1534 quibus
1670 1491 1714 1523 fit
1734 1491 1919 1534 promissio
1942 1490 2148 1532 hujusmodi
2168 1500 2338 1524 censuum

1335 1545 1387 1577 vel
1410 1545 1626 1582 reddituum,
1650 1554 1731 1576 cum
1754 1545 1878 1576 domos
1899 1547 1935 1575 et
1956 1547 2069 1576 terras
2091 1544 2186 1586 ipsas
2207 1545 2253 1576 ad
2275 1553 2339 1577 vos

1333 1599 1484 1635 devolvi,
1513 1601 1549 1630 et
1576 1607 1640 1630 vos
1667 1598 1725 1629 illa
1754 1597 1829 1629 aliis
1855 1597 1971 1629 locare
1998 1597 2185 1639 contingit,
2213 1606 2339 1630 census

1332 1663 1391 1685 seu
1412 1652 1572 1684 redditus
1592 1651 1687 1693 ipsos
1706 1660 1726 1682 a
1747 1651 1848 1683 vobis
1868 1651 1925 1682 vel
1946 1651 1990 1682 ab
2010 1650 2078 1683 illis
2099 1651 2228 1693 quibus
2246 1651 2340 1684 loca-

1332 1706 1377 1738 tis
1412 1705 1553 1738 easdem
1588 1704 1725 1746 exigere
1759 1707 1796 1736 et
1829 1706 2040 1746 extorquere
2075 1704 2234 1737 indebite
2267 1713 2339 1737 non

1331 1761 1510 1795 verentur,
1538 1767 1647 1799 quare
1673 1757 1854 1789 humiliter
1879 1757 2033 1799 petiistis
2059 1766 2079 1789 a
2107 1757 2209 1790 nobis
2233 1766 2340 1800 super

1333 1812 1397 1844 hoc
1423 1812 1466 1843 de
1491 1810 1805 1852 circumspectione
1830 1810 2025 1853 apostolica
2049 1810 2239 1853 provideri.
2265 1810 2339 1843 Nos

1331 1866 1464 1906 itaque,
1498 1863 1761 1896 temeritatibus
1791 1866 1827 1895 et
1858 1864 2186 1906 presumptionibus
2216 1863 2340 1906 hujus-

1331 1917 1429 1950 modi
1457 1928 1498 1949 ac
1526 1917 1652 1949 vestris
1682 1917 1874 1959 dispendiis
1902 1917 1937 1948 in
1969 1917 2034 1949 hac
2063 1919 2166 1960 parte
2194 1917 2339 1949 obviare

1331 1972 1501 2007 volentes,
1538 1970 1755 2012 presentium
1791 1970 1892 2002 vobis
1927 1971 2145 2003 auctoritate
2177 1969 2340 2003 concedi·

1332 2034 1411 2057 mus
1444 2027 1494 2062 ut,
1528 2033 1609 2055 cum
1640 2026 1753 2055 terras
1784 2026 1820 2055 et
1853 2024 1977 2055 domos
2009 2023 2166 2066 prefatas
2198 2023 2243 2056 ad
2274 2032 2339 2056 vos

1331 2078 1485 2120 legitime
1524 2077 1666 2109 devolvi
1701 2077 1900 2119 contigerit,
1939 2086 2003 2109 vos
2039 2080 2103 2108 aut
2135 2077 2184 2108 illi
2209 2077 2339 2120 quibus

1331 2141 1390 2163 eas
1433 2130 1646 2167 locaveritis,
1693 2130 1737 2161 ab
1782 2130 1987 2172 hujusmodi
2031 2130 2132 2162 novis
2176 2130 2339 2162 censibus

1331 2185 1405 2217 sive
1439 2183 1647 2221 redditibus,
1684 2186 1849 2225 pretextu
1886 2183 1966 2215 talis
2001 2183 2242 2226 promissionis
2277 2183 2338 2216 ali-

1332 2238 1460 2280 quibus
1484 2237 1735 2279 persolvendis,
1761 2237 1837 2269 sitis
1860 2237 1960 2269 liberi
1985 2237 2125 2279 penitus
2150 2239 2186 2269 et
2209 2237 2337 2269 immu-

1332 2301 1402 2323 nes.
1432 2290 1526 2323 Nulli
1554 2293 1671 2321 nostre
1698 2290 1931 2322 concessionis
1957 2293 2024 2322 etc.
2052 2290 2136 2322 Dat.
2163 2290 2335 2332 Anagnie,

1331 2345 1381 2376 VI
1409 2345 1478 2376 kal.
1507 2343 1684 2381 februarii,
1714 2353 1806 2375 anno
1835 2343 1971 2385 quinto.
2001 2357 2014 2372 n

1410 2494 1499 2520 2779
1804 2493 1938 2527 Anagni,
1961 2494 1999 2520 27
2020 2493 2144 2527 janvier
2167 2494 2254 2522 1259.

1372 2539 1520 2572 Magistro
1538 2540 1569 2565 et
1587 2538 1737 2564 iratribus
1755 2538 1919 2571 hospitalis
1937 2538 1965 2564 S.
1986 2537 2119 2572 Spiritus
2136 2538 2169 2564 in
2186 2538 2280 2566 Saxia
2297 2539 2336 2566 de

1333 2584 1416 2611 Urbe
1442 2583 1584 2616 indulget
1610 2584 1646 2609 ut
1673 2582 1710 2608 de
1736 2582 1845 2616 pratis,
1873 2582 1959 2614 ortis,
1987 2582 2131 2617 virgultis
2157 2584 2189 2609 et
2213 2589 2336 2617 posses-

1330 2628 1469 2655 sionibus
1499 2634 1580 2660 quae
1609 2627 1741 2661 propriis
1771 2627 1916 2653 manibus
1946 2629 1978 2654 et
2007 2627 2187 2662 sumptibus
2216 2628 2334 2660 colunt,

1331 2673 1406 2699 nulli
1434 2672 1570 2699 decimas
1598 2672 1717 2698 solvere
1745 2673 1923 2698 teneantur.
1952 2671 2049 2705 (Rea.
2078 2672 2126 2704 25,
2154 2672 2175 2699 f.
2205 2671 2262 2699 188
2289 2675 2337 2704 το,

1330 2725 1380 2744 an.
1403 2717 1438 2748 V,
1457 2723 1482 2743 c.
1505 2716 1566 2749 13.)

1376 2832 1388 2847 «
1415 2844 1434 2851 ..
1460 2819 1623 2860 maqislro
1647 2820 1676 2851 el
1699 2819 1865 2859 lintribus
1898 2817 2079 2859 hospitalis
2111 2817 2229 2850 Sancti
2254 2817 2336 2860 Spi-

1330 2874 1416 2905 ritus
1451 2874 1486 2905 in
1522 2873 1629 2906 Samia
1662 2873 1700 2904 de
1738 2872 1838 2905 Urbe.
1874 2871 2142 2914 Hospitalitatis
2174 2871 2230 2913 pie
2261 2874 2337 2904 stu-

1331 2927 1428 2959 dium
1457 2946 1512 2958 -.
1542 2927 1626 2958 Dat.
1656 2927 1826 2969 Anagnie,
1857 2927 1905 2958 VI
1934 2927 2004 2960 kal.
2034 2925 2212 2962 februarii,
2241 2934 2334 2956 anno

1331 2980 1467 3022 quinto.
1497 2992 1509 3009 1>
