2477 3512
170 249 231 279 806
879 245 1135 278 REGISTRES
1153 245 1488 278 D’ALEXANDRE
1505 245 1553 278 1v

171 355 258 393 pacis
279 354 413 384 comodo
433 353 555 383 subditi
574 352 793 390 jocundentur
812 354 844 381 et
865 352 908 381 hii
929 352 1078 390 precipue
1098 360 1179 390 quos

169 408 202 437 in
225 416 324 437 unum
351 406 460 436 divina
485 406 585 435 traxit
605 405 722 434 caritas
748 407 780 434 et
806 413 896 434 amor
922 404 1092 443 conjunxit
1118 404 1180 434 fra-

171 463 292 494 ternus,
320 460 360 489 ad
389 468 486 498 quam
513 459 589 497 ipsis
618 458 826 496 prestandam
853 460 886 487 et
912 457 1181 496 inrefragabiliter

171 513 424 543 conservandam
456 514 549 541 tanto
582 511 760 549 majoribus
791 510 969 540 insistimus
1009 511 1179 540 conatibus

171 568 204 596 et
219 566 393 595 studiosius
409 566 604 598 laboramus,
622 566 745 602 quanto
761 573 817 602 per
831 572 912 597 eam,
929 564 997 592 sine
1013 572 1076 602 qua
1093 566 1179 593 tran-

171 619 288 658 quillus
310 621 343 647 et
365 627 494 647 securus
516 620 623 646 status
637 616 774 646 hominis
784 616 839 645 vix
863 617 1002 646 habetur
1023 619 1054 646 et
1078 617 1177 655 quies,

171 672 275 709 major
298 671 506 709 subsequitur
530 678 699 708 corporum
725 672 758 699 et
783 670 905 699 lucrum
930 669 1082 707 grandius
1108 678 1178 708 pro-

170 724 260 754 venit
299 724 490 753 animarum.

215 777 258 807 Ut
284 777 382 816 igitur
408 776 502 805 corde
529 779 561 805 et
588 775 696 805 animo
725 778 833 805 nostro
861 775 1037 804 concinatis
1064 776 1178 813 hymp-

170 839 248 859 num
275 830 378 859 laudis
406 832 438 858 et
464 829 562 867 glorie
590 829 810 867 Redemptori,
839 831 871 857 et
899 828 1093 857 unanimiter
1119 828 1178 857 sub

170 883 357 912 umbraculo
391 882 535 911 caritatis
569 884 601 910 et
635 882 751 920 quietis
784 881 910 910 silentio
943 883 1113 919 acceptum
1146 883 1179 909 et

170 936 302 974 dignum
331 936 398 965 Deo
425 935 618 964 sacrificium
654 934 809 968 offeratis,
838 935 976 972 quedam
1004 934 1178 963 statuimus

169 989 322 1018 salutaria
348 991 378 1018 et
406 989 539 1017 honesta
564 997 581 1017 a
608 988 699 1017 vobis
724 990 756 1016 et
781 987 811 1016 in
846 987 960 1016 vestris
993 986 1177 1016 monasterii

169 1042 332 1080 perpetuis
364 1041 562 1079 temporibus
593 1041 805 1074 observanda,
838 1040 921 1069 unde
953 1040 1028 1078 quia
1058 1049 1177 1078 equum

169 1095 365 1124 arbitramur
382 1094 573 1123 conveniens
591 1096 623 1122 et
641 1094 767 1122 salubre
791 1096 904 1127 utvos,
923 1094 978 1132 qui
996 1094 1034 1122 de
1053 1093 1178 1122 duabus

170 1147 318 1177 domibus
336 1156 436 1176 unum
454 1156 568 1185 corpus
585 1147 698 1184 spiritu
717 1149 749 1175 et
767 1146 879 1175 habitu
896 1146 974 1175 facti
991 1146 1077 1180 estis,
1095 1146 1178 1175 sicut

168 1203 202 1230 et
226 1201 270 1230 rei
295 1200 529 1234 communione,
564 1199 608 1228 sic
633 1202 666 1228 et
691 1199 828 1228 nominis
853 1199 1076 1228 convenientia
1102 1207 1178 1237 gau-

169 1253 282 1288 deatis,
297 1253 329 1282 in
346 1253 454 1291 primis
471 1252 621 1281 duximus
644 1252 854 1281 statuendum
878 1255 915 1281 ut
930 1252 965 1286 is,
982 1253 1037 1291 qui
1052 1261 1178 1281 monas-

169 1306 323 1336 teriorum
350 1308 532 1335 vestrorum
559 1306 598 1334 de
624 1305 745 1334 Marola
773 1308 805 1334 et
832 1305 870 1334 de
897 1305 1113 1344 Campagnola
1141 1305 1179 1334 de

168 1361 275 1389 cetero
303 1359 364 1388 erit
393 1359 504 1392 abbas,
536 1358 762 1387 denominetur
789 1367 807 1387 a
837 1358 965 1388 nomine
993 1358 1179 1388 monasterii

168 1413 347 1451 utriusque,
372 1415 407 1441 ut
430 1412 580 1440 videlicet
602 1412 704 1440 abbas
726 1412 764 1440 de
786 1411 907 1441 Marola
929 1414 962 1440 et
984 1412 1023 1441 de
1045 1412 1180 1450 Campa-

169 1465 263 1504 gnola
288 1465 339 1494 vel
364 1474 381 1494 e
405 1474 559 1494 converso
585 1464 800 1493 communiter
822 1465 1011 1503 appelletur.
1038 1465 1081 1494 Et
1106 1474 1179 1494 cum

169 1518 314 1548 visitatio
337 1520 370 1547 et
391 1517 578 1547 reformatio
600 1517 692 1547 vobis
716 1518 802 1546 utilis
825 1518 996 1556 expediens
1019 1520 1051 1547 et
1074 1527 1179 1547 neces-

169 1572 252 1601 saria
285 1571 482 1605 dinoscatur,
514 1571 664 1600 volumus
695 1573 727 1600 et
758 1571 951 1600 mandamus
973 1573 1020 1605 ut,
1047 1571 1179 1609 singulis

169 1625 272 1654 tribus
291 1624 393 1657 annis,
411 1633 521 1653 omnes
543 1624 584 1653 ad
606 1623 813 1653 visitatorum
835 1624 1012 1662 capitulum
1035 1624 1179 1653 debeatis

169 1679 202 1707 et
224 1677 398 1706 teneamini
421 1676 603 1710 convenire,
626 1677 672 1706 ita
697 1677 783 1715 quod
806 1677 838 1706 in
861 1677 964 1716 primo
986 1677 1124 1706 triennio
1148 1677 1179 1706 in

171 1739 234 1760 uno
254 1730 523 1760 monasteriorum
543 1730 697 1768 ipsorum,
718 1730 751 1759 in
771 1730 911 1760 secundo
931 1739 1007 1760 vero
1027 1730 1059 1759 in
1079 1730 1180 1760 altero

169 1783 374 1817 monasterio,
420 1785 453 1812 et
496 1783 540 1812 sic
584 1771 745 1821 deinceps·
768 1783 955 1821 hujusmodi
989 1784 1178 1822 capitulum.

170 1836 356 1866 celebretur.
380 1836 496 1865 Vestro
518 1845 596 1865 vero
620 1836 754 1865 cedente
777 1836 827 1865 vel
851 1837 1026 1866 decedente
1048 1836 1178 1870 abbate,

169 1889 369 1918 conveniatis
398 1898 508 1918 omnes
537 1891 570 1917 et
598 1889 714 1928 singuli
743 1889 782 1918 de
811 1890 1024 1919 conventibus
1053 1898 1180 1919 monas-

169 1942 323 1972 teriorum
344 1942 528 1975 eorundem,
551 1951 614 1971 una
636 1942 705 1971 vice
725 1943 813 1981 apud
834 1951 935 1972 unum
956 1952 996 1972 ex
1015 1942 1092 1981 ipsis
1113 1951 1180 1972 mo-

170 1995 327 2029 nasteriis,
355 1997 388 2024 et
414 1995 476 2024 alia
503 1995 572 2024 vice
599 1996 686 2033 apud
713 1995 812 2029 aliud,
840 1996 879 2025 de
906 1995 1023 2025 futuris
1050 1996 1179 2025 abbatis

169 2048 402 2078 substitutione
438 2048 559 2086 pariter
594 2048 778 2077 tractaturi.
816 2049 860 2077 Et
896 2058 935 2078 ne
971 2048 1179 2078 visitatorum

170 2102 261 2140 copia
287 2101 380 2130 vobis
407 2101 491 2130 desit
517 2103 575 2130 aut
601 2101 709 2139 aliqua
737 2101 819 2131 circa
846 2102 932 2140 ipsos
959 2102 1120 2141 eligendos
1147 2104 1179 2131 et

170 2154 364 2184 ordinandos
391 2154 528 2183 scintilla
557 2154 713 2183 discordie
743 2155 852 2184 valeat
881 2155 1028 2189 suboriri,
1060 2155 1179 2184 diffini-

170 2207 294 2237 toribus
312 2207 517 2245 provincialis
537 2207 669 2245 capituli
688 2207 826 2237 fratrum
846 2208 1089 2238 Predicatorum
1107 2218 1180 2247 pro-

169 2260 274 2289 vincie
292 2260 485 2289 Lombardie
503 2260 668 2298 dirigimus
686 2260 805 2299 scripta
824 2263 944 2295 nostra,
964 2264 1000 2290 ut
1019 2261 1178 2300 deinceps,

170 2313 316 2352 quolibet
345 2312 493 2347 trienni0‚
523 2313 555 2342 in
585 2322 696 2342 eorum
725 2314 913 2352 provinciali
943 2314 1096 2352 capitulo,
1126 2315 1179 2344 eli-

169 2369 250 2404 gant
287 2365 482 2395 auctoritate
519 2366 696 2404 apostolica
735 2369 799 2395 tres
837 2367 1021 2397 visitatores
1060 2368 1179 2397 ordinis

138 2451 140 2453 ,
171 2419 231 2452 sui,
260 2418 375 2447 fratres
403 2418 548 2456 ejusdem
576 2419 749 2456 provincie,
768 2419 854 2448 viros
879 2420 1030 2458 providos
1057 2423 1090 2449 et
1118 2421 1180 2450 dis-

170 2473 285 2505 cretos,
318 2471 373 2509 qui
406 2471 444 2500 de
481 2471 602 2501 Marola
635 2480 708 2500 cum
740 2473 934 2502 monasterio
974 2473 1179 2508 Columbarii,

171 2524 362 2554 Mutinensis
386 2523 529 2558 diocesis,
553 2527 586 2553 et
609 2524 648 2553 de
671 2524 888 2563 Campagnola
912 2526 1116 2560 monasteria,
1142 2527 1180 2556 de

171 2577 268 2606 tertio
283 2577 315 2605 in
330 2577 463 2605 tertium
477 2586 599 2606 annum
614 2577 794 2611 visitantes,
810 2578 970 2617 corrigant
985 2579 1180 2609 auctoritate

172 2629 316 2668 predicta
339 2629 468 2663 ibidem,
492 2632 561 2658 tam
584 2630 614 2659 in
639 2630 744 2668 capite
767 2640 865 2669 quam
881 2631 913 2660 in
933 2632 1094 2666 membris,
1119 2642 1181 2670 que

172 2682 376 2712 correctionis
402 2684 434 2711 et
460 2682 696 2712 reformationis
722 2683 829 2713 officio
855 2685 1005 2714 noverint
1028 2685 1180 2724 indigere.

217 2735 252 2764 In
290 2735 438 2764 omnibus
475 2737 585 2765 autem
622 2736 828 2766 visitatorum
865 2737 1014 2776 capitulis
1050 2738 1181 2776 singulis

174 2788 328 2822 trienniis,
346 2790 383 2817 ut
399 2788 523 2817 dictum
539 2791 597 2823 est,
614 2789 646 2818 in
663 2789 739 2827 ipsis
755 2790 956 2820 monasteriis
973 2791 1181 2825 celebrandis,

174 2841 274 2870 abbas
288 2841 336 2869 uti
349 2844 440 2870 motu
454 2842 592 2880 proprio,
609 2842 694 2871 nullo
708 2842 836 2880 penitus
849 2843 1016 2877 suadente,
1031 2844 1182 2882 omnique

1287 361 1383 382 causa
1415 355 1448 382 et
1478 353 1686 383 excusatione
1717 354 1928 388 cessantibus
1959 354 2099 394 sigillum
2129 363 2223 384 suum
2254 355 2297 385 ad

1287 406 1383 443 pedes
1405 405 1612 435 visitatorum
1635 406 1793 444 resignare
1815 415 1853 436 ac
1875 407 2033 445 deponere
2055 409 2215 441 teneatur,
2240 408 2298 446 qui

1286 457 1339 488 illo
1360 461 1498 497 recepto,
1520 459 1693 497 cujuslibet
1712 459 1948 499 appellationis,
1965 459 2170 490 difficultatis
2190 463 2223 490 et
2239 461 2298 490 im-

1287 511 1463 549 pedimenti
1478 512 1630 541 submoto
1655 512 1832 551 dispendio,
1849 513 1874 542 si
1898 513 1943 542 eis
1957 512 2122 542 videbitur
2136 513 2297 552 expedire,

1287 564 1410 593 dictum
1442 565 1595 594 abbatem
1627 565 1669 594 ab
1701 565 1994 595 amministratione
2026 566 2294 596 monasteriorum

1286 618 1504 656 predictorum
1524 620 1699 647 amoveant
1727 621 1758 647 et
1778 618 1962 652 absolvant,
1984 627 2132 648 concessa
2154 628 2293 648 conven-

1287 670 1373 699 tibus
1386 671 1528 709 ipsorum
1541 671 1676 710 eligendi
1689 671 1748 701 sibi
1761 671 1916 701 abbatem
1928 671 2038 705 alium,
2051 671 2146 709 juxta
2159 671 2297 701 formam

1286 732 1469 762 expressam
1487 724 1585 753 libera
1604 724 1770 754 facultate.
1806 725 1837 754 Si
1855 733 1931 754 vero
1950 724 2055 754 dictus
2072 724 2184 758 abbas,
2202 724 2297 763 juxta

1286 777 1492 806 visitatorum
1514 777 1656 816 ipsorum
1678 777 1835 815 judicium
1858 777 2064 806 laudabiliter
2095 777 2296 807 ministravit

1285 830 1393 869 eisque
1417 830 1522 868 ipsum
1545 830 1651 859 adhuc
1676 830 1785 859 haberi
1809 830 1921 859 utilem
1945 832 1978 859 et
2001 830 2214 859 necessarium
2237 830 2296 860 eis-

1286 883 1358 912 dem
1387 883 1589 912 monasteriis
1616 883 1777 917 videatur,
1806 885 1961 922 poterunt
1988 883 2085 912 iidem
2112 883 2297 913 visitatores

1286 936 1372 965 dicto
1400 936 1513 965 abbati
1540 936 1677 975 sigillum
1706 936 1837 966 reddere
1865 936 2064 975 resignatum
2092 935 2298 966 administra-

1287 991 1359 1018 turo
1382 989 1478 1018 libere
1501 989 1584 1018 sicut
1608 989 1704 1028 prius.
1730 989 1862 1018 Nullum
1886 992 1996 1018 tamen
2020 989 2170 1018 volumus
2193 988 2297 1018 eidem

1286 1042 1389 1071 ordini
1421 1042 1472 1071 vel
1507 1042 1695 1080 provinciali
1716 1042 1858 1081 capitulo
1880 1042 2123 1071 Predicatorum
2144 1041 2298 1080 ipsorum,

1286 1095 1452 1124 occasione
1479 1094 1676 1124 visitationis
1704 1095 1901 1133 hujusmodi,
1930 1095 2084 1124 visitandi
2103 1094 2182 1124 alias
2205 1095 2300 1124 corri-

1284 1148 1378 1186 gendi
1403 1148 1453 1177 vel
1490 1148 1683 1177 emendandi
1710 1148 1742 1177 in
1769 1148 1921 1186 predictis
1948 1147 2151 1177 monasteriis
2164 1150 2222 1177 aut
2242 1147 2300 1177 ali·

1285 1201 1372 1240 quod
1390 1201 1477 1230 aliud
1493 1201 1544 1239 jus
1569 1201 1702 1240 acquiri,
1727 1201 1783 1230 sed
1800 1203 1931 1230 tantum
1948 1201 2057 1230 valeat
2073 1203 2106 1230 et
2123 1200 2218 1230 duret
2242 1200 2300 1230 hu-

1284 1254 1426 1292 jusmodi
1452 1254 1649 1284 visitationis
1676 1253 1821 1283 officium
1850 1256 2012 1292 quantum
2039 1262 2166 1283 summo
2193 1253 2300 1292 ponti-

1285 1307 1339 1336 fici
1356 1307 1513 1345 placuerit
1529 1310 1561 1336 et
1579 1316 1641 1336 non
1660 1307 1754 1336 ultra.
1769 1306 1918 1336 Ceterum
1935 1307 1972 1341 si,
1990 1307 2077 1345 quod
2094 1306 2190 1340 absit,
2215 1306 2299 1336 infra

1285 1361 1391 1398 ipsum
1411 1360 1586 1390 triennium
1606 1360 1638 1389 in
1658 1360 1766 1399 aliquo
1787 1359 2058 1389 monasteriorum
2077 1359 2221 1398 ipsorum
2241 1359 2299 1389 ali-

1286 1413 1378 1451 cujus
1406 1413 1610 1443 dissentionis
1637 1413 1687 1442 vel
1714 1412 1857 1442 scandali
1886 1412 2057 1451 contigerit
2083 1412 2219 1442 materia
2247 1421 2299 1442 su-

1287 1466 1401 1500 boviri,
1443 1466 1628 1496 visitatores
1661 1466 1722 1504 ipsi
1751 1466 1989 1504 sepedictorum
2018 1465 2298 1500 monasteriorum,

1286 1520 1406 1549 abbate
1425 1519 1476 1549 vel
1497 1519 1656 1558 prioribus
1676 1528 1731 1548 seu
1752 1519 1966 1548 conventibus
1986 1518 2159 1557 requisitis,
2180 1518 2212 1548 in
2233 1527 2300 1548 cor-

1286 1573 1418 1611 rigendo
1462 1575 1495 1602 et
1517 1572 1720 1602 emendando
1743 1572 1922 1601 adhibeant
1948 1574 1981 1601 et
2003 1572 2195 1610 impendant
2216 1571 2302 1601 salu-

1286 1628 1355 1655 tare
1386 1625 1555 1655 consilium
1585 1627 1618 1654 et
1648 1624 1805 1654 auxilium
1837 1627 2044 1663 oportunum.
2076 1624 2299 1654 Predictorum

1286 1687 1415 1717 quoque
1445 1678 1653 1708 visitatorum
1685 1677 1874 1707 correctioni
1914 1680 1947 1706 et
1978 1677 2200 1707 reformationi
2231 1677 2302 1706 uni-

1285 1732 1369 1761 versi
1397 1734 1430 1761 et
1457 1731 1573 1769 singuli
1601 1731 1723 1770 absque
1759 1730 1931 1760 rebellione
1967 1730 2113 1769 qualibet
2141 1729 2300 1760 obediatis

1286 1786 1469 1814 reverenter
1481 1786 1514 1814 et
1528 1783 1692 1813 humiliter
1705 1783 1856 1822 pareatis,
1871 1783 2014 1822 nullique
2027 1785 2173 1812 vestmm
2193 1783 2299 1818 liceat,

1287 1837 1457 1876 nullusque
1478 1839 1645 1876 presumat
1665 1837 1808 1875 ipsorum
1830 1836 2089 1866 ordinationibus
2111 1843 2299 1875 repugnare,

1286 1890 1376 1920 salva
1402 1893 1513 1920 tamen
1539 1890 1599 1919 tibi
1625 1890 1754 1929 tuisque
1781 1889 2027 1923 successoribus,
2054 1888 2102 1918 fili
2127 1889 2240 1923 abbas,
2266 1889 2300 1918 in

1286 1943 1436 1973 omnibus
1475 1943 1545 1973 aliis
1584 1942 1834 1972 administrandi
1873 1944 1906 1971 et
1945 1942 2114 1972 exercendi
2154 1941 2300 1971 officium

1287 1999 1433 2026 vestrum
1462 1996 1561 2026 libera
1592 1996 1758 2025 facultate.

1327 2050 1379 2079 Ad
1397 2049 1455 2079 hec
1473 2049 1622 2079 volumus
1641 2051 1678 2078 ut
1690 2048 1864 2078 eorundem
1882 2048 2151 2077 monasteriorum
2168 2047 2299 2086 priores,

1286 2111 1412 2141 semper
1430 2102 1463 2132 in
1483 2111 1568 2132 anno
1588 2102 1696 2136 tertio,
1709 2101 1823 2131 abbati
1839 2110 1897 2131 suo
1916 2101 2079 2139 resignent
2099 2100 2211 2139 sigilla,
2233 2100 2299 2139 qui,

1286 2155 1331 2185 eis
1347 2155 1494 2194 receptis,
1512 2155 1594 2184 circa
1611 2155 1697 2194 ipsos
1714 2154 1834 2193 priores
1850 2154 1945 2192 juxta
1962 2154 2096 2183 modum
2112 2155 2146 2183 et
2161 2153 2299 2183 formam

1286 2209 1413 2239 ordinet
1431 2211 1464 2238 et
1481 2208 1636 2247 procedat
1653 2208 1831 2237 secundum
1850 2207 1937 2246 quod
1955 2216 2012 2245 per
2027 2206 2212 2236 visitatores
2230 2215 2300 2245 pre—

1287 2262 1390 2291 dictos
1417 2261 1557 2291 ordinari
1583 2263 1615 2290 et
1641 2260 1711 2290 fieri
1737 2260 1913 2290 statuimus
1939 2259 2022 2289 circa
2048 2259 2166 2298 ipsum.
2193 2259 2300 2289 Possit

1286 2315 1416 2353 insuper
1428 2314 1534 2344 dictus
1545 2314 1647 2343 abbas
1659 2322 1700 2343 ex
1710 2314 1806 2351 Juxta
1818 2315 1852 2342 et
1864 2312 2049 2342 rationabili
2061 2320 2157 2342 causa
2170 2312 2299 2342 eosdem

1286 2368 1406 2406 priores
1431 2376 1449 2397 a
1474 2367 1539 2396 suis
1564 2366 1900 2396 administrationibus
1925 2374 2086 2399 amovere,
2111 2374 2168 2394 sex
2187 2367 2299 2394 tamen

1286 2421 1425 2450 fratrum
1448 2422 1626 2450 conventus
1648 2419 1834 2448 monasterii
1857 2428 1875 2448 a
1898 2427 1962 2457 quo
1984 2418 2184 2448 amovendus
2201 2417 2300 2447 fuerit

1287 2474 1354 2512 ipse
1372 2473 1466 2512 prior,
1480 2473 1654 2502 electorum
1671 2473 1712 2501 ab
1729 2472 1841 2501 eodem
1860 2474 2033 2505 conventu,
2047 2471 2177 2501 consilio
2194 2470 2299 2509 requi-

1287 2526 1360 2556 sito.
1387 2526 1509 2556 Caveat
1535 2528 1645 2555 autem
1671 2525 1772 2554 abbas
1799 2534 1838 2554 ne
1863 2525 1905 2554 ad
1930 2524 2128 2554 amotionem
2154 2523 2297 2562 priorum

1288 2579 1386 2609 nimia
1404 2579 1562 2608 facilitate
1579 2581 1637 2608 aut
1655 2578 1728 2607 odio
1746 2578 1797 2607 vel
1823 2586 1954 2607 rancore
1966 2586 2021 2606 seu
2038 2577 2151 2606 semite
2161 2566 2298 2615 alicujus

1288 2632 1460 2671 pravitatis
1481 2631 1532 2661 vel
1553 2631 1764 2670 malignitatis
1786 2631 1951 2669 procedat,
1973 2630 2127 2668 quoniam
2147 2638 2204 2668 per
2223 2629 2299 2659 visi-

1288 2679 1421 2715 tatores'·
1433 2693 1528 2724 super
1550 2684 1668 2723 inquiri
1700 2686 1812 2713 contra
1843 2692 1918 2713 eum
1940 2683 2090 2712 volumus
2113 2682 2291 2721 diligenter,

1289 2741 1322 2768 et
1346 2738 1451 2777 ipsum
1475 2738 1502 2767 si
1526 2746 1616 2766 secus
1641 2737 1750 2775 egerit,
1777 2736 1927 2775 castigari
1951 2735 2093 2774 graviter
2117 2737 2149 2764 et
2174 2734 2290 2773 puniri.

1290 2791 1377 2821 Nulli
1410 2793 1518 2820 nostre
1560 2790 1801 2819 constitutionis
1839 2791 1900 2818 etc.
1932 2789 2008 2818 Dat.
2044 2787 2181 2817 Viterbii
2203 2787 2296 2822 vl11,

1289 2844 1353 2874 kal.
1383 2844 1463 2882 julii,
1495 2852 1579 2872 anno
1611 2845 1737 2881 quarto.
1768 2854 1780 2869 »
