2477 3512
250 293 313 324 804

253 401 454 432 beneficium,
470 400 567 427 etiam
584 399 609 426 si
625 399 811 433 personatus
827 397 869 423 sit
884 395 935 422 vel
951 395 1089 429 dignitas
1103 395 1136 421 et
1152 393 1264 420 similis

254 449 329 468 cura
351 441 379 468 ei
400 441 581 470 immeneat„
604 440 637 465 et
659 438 686 464 si
707 437 849 471 aliquam
871 443 911 462 ex
932 434 1103 469 praedictis
1124 433 1264 460 ecelesiis

254 488 286 508 se
318 481 474 514 resignare
508 478 685 512 contigerit,
719 477 806 504 aliud
840 475 1029 502 beneficium
1063 480 1134 500 cum
1168 472 1264 499 simili

254 527 328 548 cura
339 521 474 554 recipere
485 518 601 545 valeat.
613 517 711 550 (Rae.
723 517 772 548 25,
783 517 806 543 f.
819 516 874 542 141
886 518 935 546 νο,
947 521 997 541 an.
1012 513 1065 545 IV,
1077 520 1103 540 c.
1116 512 1212 545 160³)

295 648 306 663 α
336 635 480 666 Johanni
509 635 546 664 de
575 634 747 667 Andeoem,
778 632 885 662 rectori
915 630 1035 661 ecclesie
1064 630 1101 659 de
1131 629 1262 667 Waqqe-

252 689 345 723 melle.
365 688 556 718 livoniensis
575 687 715 717 diocesis.
735 686 888 716 Volentes
908 683 969 714 tibi
987 683 1092 713 faeere
1111 699 1162 711 —.
1183 681 1261 711 Dat.

251 742 399 776 Viterbii,
424 741 517 771 nonis
538 740 631 779 junii,
655 748 741 770 anuo
765 741 892 778 quarm.
918 749 930 764 ι

332 987 422 1014 2588
800 985 939 1016 Viterbe,
957 984 994 1011 10
1008 984 1076 1017 juin
1093 983 1180 1010 1258.

294 1040 393 1067 Priori
423 1040 452 1068 S.
481 1040 604 1066 Nicolai
633 1038 820 1066 Exoniensis
847 1038 979 1064 mandat
1008 1039 1044 1064 ut
1073 1044 1090 1063 a
1118 1037 1262 1071 praetato

252 1080 401 1108 ,Iohanne
429 1081 468 1107 de
494 1080 661 1106 Andevera
677 1079 777 1105 libera
805 1077 952 1104 ecclesiae
981 1077 1019 1103 de
1045 1076 1262 1110 Woggewelle,

252 1120 440 1147 Exoniensis
463 1120 603 1150 diocesis,
626 1125 722 1152 quam
745 1125 816 1144 eum
838 1117 968 1144 ecclesia
989 1117 1027 1143 de
1049 1116 1143 1143 chale
1165 1117 1262 1143 etiam

253 1167 362 1186 euram
390 1161 568 1186 animarum
597 1159 735 1185 habente
764 1158 883 1191 absque
912 1156 1146 1191 dispensatione
1175 1156 1264 1183 Sedis

251 1199 454 1234 Apostolicae
484 1199 667 1230 retinuerat,
698 1197 909 1231 resignatione
939 1198 1075 1231 recepta,
1099 1196 1262 1223 satisfacto

251 1240 354 1266 eidem
383 1239 528 1265 eeclesiae
562 1239 599 1265 de
629 1238 786 1264 fructibus
807 1237 911 1263 medio
933 1239 1074 1270 ternpore
1096 1236 1262 1270 perceptis,

252 1281 284 1305 et
305 1279 501 1313 poenitentia
525 1278 655 1304 salutari
675 1278 836 1312 imposita,
859 1277 960 1303 eidem
983 1276 1122 1303 Johanni
1143 1276 1263 1302 dictam

251 1319 414 1346 ecelesiam
436 1319 474 1345 de
493 1317 699 1352 ‘Wogge‘welle
719 1318 763 1344 sic
783 1317 976 1350 resignatam
996 1316 1143 1349 assignet.
1165 1315 1262 1348 (Rea.

251 1358 301 1390 25,
325 1359 347 1385 ι’.
375 1358 431 1385 142
454 1361 502 1390 νῦ,
528 1365 578 1384 an.
606 1357 659 1389 w,
684 1365 710 1384 e.
735 1354 834 1391 16033)

293 1487 337 1507 «..,
376 1475 476 1514 priori
491 1475 612 1515 „Sancti
653 1473 781 1504 Nicolai
831 1473 1030 1503 Eroniensis.
1086 1472 1139 1502 Ex
1169 1474 1262 1511 parte

251 1528 360 1558 dilecti
377 1545 428 1557 --.
447 1528 526 1558 Dat.
543 1527 691 1561 viterbii,
713 1527 782 1556 1111
799 1527 872 1556 idus
889 1527 982 1565 junii,
1001 1535 1086 1556 anno
1103 1528 1231 1565 quarto.
1249 1536 1263 1553 ι

330 1774 421 1800 2589
788 1773 928 1805 Viterbe,
948 1773 985 1800 13
1002 1773 1072 1807 juin
1091 1773 1179 1800 1258.

291 1827 387 1854 Dicto
411 1827 551 1855 ,Iohanni
576 1827 614 1853 de
637 1827 805 1854 Andevera
830 1827 993 1861 dispensat
1018 1828 1064 1857 ut,
1090 1828 1260 1860 postquam

250 1867 380 1894 ecclesia
410 1867 447 1894 de
476 1867 681 1901 Woggewelle
710 1867 738 1893 ei
767 1866 860 1893 fuerit
883 1867 977 1899 juxta
1006 1867 1262 1900 praecedentium

249 1907 429 1934 litterarum
455 1909 597 1933 tenorem
623 1914 678 1941 per
703 1907 839 1941 priorem
867 1906 896 1933 S.
924 1905 1047 1932 Nicolai
1073 1905 1262 1933 Exoniensis

252 1946 377 1978 collata,
402 1953 472 1973 eam
497 1949 529 1973 et
553 1947 729 1981 praefatam
755 1946 916 1973 ecclesiam
943 1946 980 1972 de
1005 1945 1109 1978 Chale,
1133 1946 1261 1973 insimul

252 1987 395 2017 retinere,
411 1994 449 2013 ac
462 1988 587 2020 praeter
601 1987 685 2021 ipsas
700 1986 829 2012 unicum
845 1986 931 2012 aliud
947 1985 1147 2017 beneficium,
1163 1987 1261 2013 etiam

250 2027 276 2052 si
302 2027 441 2060 dignitas
464 2026 515 2052 vel
539 2028 726 2060 personatus
751 2026 869 2052 existat
893 2028 925 2052 et
951 2032 1058 2052 curam
1083 2026 1260 2053 animarum

250 2066 378 2097 habeat,
398 2066 533 2100 recipere
552 2067 662 2100 possit.
691 2065 788 2098 (Rea.
809 2065 858 2097 25,
878 2065 900 2092 f.
922 2066 978 2092 141
998 2069 1046 2096 vo,
1066 2073 1117 2092 an.
1147 2065 1201 2096 tv,
1233 2073 1259 2092 c.

253 2105 348 2135 160⁶.)

293 2222 437 2252 Johcmm·
457 2222 493 2251 de
511 2222 683 2255 Aridevera,
704 2222 811 2251 rectori
840 2221 961 2251 ecclesie
988 2222 1024 2251 de
1044 2221 1148 2255 Chalc,
1170 2221 1260 2251 Win-

252 2276 404 2304 :oniensis
435 2275 574 2304 diocesis.
607 2275 679 2305 Etsi
711 2278 843 2314 propter
874 2275 1067 2304 ambitiones
1097 2293 1148 2303 —-.
1181 2275 1259 2305 Dat.

255 2328 399 2362 viterbii,
427 2328 534 2357 idibus
560 2328 652 2366 J‘unii,
681 2337 765 2357 anno
793 2331 920 2366 quarto.
949 2339 961 2355 n

333 2582 425 2608 2590
774 2583 914 2615 Viterbe,
939 2583 976 2610 12
997 2583 1066 2616 juin
1092 2583 1178 2611 1258.

293 2635 451 2670 Episcopo
475 2635 708 2663 Constantiensi
731 2636 863 2663 mandat
887 2638 922 2662 ut
947 2636 1108 2663 ecclesiam
1133 2637 1171 2663 de
1195 2637 1262 2664 Col—

251 2675 391 2706 linchon,
409 2676 542 2702 diocesis
561 2676 821 2707 constantiensis,
833 2675 930 2703 libere
947 2683 966 2702 a
980 2676 1127 2703 Bernerio
1142 2679 1261 2704 rectore

255 2715 395 2748 eiusdem
417 2715 563 2742 ecelesiae
582 2715 784 2749 resignatam,
804 2715 955 2747 Vi'altero,
974 2716 1087 2743 rectori
1108 2717 1261 2744 scolarum

252 2755 285 2781 in
309 2755 411 2788 Augia
435 2754 559 2788 Maiori,
583 2755 723 2788 ejusdem
748 2755 889 2787 diocesiS,
911 2757 1038 2790 recepto
1060 2756 1093 2782 in
1117 2756 1263 2784 ecclesiae

258 2795 296 2820 de
321 2794 530 2827 convingensi
555 2795 587 2821 in
615 2795 800 2821 canonicum
827 2797 858 2821 et
885 2795 917 2822 in
943 2795 1084 2826 fratrem,
1111 2796 1262 2823 conferat.

254 2834 351 2862 (Rae.
371 2834 420 2866 25,
440 2834 461 2860 1.
483 2835 537 2861 141
552 2838 601 2866 vo,
615 2841 665 2861 an.
689 2834 741 2866 TV,
754 2842 780 2861 c.
801 2835 856 2861 161
870 2843 877 2863 2
889 2833 1113 2867 ΒΕΗΝουιι-ιι,
1127 2837 1167 2862 n⁰
1179 2836 1263 2869 675.)

299 2948 354 2968 (ι...
376 2937 519 2976 episcopo
540 2937 781 2967 Constantiensi.
802 2938 854 2967 Ex
874 2941 965 2977 parte
986 2938 1104 2968 dilecti.
1124 2956 1166 2960 —
1185 2939 1261 2969 Dat.

252 2989 401 3024 viterbii,
429 2990 460 3019 11
483 2990 556 3020 idus
579 2991 671 3028 junii,
697 2999 782 3021 anno
807 2994 933 3030 quarto.
959 3003 971 3018 n

953 285 1211 320 RDGISTRES
1227 282 1564 318 D’ALEXANDRE
1578 281 1627 316 lv

1447 388 1533 415 2⁵01
1913 390 2052 422 Viterbe,
2069 389 2108 418 29
2124 391 2189 418 mni
2206 390 2293 418 1258.

1409 443 1568 478 Raynerio
1593 443 1749 475 Ghiberti.
1772 443 1923 470 canonino
1947 442 2140 476 florentino,
2162 443 2305 478 indulget
2327 444 2376 477 ut,

1368 486 1493 518 praeter
1519 483 1730 510 ecclesiastiea
1757 482 1912 510 beneficia
1938 490 2046 510 euram
2073 482 2251 510 animarum
2277 489 2374 511 anno-

1368 530 1442 550 xam
1468 523 1619 550 habentia
1643 529 1725 557 quae
1749 522 1884 555 obtinet,
1910 522 2039 550 unicum
2063 522 2150 550 aliud
2175 522 2376 556 beneficium,

1368 563 1466 589 etiam
1493 562 1628 589 similem
1656 569 1764 589 curam
1791 562 1921 594 habens,
1949 562 2086 596 recipere
2112 562 2223 597 possit,
2250 562 2377 590 decem

1368 602 1401 629 in
1425 602 1588 629 ordinibus
1611 604 1643 628 et
1667 603 1773 629 aetate
1795 609 1998 636 nequaquam
2021 601 2179 629 obstante.
2203 601 2302 636 (Bm.
2323 601 2375 634 2⁵.

1369 642 1391 668 t.
1419 642 1487 674 142,
1513 649 1564 669 an.
1593 641 1646 673 IV,
1671 649 1698 669 c.
1725 641 1807 675 162.)

1411 730 1423 745 ι
1452 719 1611 757 Raynerio
1646 718 1793 752 Ghiberti.
1822 718 1971 748 canonico
1998 718 2189 754 Florentino.
2217 717 2378 758 eapdlam

1368 774 1481 801 nostro.
1501 771 1552 801 Ex
1568 774 1661 811 parte
1678 771 1788 801 dilecti
1802 788 1854 800 —.
1873 771 1950 801 Dat.
1968 771 2115 806 viterbii,
2136 770 2186 801 111
2202 770 2267 802 kal.
2282 770 2377 813 junii.

1366 830 1455 855 anno
1486 827 1613 864 quarto.
1645 835 1658 852 ι

1448 1004 1539 1031 2592
1924 1003 2064 1035 Viterbe,
2083 1003 2101 1030 5
2118 1003 2189 1037 juin
2207 1003 2296 1032 1258.

1410 1057 1568 1084 Edwardo
1580 1058 1618 1084 de
1629 1057 1805 1084 Poroestria
1814 1056 1955 1091 indulget
1967 1058 2013 1088 ut,
2024 1057 2149 1091 praeter
2166 1056 2206 1083 de
2223 1056 2379 1085 Midelton

1368 1097 1535 1124 Albemare
1559 1099 1591 1124 et
1615 1097 1653 1124 de
1677 1096 1845 1128 Staunton,
1860 1096 2014 1128 ecclesias,
2035 1095 2222 1123 Exoniensis
2239 1098 2273 1124 et
2295 1096 2380 1125 We}-

1367 1137 1462 1164 lensis
1494 1137 1676 1168 diocesium,
1708 1144 1815 1163 curam
1847 1137 2024 1163 animarum
2055 1136 2218 1168 habentes,
2250 1136 2379 1164 unium

1368 1177 1457 1204 aliud
1477 1177 1666 1203 beneficium
1687 1176 1943 1207 ecclesiasticum,
1965 1176 2062 1202 etiam
2083 1175 2110 1202 si
2130 1176 2172 1202 sit
2192 1177 2380 1211 personans

1368 1217 1419 1243 vel
1437 1217 1575 1251 dignitas
1592 1217 1625 1242 et
1641 1216 1753 1243 similis
1770 1223 1845 1243 cura
1862 1216 1890 1242 ei
1907 1215 2072 1242 immineat
2089 1217 2122 1242 et
2139 1215 2166 1242 si
2182 1215 2322 1250 aliquam
2338 1222 2380 1244 ex

1368 1257 1539 1291 praedictis
1559 1256 1696 1282 eeclesiis
1715 1263 1787 1283 eum
1806 1256 1962 1289 resignare
1983 1255 2160 1289 contigerit,
2179 1255 2268 1283 aliud
2286 1255 2380 1283 bene-

1333 1326 1341 1334 *
1367 1296 1477 1323 ficium
1495 1303 1567 1323 cum
1585 1296 1681 1322 simili
1696 1303 1771 1322 cura
1798 1296 1935 1330 recipere
1951 1295 2068 1322 valeat.
2086 1294 2184 1328 (Rae.
2201 1295 2252 1328 25,
2267 1295 2291 1323 1.
2309 1294 2379 1328 141.

1369 1343 1419 1362 an.
1453 1336 1505 1368 w,
1536 1336 1680 1369 0.163·.)

1411 1425 1424 1439 a
1442 1413 1596 1442 Edwardo
1616 1412 1652 1442 de
1672 1412 1856 1446 Porcestria,
1877 1411 1986 1442 rectori
2006 1411 2128 1442 ecclesie
2146 1411 2184 1442 de
2201 1411 2378 1442 Mida-eum

1369 1465 1543 1500 Albemare,
1571 1465 1762 1495 Exoniensis
1788 1465 1928 1495 diocesis.
1957 1465 2110 1495 Volent&
2149 1465 2209 1495 tibi
2236 1467 2299 1496 ete.
2325 1481 2378 1495 —.

1369 1518 1446 1548 Dat.
1467 1519 1615 1553 viterbii,
1637 1519 1730 1548 nonis
1749 1518 1842 1557 junii,
1864 1526 1950 1548 anno
1971 1520 2099 1557 quarto.
2121 1529 2134 1545 ι

1449 1696 1540 1723 2593
1912 1696 2051 1727 Viterbe,
2069 1696 2107 1723 10
2121 1696 2192 1730 juin
2209 1695 2296 1724 1258.

1409 1749 1509 1777 Priori
1543 1749 1658 1776 Christi
1689 1748 1837 1776 eeclesiae
1871 1749 1908 1776 de
1940 1748 2122 1781 Twenham,
2153 1748 2381 1778 wintoniensis

1369 1789 1511 1821 diocesis,
1530 1789 1665 1816 mandat
1683 1790 1720 1815 ut
1739 1796 1758 1815 a
1776 1789 1939 1823 praedicto
1959 1788 2116 1816 Edwardo
2136 1789 2175 1816 de
2193 1788 2380 1822 Porcestrin.

1367 1831 1497 1861 rectore,
1512 1829 1612 1856 libera
1627 1828 1775 1855 ecelesiae
1783 1829 1822 1855 de
1830 1828 1985 1856 Midelton
2002 1828 2180 1861 Mbemaoe,
2189 1827 2379 1857 Exanimis

1369 1869 1511 1900 diocesis,
1537 1875 1634 1902 quain
1659 1875 1732 1895 cum
1757 1869 1887 1895 ecclesia
1901 1869 1939 1895 de
1955 1868 2246 1900 Staunton.‚etiam
2271 1875 2380 1897 emm

1368 1909 1546 1936 animarum
1575 1909 1723 1939 habente,
1752 1908 1871 1942 absque
1900 1908 2135 1943 dispensatione
2163 1908 2252 1936 Sedis
2277 1909 2378 1944 Apos-

1367 1949 1481 1975 tolicae
1501 1949 1685 1980 retinuerat,
1705 1948 1917 1982 resignatione
1936 1949 2073 1982 recepta,
2093 1947 2258 1976 satisfacto
2276 1948 2380 1976 eidem
2412 1950 2418 1956 ”

1367 1989 1515 2015 eeclesiae
1534 1988 1573 2014 de
1589 1987 1747 2015 fructibus
1765 1988 1870 2015 medio
1887 1990 2031 2022 ternpore
2049 1988 2206 2023 perceptis
2222 1989 2256 2015 et
2273 1988 2380 2023 poeni-
2439 2005 2442 2011 ·

1367 2029 1469 2055 tentia
1494 2028 1624 2054 salutari
1647 2027 1808 2062 imposita,
1833 2028 1935 2055 eidem
1959 2027 2117 2054 Edwardo
2141 2027 2262 2055 dictam
2283 2028 2381 2056 eode-

1366 2068 1446 2094 siam
1485 2068 1523 2094 de
1561 2067 1716 2094 Midelton
1752 2067 1919 2094 Albemare
1963 2067 2061 2094 libere
2102 2068 2294 2102 resignatam
2330 2075 2380 2096 aa·

1365 2108 1478 2142 signet.
1498 2108 1596 2140 (REG-
1617 2107 1666 2139 25,
1685 2107 1707 2134 f.
1729 2107 1797 2139 142,
1817 2115 1867 2134 an.
1891 2107 1944 2138 IV,
1964 2115 1990 2134 c.
2012 2105 2111 2140 163³.)

1408 2196 1420 2211 «
1434 2208 1464 2219 ..,
1483 2185 1584 2224 priori
1605 2184 1722 2215 Christi
1742 2184 1862 2214 ecclesie
1881 2184 1917 2213 de
1948 2184 2123 2219 Twenham,
2152 2183 2380 2216 wintoniensis

1365 2237 1506 2267 diocesis.
1532 2237 1583 2267 Ex
1606 2240 1699 2276 parte
1724 2238 1833 2267 dilecti
1856 2254 1907 2266 --.
1933 2237 2010 2267 Dat.
2035 2237 2183 2272 Viterbii,
2211 2237 2280 2267 1111
2303 2237 2377 2269 idm

1365 2291 1458 2329 junii,
1490 2299 1576 2320 anno
1608 2293 1735 2330 quarto.
1769 2302 1781 2318 n

1447 2480 1540 2507 259⁴
1924 2481 2064 2513 Viterbe,
2077 2481 2115 2509 13
2125 2481 2196 2515 inin
2207 2481 2296 2510 1258.

1408 2533 1576 2561 Praedicto
1593 2533 1751 2560 Edvmrdo
1772 2534 1934 2568 dispensat
1947 2535 1993 2565 ut,
2006 2535 2177 2568 postquam
2197 2533 2327 2562 ecelesia
2338 2534 2380 2562 dn

1367 2573 1523 2600 Midelton
1535 2573 1703 2600 Albemare
1723 2573 1751 2600 ei
1775 2573 1873 2600 fuerit
1885 2574 1978 2607 juxta
1990 2573 2246 2608 praecedentium
2256 2573 2380 2602 littera-

1367 2621 1438 2640 rum
1455 2615 1609 2645 tenorem,
1625 2620 1680 2647 per
1694 2613 1831 2647 priorem
1847 2613 1964 2641 Christi
1979 2614 2127 2641 ecelesiae
2143 2614 2182 2641 de
2196 2613 2378 2647 Wenhnm,
2415 2606 2429 2633 f

1367 2653 1595 2680 W'intoniensis
1619 2653 1761 2684 diocesis.
1786 2653 1911 2685 collata,
1935 2660 2005 2680 eam
2029 2655 2061 2680 et
2084 2653 2261 2688 praelatam
2283 2653 2380 2681 eode-

1368 2693 1446 2719 siam
1457 2693 1496 2719 de
1505 2692 1674 2719 Staunton,
1683 2693 1810 2719 insimul
1818 2693 1961 2725 retinere,
1971 2700 2009 2720 ac
2023 2694 2147 2727 praeter
2153 2693 2238 2728 ipsas
2249 2693 2378 2721 unium
2415 2699 2418 2703 ·

1369 2732 1456 2759 aliud
1470 2732 1670 2763 beneficium,
1687 2732 1784 2759 etiarn
1800 2733 1826 2759 si
1842 2733 1980 2767 dignitas
1994 2732 2044 2759 vel
2060 2734 2246 2767 personatus
2260 2733 2379 2761 existat

1369 2774 1400 2798 et
1425 2779 1532 2798 curam
1556 2772 1733 2799 animarum
1757 2772 1885 2805 habeat,
1908 2773 2045 2807 recipere
2068 2773 2178 2807 possit.
2201 2772 2301 2806 (Rae.
2322 2771 2375 2805 25.

1369 2811 1391 2838 f.
1413 2811 1480 2843 142,
1501 2819 1551 2838 an.
1574 2811 1628 2841 lv,
1647 2819 1674 2838 c.
1694 2812 1771 2845 63⁶.)

1413 2899 1424 2915 a
1443 2888 1597 2917 Edwardo
1617 2888 1653 2918 de
1672 2888 1856 2923 Porcestria,
1877 2888 1984 2919 rederi
2004 2889 2126 2919 ecclesie
2167 2889 2204 2919 de
2223 2889 2376 2923 Simiou..

1370 2940 1533 2971 Wellensis
1562 2941 1703 2971 diocesis.
1733 2941 1805 2971 Etsi
1834 2944 1967 2981 propter
1995 2942 2189 2972 ambitiones
2216 2959 2268 2972 —.
2297 2941 2376 2972 Dat.
2422 2941 2426 2948 ’

1368 2993 1516 3028 Viterbii,
1543 2994 1650 3024 idibus
1677 2994 1769 3032 junii.
1797 3003 1882 3025 anno
1909 2997 2037 3034 quarto.
2065 3006 2079 3022 ι

2383 3198 2410 3269 3ζ,“ι,
2403 3149 2406 3165 ..

2421 2892 2432 2907 δ
