2477 3512
207 263 250 296 34
906 258 1175 292 REGISTRES
1203 257 1554 290 D'ALEXANDRE
1583 258 1631 290 IV

298 366 387 392 2878
752 365 886 396 Anauni,
910 365 927 390 5
950 371 1033 390 mars
1058 365 1143 391 1259.

259 419 422 451 Gauirido,
447 419 559 445 rectori
583 418 729 445 ccclesiae
753 418 870 444 Beatae
896 417 1012 444 Mariae
1037 418 1075 443 de
1102 417 1224 443 nocua-

214 464 326 495 bruna,
353 463 574 497 Forojiiliensis
598 462 738 493 diocesis,
764 461 903 495 indulget
928 463 963 488 ut
987 461 1114 488 unicum
1139 460 1222 487 aliud

214 508 400 535 beneficium
431 507 685 538 ecclesiasticum,
707 506 802 532 etiam
832 513 902 532 cum
933 512 1007 532 cura
1032 505 1223 535 animarum,

213 553 243 579 in
271 553 410 586 Aqucnsi
436 552 594 585 provincia
620 551 754 584 recipere
779 550 886 584 possit.
912 549 1008 582 (REO.
1035 550 1083 581 25,
1107 550 1128 576 f.
1153 548 1222 576 205,

213 604 264 623 an.
288 596 325 627 V,
348 604 372 622 c.
398 597 478 628 115.)

261 700 271 711 «
299 685 475 725 (lanfrido,
496 684 611 715 ret-lori
632 683 763 714 erclesie
783 684 883 714 Reate
901 682 1017 714 illari?
1035 682 1074 714 de
1092 682 1219 714 Bocha—

217 738 335 774 bruna,
368 736 615 778 Forojuliensis
644 736 798 768 diocesis.
831 736 906 767 Etsi
937 738 1082 777 propter
1109 735 1220 767 ambi—

212 792 327 822 tiones
354 810 407 822 Ὗ.
438 790 519 821 Dat.
548 790 718 829 Anagnie,
751 789 802 820 III
833 798 942 820 nonas
971 788 1097 824 martii,
1126 798 1218 819 anno

211 845 347 886 quinto.
374 857 385 872 »

290 1001 378 1027 2877
726 1000 860 1033 Anagni,
884 1000 920 1026 26
944 999 1021 1026 avril
1047 999 1132 1025 1259.

250 1055 408 1088 Episcopo
445 1054 646 1081 Atrebatensi
688 1054 822 1080 faciendi
859 1053 953 1087 recipi
989 1055 1051 1079 tres
1087 1052 1214 1078 clericos

208 1099 337 1126 idoneos
365 1099 396 1125 in
423 1098 624 1125 Atrebatensi
651 1098 789 1129 ecclesia,
817 1098 846 1123 in
876 1105 937 1131 qua
965 1097 1215 1130 praebendarum

209 1143 335 1170 collatio
362 1143 401 1170 ad
428 1151 459 1169 se
485 1142 600 1169 dicitur
626 1143 790 1176 pertinere,
817 1144 945 1175 paratos
971 1141 1047 1167 inibi
1073 1141 1217 1171 residere,

209 1188 241 1214 in
261 1187 429 1214 canonicos
450 1189 480 1213 et
500 1187 530 1213 in
550 1187 673 1219 fratres,
694 1188 723 1213 et
744 1186 929 1220 providendi
949 1186 991 1211 eis
1011 1185 1048 1211 de
1067 1185 1218 1219 praeben-

211 1232 269 1263 dis,
287 1239 406 1258 necnon
425 1231 670 1257 contradictores
688 1238 781 1264 super
798 1230 855 1256 boc
873 1237 927 1263 per
943 1236 1106 1256 censuram
1124 1229 1218 1255 eccle·

211 1276 382 1307 siasticam,
411 1275 621 1309 appellatione
649 1275 836 1309 postposita,
865 1274 1093 1307 compescendi,
1122 1274 1218 1300 facul·

211 1322 313 1347 tatem
334 1320 486 1346 concedit.
508 1319 604 1351 (nno.
625 1319 673 1350 25,
694 1320 713 1345 f.
734 1319 802 1350 205,
823 1326 871 1345 an.
894 1318 930 1350 V,
950 1326 975 1345 c.
999 1318 1079 1351 116.)

256 1422 267 1435 ι(
297 1433 315 1440 ..
344 1408 499 1449 episcopo
527 1407 750 1438 Atrebalensi.
779 1407 891 1437 Tuam
920 1406 1081 1437 volentes
1108 1406 1216 1437 liono-

210 1471 286 1493 rarc
306 1480 358 1492 —.
378 1461 461 1492 Dat.
480 1460 649 1501 AnagnIc,
670 1460 718 1491 VI
737 1460 806 1491 kal.
827 1459 918 1495 maii,
939 1469 1031 1490 anno
1050 1459 1186 1500 quinto.
1208 1472 1217 1485 ν

291 1620 379 1646 2878
766 1618 899 1651 Anagni,
923 1618 940 1644 8
963 1618 1026 1644 mai
1050 1618 1136 1644 1259.

252 1674 301 1700 Ad
327 1673 405 1706 regis
431 1673 591 1699 Navarrae
617 1672 814 1706 petitionem,
839 1671 992 1698 universis
1017 1671 1219 1697 studentibus

210 1718 241 1743 in
269 1718 381 1744 scholis
408 1718 492 1750 apud
520 1716 586 1750 ejus
613 1718 752 1743 castrum
779 1716 817 1742 de
844 1716 966 1747 Tutela,
994 1715 1219 1748 Tyrasonensis

212 1762 353 1793 diocesis,
372 1762 512 1794 indulget
532 1762 567 1787 ut
586 1768 693 1787 omnes
712 1762 884 1794 proventus
904 1767 975 1786 suos
995 1759 1218 1786 ecclesiasticos

210 1814 281 1832 cum
304 1814 339 1832 ca
362 1806 542 1838 integritate
564 1805 749 1838 percipiant,
772 1812 844 1830 cum
867 1811 930 1837 qua
953 1804 1020 1830 illos
1043 1803 1215 1838 percipiunt

211 1851 231 1876 ii
261 1850 314 1884 qui
328 1850 359 1875 in
373 1850 537 1876 Parisiensi
553 1849 682 1875 civitate
712 1848 904 1875 scholasticis
933 1847 1103 1881 disciplinis
1132 1847 1219 1874 insis-

210 1896 295 1921 tunt.
315 1894 412 1927 (Hm.
433 1894 481 1925 25,
501 1894 521 1920 f.
542 1893 611 1925 205,
631 1900 681 1920 an.
701 1893 738 1925 V,
758 1900 783 1919 c.
805 1893 885 1924 117;
906 1892 1078 1918 PorrnAsr
1098 1892 1219 1925 17562.)

257 1996 269 2011 «
288 2008 307 2014 ..
328 1982 451 2014 illustri
469 1983 538 2024 περὶ
556 1983 721 2014 Navarre.
742 1983 818 2014 Etsi
836 1983 948 2013 multa
968 1983 1145 2013 interdum
1163 2001 1215 2012 ἡ.

212 2036 295 2067 Dat.
324 2036 492 2076 Anagnie‚
519 2036 607 2066 VIII
634 2036 711 2067 idus
737 2036 830 2072 maii,
857 2045 950 2067 anno
976 2035 1112 2076 quinto.
1139 2049 1150 2063 »ι

291 2196 379 2223 2879
750 2196 883 2228 Anagni,
907 2195 923 2221 5
947 2195 1025 2221 avril
1050 2195 1135 2221 1259.

251 2249 480 2283 M[argaritae],
524 2249 701 2275 comitissae
746 2248 910 2275 Flandriae
953 2249 984 2274 et
1028 2248 1215 2281 Haynoniac

210 2294 350 2325 indulget
380 2296 413 2320 ut
443 2293 595 2327 quamdiu
623 2293 653 2319 in
683 2292 839 2319 viduitate
868 2292 1084 2326 permanserit,
1114 2291 1216 2318 nullus

212 2338 372 2371 delegatus
395 2339 431 2364 Α.
456 2338 541 2364 Sedis
564 2337 662 2371 possit
685 2337 715 2363 in
738 2344 902 2370 personam
926 2344 1015 2362 suam
1038 2343 1215 2362 excommu-

210 2383 375 2409 nicationis
408 2382 486 2409 ferre
519 2381 708 2408 sententiam
742 2382 771 2407 et
805 2383 904 2407 terras
937 2388 1008 2407 suas
1041 2388 1215 2414 supponere

211 2427 377 2453 interdicto
407 2427 525 2460 absque
553 2425 678 2459 speciali
707 2426 869 2457 mandato,
898 2425 1116 2458 praesentibus
1145 2427 1212 2458 post

210 2471 408 2504 septennium
434 2470 561 2496 minime
585 2469 738 2496 valituris.
764 2469 861 2502 (Rsso.
887 2468 936 2500 25,
961 2469 981 2495 f.
1008 2469 1078 2501 205,
1103 2476 1152 2495 an.
1180 2469 1217 2501 V,

212 2522 237 2542 c.
262 2515 343 2548 118.)

259 2614 271 2629 «
294 2600 414 2633 Nobili
439 2601 574 2633 mulieri
600 2602 653 2634 M.
679 2602 847 2633 comitisse
872 2601 1035 2633 FlandrIe
1059 2611 1097 2633 ac
1120 2602 1216 2643 Hay-

213 2654 325 2686 nonie.
364 2654 503 2686 Efficax
542 2658 602 2686 tue
641 2655 839 2686 devotionis
876 2658 1030 2686 meretur
1066 2655 1216 2686 affectus

215 2709 254 2739 ut
285 2707 516 2748 petitionibus
546 2707 615 2738 tuis
646 2717 706 2749 per
737 2717 824 2749 quas
854 2708 1121 2739 imminentibus
1152 2708 1215 2739 tibi

216 2760 480 2801 gravaminibus
505 2761 636 2792 occurri
662 2763 697 2791 ct
722 2763 781 2791 tue
806 2761 916 2802 quieti
941 2761 1074 2792 consuli
1100 2761 1214 2792 valeat

216 2812 458 2845 favorabiliter
481 2823 690 2844 annuamus.
716 2813 764 2845 Ut
788 2813 894 2854 igitur
917 2813 961 2845 ab
985 2813 1217 2844 incommodis

218 2865 404 2897 viduitatis
431 2876 497 2907 que
522 2866 683 2903 sustines,
711 2866 869 2907 specialis
895 2866 1094 2908 Apostolicc
1123 2867 1220 2897 Sedis

220 2919 329 2958 gratie
351 2919 499 2950 eomodo
520 2919 554 2950 in
576 2918 693 2960 aliquo
714 2919 916 2956 subleveris,
939 2929 1002 2950 nos
1023 2919 1081 2960 qui
1104 2922 1191 2960 patr<
1207 2930 1221 2949 s

221 2970 458 3012 orphanorum
493 2974 527 3003 ct
560 2971 695 3013 judices
729 2972 916 3004 viduarum
951 2981 1082 3009 sumus,
1116 2972 1219 3013 juxta

1330 364 1476 395 verbum
1516 364 1771 406 propheticum,
1811 374 1830 396 a
1869 364 2021 396 Domino
2058 364 2256 401 constituti,
2295 367 2329 396 te

1327 417 1447 448 favore
1485 417 1647 449 benivolo
1685 417 1847 459 prosequi
1884 417 2078 459 cupientes,
2116 417 2330 449 auctoritate

1327 470 1391 500 tibi
1414 471 1628 512 presentium
1651 470 1872 510 indulgemus
1896 473 1944 507 ut,
1968 470 2137 512 quamdiu
2161 470 2194 501 in
2217 470 2330 502 vidui-

1327 525 1401 554 tate
1437 523 1678 564 permanseris,
1716 523 1831 555 nullus
1866 523 2047 564 delegatus
2081 523 2135 554 vel
2170 523 2331 556 subdele-

1325 579 1429 618 gatus
1451 576 1495 608 ab
1518 586 1557 607 eo
1580 579 1747 607 executor
1768 586 1826 607 seu
1850 578 2088 613 conservator,
2112 585 2173 618 per
2194 576 2331 609 litteras

1326 628 1423 660 Sedis
1460 629 1660 671 Apostolice
1696 629 1768 661 sive
1804 629 2001 669 legatorum
2037 629 2113 670 ejus
2150 629 2259 671 possit
2294 630 2330 662 in

1325 692 1511 724 personam
1541 685 1639 714 tuam
1668 682 2045 714 excommunicationis
2074 682 2162 714 ferre
2191 685 2331 714 senten-

1325 735 1411 767 tiam
1438 739 1471 767 et
1500 739 1609 767 terras
1636 738 1716 767 tuas
1740 735 1976 767 ecclesiastico
2001 745 2198 777 supponere
2224 736 2331 768 inter-

1325 788 1419 820 dicto
1438 789 1570 830 absque
1589 789 1697 830 ipsius
1715 788 1812 819 Sedis
1829 788 1970 830 speciali
1989 789 2160 820 mandato
2179 788 2330 822 faciente

1324 842 1462 883 plenam
1497 845 1531 873 et
1564 851 1764 883 expressam
1800 842 1841 873 de
1876 842 1939 873 hac
1973 842 2191 882 indulgentia
2235 851 2330 874 men-

1323 898 1457 931 tonem,
1481 895 1702 936 presentibus
1724 898 1801 936 post
1823 895 2047 936 septennium
2069 895 2212 927 minime
2243 895 2330 928 vali-

1324 948 1422 980 turis.
1449 947 1542 979 Nulli
1566 951 1682 980 nostre
1705 948 1936 980 concessionis
1958 951 2024 980 etc.
2051 948 2135 980 Dat.
2160 948 2329 990 Anagnie,

1324 1002 1424 1033 nouis
1453 1001 1582 1043 aprilis,
1613 1011 1705 1033 auno
1735 1002 1870 1043 quinto.
1902 1015 1914 1029 »

1401 1169 1491 1196 2880
1858 1169 1990 1203 Anagni‚
2017 1170 2028 1195 l
2054 1176 2137 1196 mars
2162 1170 2248 1197 1259.

1364 1222 1520 1257 Episcopo
1540 1225 1568 1249 et
1590 1222 1729 1256 capitulo
1750 1222 2008 1254 Moraviensibus,
2027 1229 2098 1249 cum
2117 1230 2210 1256 super
2227 1230 2332 1257 recep-

1322 1267 1407 1294 tione
1436 1267 1573 1301 plurium
1617 1267 1798 1294 Italicorum
1827 1267 1955 1293 ecclesia
1983 1274 2090 1293 eorum
2119 1267 2159 1294 sit
2187 1269 2331 1301 gravata,

1322 1312 1463 1345 indulget
1497 1313 1532 1338 ut
1563 1312 1602 1338 ad
1634 1311 1845 1345 receptionem
1877 1311 1925 1337 vel
1957 1310 2167 1344 provisionem
2199 1311 2332 1345 alicujus

1322 1356 1353 1382 in
1383 1356 1450 1390 ipsa
1480 1356 1608 1383 ecclesia
1638 1363 1700 1382 non
1730 1355 1851 1389 possint
1882 1355 2036 1389 compelli,
2066 1362 2122 1382 nec
2151 1354 2264 1389 aliquis
2293 1356 2332 1383 de

1323 1400 1512 1428 canonicatu
1551 1400 1601 1426 vel
1640 1399 1820 1434 praebenda
1860 1399 2001 1433 eiusdem
2041 1399 2186 1426 ecclesiae
2226 1399 2332 1427 valeat

1322 1445 1470 1479 cuiquam
1496 1445 1660 1478 providere
1684 1452 1740 1478 per
1762 1444 1884 1471 litteras
1908 1444 1945 1471 Α.
1972 1443 2058 1471 Sedis
2083 1443 2132 1470 vel
2155 1443 2331 1478 legatorum

1321 1490 1419 1524 ipsius
1445 1489 1564 1523 absque
1589 1489 1715 1523 speciali
1740 1489 1892 1515 mandato
1919 1488 2006 1515 Sedis
2030 1487 2172 1521 ejusdem
2196 1488 2332 1516 faciente

1322 1534 1449 1569 plenam
1469 1534 1507 1560 de
1526 1533 1585 1560 hac
1605 1533 1800 1566 Indulgentia
1820 1532 2023 1559 mentionem.
2044 1532 2141 1565 (Rea.
2163 1532 2212 1564 25,
2231 1533 2252 1559 f.
2273 1532 2331 1560 205

1322 1582 1369 1611 v⁰,
1386 1586 1435 1605 an.
1454 1577 1491 1610 V,
1508 1585 1533 1604 c.
1553 1577 1634 1611 119.)

1371 1679 1382 1693 α
1420 1691 1438 1697 ..
1477 1665 1632 1707 episcopo
1668 1667 1695 1696 e!
1731 1664 1879 1706 capitulo
1915 1663 2206 1695 Moraviensibus.
2243 1664 2330 1696 Cum

1325 1719 1469 1750 ecclesia
1493 1722 1611 1749 vestra
1634 1737 1688 1749 —z
1714 1718 1796 1749 Dat.
1823 1717 1992 1758 Anagnie,
2018 1716 2177 1748 kalendis
2200 1717 2329 1755 martii,

1325 1782 1419 1803 anno
1446 1771 1582 1812 quinto.
1612 1784 1623 1799 ν,

1403 1939 1486 1966 2881
1858 1939 1992 1972 AnagnI,
2018 1939 2052 1965 15
2076 1939 2138 1966 mai
2162 1938 2248 1966 1259.

1363 1992 1569 2020 Thesaurario
1609 1993 1639 2018 et
1679 1992 1837 2018 canonicis
1877 1992 2095 2018 obtinentibus
2134 1992 2330 2026 praebendas

1322 2037 1531 2065 sacerdotales
1563 2036 1594 2062 in
1625 2036 1753 2063 ecclesia
1794 2036 1822 2063 S.
1865 2036 1973 2063 Amati
2006 2036 2187 2069 Duacensis‚
2216 2037 2331 2071 quibus

1323 2081 1485 2109 occasione
1505 2081 1672 2114 cujusdam
1691 2080 1806 2107 statuti
1826 2087 1888 2107 non
1908 2081 1980 2107 licet
2000 2082 2090 2108 extra
2108 2080 2215 2108 villam
2230 2081 2332 2108 Duaci

1322 2127 1405 2153 ultra
1432 2128 1495 2153 tres
1522 2125 1587 2152 dies
1614 2124 1781 2152 continuos
1807 2125 2005 2157 commorari,
2032 2124 2174 2158 indulget
2201 2127 2238 2152 ut
2264 2126 2329 2153 dies

1322 2170 1426 2198 exitus
1451 2171 1482 2197 et
1508 2169 1627 2197 reditus
1652 2169 1684 2196 in
1709 2169 1826 2196 eisdem
1851 2169 1953 2196 tribus
1979 2169 2089 2196 diebus
2114 2176 2177 2196 non
2202 2176 2331 2204 compu-

1322 2217 1440 2242 tentur.
1460 2214 1557 2248 (Bi-zo.
1576 2214 1625 2245 25,
1643 2213 1664 2240 f.
1683 2213 1741 2240 205
1759 2217 1806 2245 νῦ,
1825 2221 1874 2240 an.
1894 2213 1931 2245 V,
1949 2220 1974 2240 c.
1995 2213 2077 2247 120.)

1370 2317 1382 2332 ι(
1418 2330 1437 2336 ..
1475 2304 1684 2335 thesaurario
1720 2306 1747 2335 el
1782 2303 1956 2335 canonicis
1991 2303 2221 2335 obtinentibus
2255 2313 2330 2346 pre-

1327 2357 1450 2389 bendas
1476 2356 1694 2388 sacerdotales
1722 2357 1756 2388 in
1784 2356 1921 2388 ecclesia
1949 2356 2065 2388 Sancti
2093 2357 2210 2388 Amuli
2234 2357 2331 2388 Dua-

1328 2411 1448 2447 censis‚
1488 2409 1720 2442 Atrebatensis
1771 2409 1923 2441 diocesis.
1963 2410 2194 2450 Significastis
2231 2410 2332 2442 nobis

1326 2464 1421 2505 quod
1440 2482 1494 2494 m.
1514 2463 1597 2494 Dat.
1616 2462 1786 2504 Anagnie,
1806 2462 1922 2494 idibus
1940 2462 2033 2499 maii,
2053 2472 2145 2494 anno
2163 2462 2301 2504 quinto.
2321 2474 2333 2491 η

1401 2625 1491 2652 2882
1856 2625 1989 2659 Anagni‚
2013 2625 2050 2652 28
2074 2624 2136 2652 mai
2160 2624 2247 2651 1259.

1364 2679 1505 2706 Johanni
1538 2679 1575 2706 de
1608 2679 1711 2706 Ballat
1745 2680 1783 2706 de
1817 2679 1919 2711 Floro,
1952 2678 2073 2710 clerico,
2106 2677 2330 2705 tabellionatus

1325 2722 1467 2750 officium
1484 2723 1637 2750 concedit.
1656 2724 1753 2756 (Bm.
1772 2723 1820 2755 25,
1838 2723 1859 2750 f.
1878 2723 1947 2755 205,
1965 2730 2015 2750 an.
2033 2722 2071 2755 V,
2089 2729 2114 2749 c.
2134 2722 2216 2755 121.)

1372 2826 1383 2841 «
1413 2812 1569 2844 Johanni
1598 2812 1636 2844 de
1664 2812 1777 2843 Balla!
1805 2812 1843 2844 (le
1872 2811 1982 2848 Floro,
2012 2811 2128 2843 clerico
2157 2811 2192 2842 in
2221 2810 2332 2842 mino-

1327 2865 1423 2897 ribus
1451 2865 1631 2897 ordinibus
1659 2865 1846 2902 consliluto,
1870 2864 2156 2897 Claromonlensis
2176 2863 2330 2895 diocesis.

1327 2919 1379 2950 Ne
1424 2921 1675 2950 contractuum
1719 2918 1887 2949 memoria
1931 2936 1986 2948 —.
2032 2917 2115 2948 Dat.
2160 2915 2329 2957 Anagnie,

1327 2971 1357 3003 V
1385 2970 1455 3002 kal.
1484 2971 1584 3012 junii,
1615 2980 1708 3002 anno
1737 2970 1874 3013 quinto.
1905 2983 1917 2998 υ
