2477 3512
939 270 1212 317 CINQUIEME
1237 270 1404 308 ANNEE
2190 277 2227 308 19

113 384 272 416 «ciarum
302 394 361 416 seu
391 383 597 420 Vivifontis‚
632 383 790 424 ejusdem
819 382 960 419 ordinis,
991 382 1120 414 (latha—

113 436 319 468 «launensis
353 436 510 473 diocesis,
546 436 679 467 habens
713 436 923 467 mandatum
958 435 1001 466 ab
1037 434 1119 475 ipsis

113 489 304 531 «priorissa
333 492 366 520 et
397 491 575 520 conventu
605 489 638 519 in
668 488 732 519 1130
761 488 873 519 forma
904 498 910 518 :

764 595 799 621 21
823 594 924 627 juillet
950 593 1036 620 1258.

162 662 172 676 «
191 649 420 681 Sanctissimo
438 649 530 691 patri
549 659 587 680 30
606 648 748 680 domino
767 647 978 683 Alexandro,
998 646 1117 678 divina

115 715 127 730 «
144 702 368 744 providentia
387 704 610 733 sacrosancte
631 701 791 732 Romane
808 699 960 731 Ecclesie
979 709 1117 731 summo

111 755 317 791 «Pontifici,
365 764 462 786 soror
507 754 720 794 Margareta,
768 752 909 784 humilis
955 751 1118 794 priorissa

109 810 305 849 «totusque
332 809 529 838 conventus
556 806 795 837 Andeciarum
823 815 882 837 seu
911 804 1117 841 Vivisontis,

110 873 122 888 «
139 860 270 892 ordinis
291 860 411 892 Sancti
429 859 625 895 Benedicti,
647 858 940 891 Cathalaunensis
960 857 1117 895 diocesis,

108 913 368 945 «devotissima
409 913 539 954 pedum
581 911 699 944 oscula
741 912 927 943 beatorum
967 913 1001 942 et
1042 913 1117 942 tam

108 966 256 997 «debita
289 975 396 1007 quam
429 966 571 997 devota.
605 964 754 996 Noverit
785 966 904 995 vestra
938 963 1120 996 Sanctitas

109 1019 234 1060 «quod
269 1029 331 1050 nos
364 1018 615 1050 constituimus
647 1020 683 1049 et
716 1017 921 1049 ordinamus
954 1027 1121 1058 procura-

110 1075 249 1104 «torem
270 1074 441 1108 nostrum,
462 1071 636 1103 sindicum
657 1070 711 1102 vel
731 1073 889 1102 actorem
909 1069 1118 1110 magistrum

108 1138 119 1153 «
137 1125 336 1157 Guidonem
366 1125 501 1157 dictum
530 1125 571 1156 de
602 1124 733 1159 Remis,
764 1123 941 1159 clericum,
971 1123 1118 1155 latorem

112 1178 368 1220 «presentium,
398 1178 441 1209 ad
470 1178 658 1219 agendum,
688 1177 960 1213 defendendum,
990 1187 1120 1218 ponen-

112 1232 235 1268 «dum,
258 1232 555 1273 respondendum,
579 1231 839 1272 excipiendum,
864 1229 1118 1271 replicandum·

107 1284 402 1326 «impetrandum
444 1287 477 1316 et
520 1284 713 1325 jurandum
756 1284 797 1314 (le
839 1283 1041 1324 calumpnia
1084 1285 1119 1314 et

109 1338 178 1369 «de
218 1337 369 1369 veritate
409 1337 568 1374 dicenda,
610 1340 645 1368 et
686 1336 887 1368 faciendum
929 1335 1116 1377 cujuslibet

107 1390 269 1432 «generis
301 1390 546 1432 juramentum
580 1390 614 1421 in
649 1389 785 1421 animas
820 1391 968 1424 nostras,
1004 1391 1039 1419 et.
1072 1388 1115 1419 ad

108 1444 329 1485 «petendum
365 1443 628 1475 restitutionem
664 1443 698 1473 111
740 1442 916 1483 integrum
953 1441 1117 1483 quotiens

107 1496 264 1528 «viderit
290 1496 453 1538 expedire
472 1498 483 1517 1
511 1499 545 1527 et
589 1496 632 1527 ad
678 1494 940 1527 restitutionem
967 1494 1001 1525 in
1029 1494 1117 1525 inte-

106 1558 235 1591 «grum
261 1549 335 1590 jam
363 1551 500 1581 motam
528 1559 547 1580 a
575 1548 676 1580 nobis
703 1548 951 1590 peragendam,
981 1557 1116 1578 necnon

106 1605 169 1634 «et
198 1603 391 1644 petendum
420 1611 604 1644 expensas,
634 1604 667 1633 et
706 1601 945 1643 recipiendum
975 1600 1116 1632 easdem

109 1656 169 1687 «in
204 1658 320 1687 vestre
354 1655 449 1687 curia
485 1655 694 1687 Sanctitatis
728 1656 851 1686 contra
886 1663 1116 1695 quascunque

107 1718 301 1751 «personas
335 1711 409 1740 tani
441 1708 694 1740 ecclesiasticas
725 1717 833 1749 quain
866 1707 1048 1743 seculares,
1081 1709 1117 1738 et

108 1762 299 1804 «precipue
331 1764 454 1794 contra
486 1762 655 1793 abbatem
687 1764 721 1793 et
753 1763 969 1792 conventum
1001 1760 1117 1791 Molis-

107 1825 283 1852 «menses,
323 1815 455 1847 ordinis
495 1815 615 1847 Sancti
652 1814 847 1851 Benedicti,
887 1813 1117 1855 Lingonensis

107 1868 293 1905 «diocesis,
329 1868 363 1900 in
400 1878 506 1900 031153
542 1868 615 1900 sive
650 1867 685 1899 in
721 1867 838 1899 causis
871 1876 930 1898 seu
966 1865 1116 1907 negotiis

107 1935 119 1950 «
135 1931 203 1963 que
226 1923 417 1953 vertuntur
439 1921 532 1952 inter
556 1931 619 1952 nos
643 1930 686 1952 ex
710 1922 811 1962 parte
836 1929 917 1957 una,
942 1922 977 1951 et
1002 1919 1117 1951 dictos

107 1974 304 2006 «abbatem
339 1977 374 2006 et
409 1976 627 2006 conventum
663 1983 707 2005 ex
741 1973 864 2009 altera,
903 1975 978 2004 tarn
1013 1982 1118 2014 super

108 2027 372 2059 «declaratione
411 2027 587 2059 sententie
625 2026 708 2058 olim
746 2026 817 2058 late
857 2026 951 2067 apud
991 2025 1116 2057 Sedem

107 2093 119 2108 «
135 2080 378 2122 Apostolicam
400 2081 442 2112 de
464 2080 637 2112 mandato
659 2079 715 2121 pie
737 2078 992 2111 recordationis
1014 2078 1117 2110 Inno-

107 2133 241 2165 «centii
274 2133 403 2175 quarti,
438 2143 540 2175 pape,
574 2142 635 2174 per
667 2132 852 2164 dominum
892 2131 1113 2173 Stephanum

109 2186 264 2218 «Sancte
299 2186 408 2218 Marie
442 2185 698 2218 Transtiberim
735 2184 970 2227 presbiterum
1004 2185 1117 2216 cardi-

108 2252 119 2267 «
136 2239 262 2276 nalem,
291 2249 398 2281 quam
425 2249 531 2281 super
556 2238 783 2270 restitutione
810 2238 884 2269 sive
911 2247 1017 2269 causa
1047 2248 1116 2269 res-

107 2292 318 2324 «titutionis
351 2292 386 2323 in
420 2292 598 2333 integrum
631 2291 705 2333 jam
740 2293 837 2322 mota
872 2300 892 2322 a
927 2291 1038 2327 nobis,
1081 2293 1116 2322 et

110 2345 418 2377 «contradictione
451 2345 650 2377 litterarum
685 2354 773 2386 quas
805 2343 960 2375 intendit
993 2354 1117 2385 procu-

109 2401 234 2430 «rator
275 2398 451 2430 dictorum
493 2397 634 2429 abbatis
676 2400 711 2429 et
753 2399 951 2429 conventus
992 2399 1115 2429 contra

110 2461 202 2483 «nos
229 2451 419 2493 impetrare
446 2461 490 2482 ex
517 2453 617 2492 parte
645 2453 765 2482 nostra
794 2449 965 2492 oppositis
993 2453 1116 2481 contra

109 2504 305 2536 «abbatem
342 2506 378 2536 et
414 2506 630 2535 conventum
668 2503 903 2545 supradictos,
941 2505 976 2534 et
1013 2513 1118 2545 super

110 2570 122 2585 «
137 2557 301 2589 omnibus
322 2557 398 2589 aliis
418 2557 680 2598 emergentibus
701 2559 736 2588 et
757 2555 996 2588 incidentibus
1017 2565 1116 2588 oeca-

110 2610 233 2642 «sione
273 2610 512 2652 predictorum
552 2612 676 2641 contra
717 2609 830 2641 dictos
870 2609 1039 2640 abbatem
1079 2612 1114 2640 et

111 2666 355 2695 «conventum
393 2666 428 2694 et
466 2673 587 2694 omnes
624 2663 722 2699 alios,
762 2672 805 2693 ex
843 2664 944 2704 parte
982 2665 1115 2698 nostra,

112 2726 202 2748 «suo
240 2716 314 2748 loco
351 2719 388 2748 et
425 2719 584 2758 ternpore
621 2715 869 2758 proponendis,
908 2724 1043 2746 necnon
1081 2718 1117 2746 et

112 2769 215 2801 «aliis
236 2769 400 2801 omnibus
420 2769 686 2810 gravaminibus
706 2768 807 2800 nobis
827 2778 847 2799 a
868 2767 963 2799 dieto
985 2768 1118 2800 abbate

113 2822 247 2854 «illatis
277 2825 313 2854 et
343 2823 387 2854 ad
427 2822 692 2864 impetrandum
723 2820 955 2853 absolutionis
985 2821 1117 2852 benefi-

111 2875 232 2908 «cium
262 2876 305 2906 ad
335 2875 511 2907 cautelam
541 2885 602 2917 pro
632 2874 744 2911 nobis,
774 2874 802 2906 si
831 2883 969 2906 necesse
998 2874 1115 2911 fuerit,

142 2998 165 3019 1.
183 2997 244 3023 neg.
259 3004 266 3020 z
279 2998 395 3024 expedito.

1227 384 1287 413 «et
1315 382 1420 413 etiam
1449 391 1553 423 super
1578 391 1683 413 causa
1710 382 1898 413 amotionis
1925 385 2065 413 nostre..
2093 383 2225 414 decano

1227 434 1374 466 «Sancti
1409 434 1561 474 Quiriaci
1595 435 1636 466 de
1671 434 1825 465 Pruvino
1859 437 1894 465 et
1927 434 2002 475 ejus
2036 435 2174 475 collegis
2207 446 2226 467 a

1227 487 1341 519 «Sede
1374 487 1578 529 Apostolica
1612 487 1799 518 commissa
1832 487 1876 517 ad
1909 488 2057 518 eandem
2091 488 2226 523 Sedem,

1227 540 1427 571 «instructa
1461 540 1515 571 vel
1550 550 1618 571 non
1653 540 1838 575 instructa,
1872 539 2085 570 remittenda
2124 543 2229 581 prout

1227 593 1287 623 «in
1318 593 1444 624 litteris
1473 593 1658 634 papalibus
1687 595 1722 623 et
1752 592 1885 623 domini
1915 592 2098 628 Ottoboni,
2130 593 2228 623 audi-

1227 646 1350 682 «toris,
1387 646 1521 687 plenius
1555 645 1767 676 continetur.
1805 645 1939 676 Damus
1973 645 2080 675 etiam
2115 645 2227 676 eidem

1228 699 1435 740 «magistro,
1483 698 1702 740 procuratori
1751 700 1881 733 nostro,
1930 700 2146 739 potestatem
2194 701 2229 729 et

1228 751 1362 783 «etiam
1403 752 1614 783 mandatum
1654 750 1803 792 speciale
1843 750 2082 781 substituendi
2123 750 2230 782 alium

1227 807 1518 846 «procuratorem
1559 814 1618 835 seu
1660 806 1914 845 procuratores,
1958 803 2033 834 loco
2074 803 2127 834 sui
2167 814 2229 845 pro

1227 857 1355 888 «nobis
1381 857 1424 888 ad
1452 856 1609 898 predicta
1636 856 1808 892 facienda,
1837 856 2140 897 quotienscunque
2167 866 2228 888 vo-

1228 909 1358 941 «luerit
1386 912 1421 941 et
1449 910 1514 941 sibi
1543 909 1659 941 visum
1688 909 1794 940 fucrit
1821 909 1997 950 expedire,
2027 912 2169 950 gratum
2198 912 2233 941 et

1228 966 1372 995 «ratum
1407 962 1570 994 habiture
1605 962 1772 1004 quicquid
1807 972 1867 1003 per
1901 961 2036 993 dictum
2070 972 2234 1003 procura-

1228 1019 1368 1047 «torem
1411 1018 1571 1047 nostrum
1614 1025 1672 1046 scu
1717 1017 1981 1056 procuratorem
2023 1015 2067 1046 ab
2109 1016 2232 1047 eodem

1229 1069 1492 1101 «substitutum
1515 1071 1635 1100 actum
1659 1068 1762 1099 fuerit
1786 1078 1845 1099 seu
1873 1067 1980 1099 etiam
2004 1070 2232 1109 procuratum

1228 1136 1239 1149 «
1256 1122 1289 1153 in
1307 1124 1434 1158 vestre,
1454 1124 1492 1152 ut
1510 1121 1644 1153 dictum
1663 1124 1726 1157 cst,
1745 1120 1840 1152 curia
1859 1120 2078 1152 Sanctitatis.
2100 1120 2228 1154 Actum

1228 1177 1291 1206 «et
1324 1176 1448 1206 datum
1483 1185 1575 1206 anno
1611 1174 1752 1205 Domini
1787 1173 2011 1209 MCCLYIII,
2047 1173 2080 1204 111
2114 1174 2231 1215 vigilia

1229 1229 1358 1259 «beate
1384 1228 1491 1259 Marie
1517 1227 1736 1268 Magdalcne.
1761 1240 1773 1255 »

1274 1295 1284 1308 «
1321 1281 1366 1312 Et
1403 1291 1422 1312 a
1458 1280 1680 1312 sanctissimo
1716 1283 1816 1322 patre
1852 1280 1994 1311 domino
2031 1280 2231 1311 Alexandro

1228 1344 1348 1376 «papa
1386 1334 1471 1371 1111,
1509 1333 1716 1365 facultatem
1752 1343 1812 1374 per
1845 1333 1982 1364 litteras
2016 1332 2124 1374 ipsius
2163 1343 2231 1365 non

1228 1387 1417 1423 «abolitas,
1446 1397 1514 1418 non
1542 1389 1727 1428 corruptas
1755 1396 1816 1417 nec
1843 1386 1878 1417 in
1906 1385 2023 1427 aliqua
2050 1386 2103 1417 sui
2130 1389 2232 1427 parte

1228 1440 1401 1472 «vitiatas
1425 1442 1458 1471 et
1483 1449 1565 1470 vera
1592 1439 1686 1470 bulla
1728 1442 1762 1470 et
1804 1439 1939 1480 integro
1963 1439 2023 1470 filo
2044 1440 2054 1458 ¹
2079 1439 2233 1471 bullatas

1227 1494 1405 1525 «formam
1435 1492 1638 1534 hujusmodi
1668 1492 1891 1524 continentes
1921 1502 1927 1523 :

1658 1589 1792 1624 Anagni,
1817 1589 1853 1616 18
1876 1589 2039 1616 decembre
2063 1590 2149 1616 1258.

1273 1658 1285 1673 «
1319 1645 1519 1676 Alexander
1553 1644 1738 1686 episcopus
1771 1653 1903 1679 servus,
1939 1653 2121 1675 servorum
2156 1643 2232 1680 Dei,

1228 1698 1383 1730 «dilecto
1410 1697 1484 1729 filio
1512 1697 1680 1738 magistro
1710 1696 1874 1733 Guidoni,
1903 1696 2026 1728 clerico
2054 1696 2231 1733 Bemensi,

1228 1751 1406 1783 «salutem
1450 1753 1485 1782 et
1529 1750 1762 1792 apostolicam
1807 1749 2099 1781 benedictionem.
2145 1750 2232 1781 Cum

1227 1804 1382 1836 «dilecte
1411 1804 1446 1835 in
1478 1803 1615 1835 Christo
1646 1803 1742 1834 filie..
1774 1802 1938 1844 priorissa
1969 1805 2004 1833 et
2036 1805 2232 1834 conventus

1227 1857 1460 1889 «monasterii
1494 1856 1731 1888 Andeciarum
1767 1865 1825 1887 seu
1861 1855 2064 1892 Vivisontis,
2102 1855 2232 1887 ordinis

1228 1910 1377 1943 «Sancti
1415 1909 1612 1946 Benedicti,
1655 1908 1949 1941 Cathalaunensis
1991 1908 2149 1945 diocesis,
2199 1908 2234 1939 in

1228 1976 1240 1992 «
1255 1973 1361 1995 031153
1381 1973 1448 2005 que
1469 1963 1561 1994 inter
1579 1962 1674 2004 ipsas
1694 1972 1737 1993 ex
1757 1964 1858 2003 parte
1879 1971 1959 1998 una,
1981 1963 2040 1992 et..
2064 1961 2233 1993 abbatem

1227 2019 1291 2048 «et
1319 2018 1537 2048 conventum
1566 2014 1771 2047 monasterii
1800 2014 2043 2050 Molismensis‚
2074 2013 2233 2055 ejusdem

1227 2069 1396 2106 «ordinis,
1425 2068 1657 2111 Lingonensis
1696 2067 1852 2104 diocesis,
1881 2077 1985 2109 super
2011 2067 2231 2108 subjectione

1226 2126 1289 2155 «et
1321 2122 1396 2154 aliis
1429 2121 1588 2154 articulis
1620 2119 1739 2153 coram'
1771 2120 1898 2152 dilecto
1930 2120 2002 2151 filio
2036 2122 2155 2151 nostro
2189 2120 2230 2151 O.

1227 2176 1375 2209 «Sancti
1407 2175 1553 2207 Adriani
1585 2175 1733 2206 diacono
1765 2173 1945 2210 cardinali,
1979 2183 2083 2215 super
2115 2173 2178 2205 hoc
2211 2183 2231 2205 a

1227 2230 1356 2261 «nobis
1396 2229 1557 2260 auditore
1598 2238 1774 2264 concesso,
1820 2237 1863 2258 ex
1904 2227 2026 2263 altera,
2068 2226 2230 2263 vertitur,

1227 2286 1289 2315 «te
1330 2293 1432 2315 suum
1474 2282 1731 2314 constituentes
1773 2282 2047 2322 procuratorem,
2098 2278 2230 2311 nullam

1227 2350 1239 2365 «
1255 2337 1297 2369 de
1330 2335 1653 2378 compromittendo
1687 2336 1749 2366 aut
1782 2333 2026 2365 submittendo
2059 2335 2095 2364 te
2127 2342 2232 2374 super

1227 2390 1320 2421 «hiis
1339 2399 1459 2421 earum
1480 2388 1620 2420 nomine
1640 2387 1854 2419 ordinationi
1875 2389 1993 2418 nostre
2013 2385 2067 2417 vel
2087 2385 2231 2417 alterius

1227 2442 1466 2475 «tradiderint
1501 2444 1728 2484 potestatem,
1765 2443 1800 2471 et
1836 2443 1874 2471 tu
1910 2449 1950 2471 ac
1986 2442 2231 2481 procuratores

1227 2497 1493 2540 «predictorum
1539 2494 1681 2527 abbatis
1725 2496 1760 2525 et
1805 2495 2001 2525 conventus
2045 2493 2080 2524 in
2125 2502 2230 2524 causa

1228 2549 1459 2592 «hujusmodi
1484 2549 1655 2580 habentes
1679 2548 1723 2579 ab
1747 2547 1796 2579 eis
1819 2546 1998 2578 sufficiens
2023 2546 2064 2577 de
2088 2556 2229 2587 compo-

1228 2604 1370 2636 «nendo
1415 2603 1638 2638 mandatum,
1683 2601 1819 2632 bonum
1861 2599 2045 2631 concordie
2090 2599 2229 2640 utrique

1227 2657 1348 2700 «parti
1386 2655 1550 2698 expedire
1589 2655 1760 2691 videntes,
1801 2654 1835 2685 in
1875 2653 2073 2695 predictum
2114 2652 2153 2683 O.
2194 2654 2228 2682 et

1227 2711 1422 2743 «dilectum
1445 2709 1557 2740 filium
1580 2710 1740 2739 nostrum
1763 2707 1808 2738 H.
1832 2706 1926 2738 tituli
1950 2706 2077 2737 Sancte
2100 2705 2227 2737 Sabine

1227 2763 1488 2807 «presbiterum
1525 2761 1729 2797 cardinales,
1766 2759 2053 2801 compromittere
2090 2761 2124 2789 et
2164 2767 2227 2789 vos

1226 2817 1446 2849 «earundem
1482 2815 1638 2857 partium
1675 2813 1815 2845 nomine
1850 2813 1988 2844 illorum
2024 2821 2127 2853 super
2162 2810 2227 2842 11115

1226 2869 1466 2902 «ordinationi
1490 2868 1698 2900 submittere
1723 2866 1939 2908 proponatis,
1965 2875 2027 2896 nos
2053 2864 2120 2895 tuis
2144 2873 2227 2905 sup-

1257 2994 1278 3014 1.
1298 2994 1358 3018 Rea.
1373 2999 1379 3014 ε
1393 2993 1453 3014 mlo,
