2477 3512
179 257 236 288 778
889 250 1146 284 REGISTRES
1168 249 1504 283 D’ALEXANDRE
1525 249 1573 282 Iv

259 363 349 389 2⁴96
734 360 871 392 Viterbe,
884 360 900 386 7
911 367 994 386 mars
1016 359 1100 386 1258.

221 412 385 446 Aymerico
411 411 538 437 Roderii
563 410 600 436 de
618 409 694 436 villa
720 410 747 436 S.
775 408 915 439 juniani,
941 408 1049 434 clerico
1076 407 1184 434 Lemo-

181 453 312 479 vicensis
335 450 475 481 diocesis,
500 449 722 476 tabellionatus
745 448 886 475 officium
910 448 1062 474 concedit.
1087 447 1183 479 (Rea.

182 492 230 523 25,
255 492 275 518 s.
304 491 369 522 127,
394 498 442 516 an.
472 489 523 520 IV,
548 497 572 515 c.
599 489 659 521 76.)

224 589 234 602 «
255 575 418 614 Aymerico
439 575 565 604 Roderii
587 574 622 603 de
643 574 716 603 villa
739 574 845 604 Sancti
867 573 1016 607 Juniani,
1033 572 1138 602 clerico
1154 571 1185 601 in

181 629 357 659 minoribus
389 627 553 658 ordinibus
586 627 756 661 constituto,
790 626 1015 656 Lemovicensis
1047 625 1187 655 diocesis.

182 683 231 712 Ne
266 684 491 711 contractuum
527 680 680 710 memoria
716 698 765 709 -.
803 680 878 709 Dat.
914 678 1060 713 viterbii,
1097 679 1188 708 nonis

181 735 300 769 martii,
335 743 420 764 anno
454 736 580 773 quarto.
616 745 628 760 ›-

263 966 353 992 2497
707 965 844 997 Viterbe,
857 965 874 990 5
885 964 998 990 sevrier
1021 963 1105 990 1258.

226 1014 364 1042 Johanni
396 1014 524 1047 Pelagii,
555 1014 667 1040 rectori
698 1013 843 1040 ecelesiae
883 1012 911 1039 S.
952 1012 1114 1038 Laurentii
1152 1012 1189 1037 de

184 1054 301 1086 Penna,
326 1055 365 1081 ad
389 1054 651 1088 supplicationem
675 1053 812 1086 episcopi
836 1052 1004 1083 Auriensis,
1029 1052 1189 1085 dispensat

184 1096 229 1125 ut,
252 1096 375 1128 praeter
396 1094 558 1120 ecclesiam
580 1093 607 1120 S.
632 1093 794 1119 Laurentii
816 1093 853 1118 de
883 1092 999 1123 penna,
1030 1091 1190 1117 Auriensis

183 1134 323 1165 diocesis,
358 1141 464 1160 curam
507 1133 682 1159 animarum
716 1132 896 1163 habentem,
931 1131 1029 1165 possit
1064 1131 1190 1157 unicum

183 1173 371 1200 heneficium
403 1173 646 1199 ecclesiasticum
677 1173 880 1206 personatum
910 1171 960 1197 vel
991 1171 1190 1203 dignitatem,

182 1213 280 1239 etiam
303 1213 329 1239 si
352 1213 485 1239 similem
510 1219 615 1239 curam
640 1212 766 1243 habeat,
790 1212 932 1241 retinere,
957 1218 1020 1236 non
1043 1210 1190 1236 obstante

183 1253 261 1279 sacri
280 1252 404 1279 concilii
422 1252 658 1283 constitutione,
679 1261 690 1275 a
709 1253 739 1277 et
757 1251 810 1277 illa
829 1258 925 1284 quam
945 1250 1024 1276 bone
1043 1250 1191 1276 memorie

184 1292 224 1323 J.‚
270 1292 450 1318 Sabinensis
491 1292 665 1325 episcopus,
708 1293 784 1317 tunc
821 1291 851 1317 in
896 1290 1049 1323 Hispanie
1095 1289 1192 1323 parti-

183 1332 241 1358 bus
268 1332 447 1365 Apostolice
477 1331 563 1358 Sedis
591 1332 721 1364 legatus,
751 1332 859 1357 contra
887 1330 1066 1356 obtinentes
1102 1329 1191 1363 plura

182 1372 335 1398 beneficia
354 1371 562 1402 ecclesiastica
583 1371 699 1397 dicitur
718 1370 860 1397 edidisse.
883 1380 893 1393 n
913 1369 1008 1402 (Rae.
1030 1368 1078 1401 25,
1099 1368 1191 1400 f.124‚

182 1418 231 1438 an.
262 1411 313 1443 IV,
339 1419 362 1438 c.
391 1411 451 1444 77.)

224 1520 235 1535 ι(
267 1509 409 1538 Johanni
441 1508 575 1547 Pelaqii,
600 1508 705 1537 rectori
738 1508 858 1537 ecclesie
892 1507 998 1537 Sancti
1028 1506 1192 1536 Laurentii

182 1562 218 1591 de
233 1562 330 1591 Poma
358 1562 440 1599 (sic),
458 1561 626 1591 Auriensis
640 1561 781 1590 diocesis.
799 1561 888 1590 Licet
904 1570 943 1590 ne
960 1561 1031 1599 quis
1047 1578 1097 1589 —-.
1114 1560 1191 1589 Dat.

183 1615 329 1649 viterbii,
356 1615 447 1644 nonis
473 1614 635 1648 februarii,
662 1623 746 1644 anno
773 1617 899 1653 quarto.
926 1625 938 1640 u

267 1833 357 1859 2⁴98
755 1832 883 1865 Latran,
896 1833 930 1859 11
945 1833 1007 1859 mai
1024 1833 1109 1860 1257.

229 1882 379 1916 Magistro
413 1882 564 1913 Jordan0‚
599 1881 791 1908 subdiacono
824 1883 855 1907 et
888 1882 1011 1908 notario
1045 1889 1110 1913 su0‚
1146 1882 1196 1908 cui

189 1922 288 1948 abbas
307 1924 338 1948 et
357 1923 530 1948 conventus
550 1921 731 1947 monasterii
751 1921 779 1948 S.
802 1921 917 1947 Mariae
932 1921 969 1947 de
989 1921 1094 1948 Gloria
1112 1922 1196 1948 Ana-

190 1962 286 1995 gnini,
315 1961 530 1988 molendinum
559 1961 679 1987 dictum
710 1961 747 1987 de
775 1961 933 1993 Janitelle,
962 1961 994 1987 in
1022 1961 1196 1988 tenimento

189 2001 283 2028 castri
301 2001 411 2034 Aquae
429 2000 588 2032 Putridae,
608 2003 752 2034 spectans
770 2001 810 2027 ad
828 2000 1007 2027 Romanam
1025 2000 1197 2027 Ecclesiam

190 2043 223 2067 et
238 2041 323 2074 quod
340 2048 378 2067 ex
404 2041 485 2067 dono
511 2040 651 2074 Gregorii
676 2047 776 2074 papae
804 2040 850 2066 IX
876 2040 1046 2072 habebant,
1071 2041 1199 2067 licentia

190 2081 274 2114 prius
299 2081 430 2107 obtenta
453 2080 670 2111 vendiderant,
695 2080 776 2106 hanc
800 2081 1001 2106 donationem
1021 2081 1197 2107 confirmat.

190 2120 286 2153 (REG.
305 2120 352 2152 25,
369 2120 389 2146 f.
408 2120 475 2152 127,
492 2128 516 2146 c.
534 2120 581 2151 78,
598 2127 647 2146 an.
682 2120 720 2151 V,
737 2120 908 2146 POTTHAST
927 2120 1045 2153 16841.)

235 2229 246 2244 α
279 2218 436 2255 Maqistro
468 2218 619 2252 Jordano,
654 2218 843 2247 subdiacono
877 2220 903 2247 et
935 2218 1055 2248 notario
1088 2220 1200 2247 nostro.

236 2271 499 2309 Supplicantibus
511 2271 585 2300 olim
599 2271 722 2300 dilectis
733 2270 840 2304 filiis..‚
865 2271 984 2300 abbate
995 2274 1027 2300 et
1039 2274 1201 2300 conventu

195 2324 381 2353 monasterii
414 2324 529 2353 Sancte
560 2323 660 2353 Marie
693 2324 731 2352 de
763 2323 869 2353 Gloria
901 2324 1072 2363 Anagnini,
1104 2324 1203 2353 felicis

194 2376 422 2406 recordationis
441 2376 637 2410 Innocentio,
657 2385 739 2414 pape
762 2376 829 2405 IIII
852 2377 1063 2415 predecessori
1083 2380 1203 2412 nostro,

196 2431 243 2462 ut,
271 2438 344 2458 cum
372 2430 432 2467 ipsi
459 2432 568 2463 terras,
596 2429 819 2467 possessiones,
846 2430 1018 2464 arnarium,
1046 2431 1157 2460 domos
1172 2434 1204 2460 et

198 2482 417 2511 molendinum
443 2483 624 2520 spectantia
650 2482 691 2511 ad
717 2482 883 2511 ecclesiam
910 2483 1018 2512 Sancti
1045 2483 1204 2513 ,Iohannis

196 2534 227 2563 in
250 2534 456 2568 Pedemonte,
486 2535 581 2564 castri
603 2535 784 2569 Sarmineti,
805 2535 1038 2564 Terracinensis
1058 2536 1202 2571 diocesis,

197 2588 238 2616 ad
260 2587 365 2625 ipsum
388 2587 618 2616 monasterium
641 2597 713 2616 cum
737 2587 886 2617 omnibus
906 2588 1031 2626 juribus
1053 2592 1085 2618 et
1108 2589 1204 2627 perti-

198 2640 314 2669 nentiis
336 2640 401 2669 suis
424 2642 636 2678 spectantem,
659 2649 696 2669 ac
718 2643 820 2670 terras
843 2643 875 2669 et
897 2642 1110 2679 possessiones
1134 2642 1204 2671 hos-

198 2692 305 2730 pitalis
320 2693 418 2731 ipsius
433 2693 572 2726 ecclesie,
588 2693 674 2731 quod
690 2693 733 2722 ibi
748 2702 815 2722 esse
830 2697 1050 2728 consueverat,
1062 2697 1095 2723 et
1103 2695 1203 2733 quod-

197 2745 271 2774 dam
301 2746 387 2775 aliud
418 2745 637 2775 molendinum
668 2746 753 2784 quod
784 2746 901 2775 dicitur
931 2747 969 2776 de
990 2747 1150 2781 Janitelle,
1171 2747 1203 2776 in

197 2798 374 2827 tenimento
398 2798 494 2828 castri
509 2799 600 2837 Aque
616 2798 758 2832 Putride,
775 2802 923 2837 spectans
938 2799 1013 2828 olim
1028 2800 1068 2829 ad
1085 2800 1203 2830 Roma-

197 2859 271 2879 nam
295 2851 480 2885 Ecclesiam,
504 2860 544 2880 ex
568 2851 651 2880 dono
674 2851 773 2881 felicis
796 2852 1026 2882 recordationis
1049 2853 1201 2891 Gregorii,

196 2912 278 2941 pape
294 2904 405 2938 VIIII,
421 2904 650 2942 predecessoris
667 2904 778 2938 nostri,
795 2905 962 2940 haberent,
979 2907 1201 2936 commutandi

194 2956 379 2994 hujusmodi
412 2960 523 2989 terras,
558 2957 781 2995 possessiones,
820 2958 993 2992 arnarium,
1023 2959 1134 2988 domos
1168 2962 1200 2988 et

1291 355 1474 385 molendina
1489 355 1520 385 in
1535 355 1613 385 alias
1629 357 1729 385 terras
1743 355 1794 384 vel
1810 355 2022 394 possessiones
2037 355 2178 385 utiliores
2191 354 2295 384 eidem

1291 408 1496 442 monasterio,
1528 408 1579 437 vel
1611 408 1772 437 vendendi
1804 407 1948 446 predicta
1981 408 2098 442 omnia,
2130 407 2176 438 ita
2209 407 2296 446 quod

1292 470 1401 490 eorum
1425 461 1564 499 pretium
1586 461 1618 490 in
1640 460 1816 490 utilitatem
1838 460 1937 499 ipsius
1959 460 2144 490 monasterii
2166 469 2297 490 conver-

1293 516 1423 548 teretur,
1459 513 1622 543 licentiam
1658 513 1830 543 concedere
1865 515 1992 542 curaret
2026 513 2156 547 eisdem,
2193 513 2298 543 dictus

1296 566 1501 596 Innocentius
1530 567 1732 605 predecessor
1760 566 1851 595 nobis
1879 568 1958 595 tunc
1987 566 2018 595 in
2047 566 2163 596 minori
2190 565 2298 596 officio

1293 619 1488 653 constitutis,
1511 619 1575 648 suis
1596 619 1656 648 sub
1677 622 1764 648 certa
1786 618 1888 648 forma
1910 619 1999 648 dedit
2020 618 2135 648 litteris
2156 618 2188 648 in
2209 626 2300 648 man-

1294 672 1378 702 datis
1400 674 1437 701 ut
1459 672 1535 710 ipsis
1558 672 1743 710 hujusmodi
1765 671 1928 701 licentiam
1950 671 2126 710 apostolica
2149 671 2300 701 concede-

1294 734 1399 754 remus
1418 725 1623 758 auctoritate,
1643 725 1669 754 si
1688 724 1837 763 expedire
1857 724 1992 754 utilitati
2011 724 2155 763 ejusdem
2174 732 2302 754 monas-

1295 778 1366 807 terii
1381 778 1572 807 videremus.
1586 778 1651 807 Nos
1660 780 1779 811 autem,
1798 777 2005 816 inquisitione
2020 786 2058 807 ac
2073 776 2302 807 deliberatione

1294 840 1389 869 super
1407 831 1467 860 hiis
1485 831 1595 860 habita
1615 831 1769 869 diligenti,
1789 830 1863 869 quia
1874 830 1996 869 liquido
2014 830 2222 869 cognovimus
2239 829 2302 859 uti-

1296 883 1380 913 litati
1390 883 1489 922 ipsius
1500 884 1685 913 monasterii
1696 883 1870 922 plurimum
1884 883 2044 922 expedire,
2059 883 2100 912 ad
2115 881 2303 922 requisi1ti1-

1296 945 1390 966 onem
1410 939 1442 966 et
1463 936 1652 966 instantiam
1674 936 1890 975 predictorum
1911 935 2039 965 abbatis
2059 938 2092 965 et
2112 937 2301 969 conventus.

1296 989 1491 1019 auctoritate
1515 989 1606 1019 nobis
1629 998 1724 1028 super
1747 990 1806 1019 hoc
1830 998 1886 1028 per
1908 989 2069 1027 predictas
2091 988 2216 1018 litteras
2238 990 2304 1018 tra-

1297 1042 1376 1076 dita,
1394 1042 1567 1071 tribuimus
1585 1044 1617 1071 et
1634 1042 1848 1072 concessimus
1864 1042 2028 1071 licentiam
2046 1041 2165 1071 eisdem
2191 1041 2304 1071 abbati

1297 1098 1330 1124 et
1346 1095 1519 1124 conventui
1537 1095 1759 1124 commutandi
1776 1095 1919 1133 predicta
1936 1095 2043 1124 omnia
2060 1095 2091 1123 in
2108 1094 2186 1124 alias
2203 1096 2304 1124 terras

1298 1148 1347 1177 vel
1362 1148 1576 1186 possessiones
1589 1148 1731 1177 utiliores
1745 1147 1847 1177 eidem
1861 1147 2066 1181 monasterio,
2080 1147 2131 1176 vel
2143 1146 2304 1176 vendendi

1298 1210 1334 1230 ea
1356 1201 1416 1230 tibi
1437 1210 1494 1239 pro
1516 1203 1602 1230 certa
1624 1201 1757 1239 pecunie
1779 1201 1965 1239 quantitate
1985 1209 2058 1230 cum
2079 1200 2160 1230 alius
2180 1200 2231 1229 vel
2251 1199 2305 1229 alii

1300 1263 1362 1283 non
1378 1254 1609 1288 invenirentur,
1637 1253 1876 1292 sollempnitate
1891 1253 2044 1292 premissa
2061 1262 2122 1292 que
2137 1253 2170 1282 in
2185 1252 2305 1282 talibus

1298 1307 1446 1345 exigitur,
1474 1307 1529 1345 qui
1556 1309 1686 1336 tantum
1712 1306 1851 1345 pretium
1878 1315 1936 1344 pro
1970 1306 2130 1344 premissis
2157 1305 2306 1335 omnibus

1299 1359 1418 1389 vellent
1442 1360 1528 1394 dare,
1554 1360 1598 1389 ita
1624 1360 1710 1399 quod
1735 1359 1921 1397 hujusmodi
1944 1359 2084 1397 pretium
2108 1359 2140 1388 in
2164 1358 2306 1388 utilitate

1300 1413 1486 1442 monasterii
1505 1415 1747 1442 converteretur
1765 1413 1920 1450 eJusdem.
1934 1412 2104 1441 Memorati
2116 1420 2193 1441 vero
2205 1411 2306 1441 abbas

1300 1468 1332 1495 et
1353 1468 1542 1499 conventus,
1565 1465 1750 1504 hujusmodi
1771 1474 1788 1495 a
1811 1465 1902 1494 nobis
1923 1465 2057 1494 obtenta
2078 1464 2217 1498 licentia.
2238 1473 2307 1503 pre-

1301 1518 1406 1548 fatum
1427 1519 1647 1548 molendinum
1669 1518 1756 1557 quod
1778 1518 1896 1547 dicitur
1924 1518 1962 1547 de
1995 1518 2146 1547 Janitelle
2167 1519 2200 1547 et
2220 1517 2307 1556 quod

1301 1571 1331 1600 in
1358 1571 1537 1601 tenimento
1563 1571 1699 1610 predicti
1733 1571 1829 1601 castri
1855 1572 1947 1610 Aque
1982 1571 2124 1604 Putride.
2158 1572 2309 1608 spectans

1300 1625 1375 1653 olim
1396 1625 1436 1653 ad
1458 1625 1640 1654 Romanam
1651 1624 1827 1654 Ecclesiam
1847 1633 1887 1653 ex
1907 1624 1992 1653 dono
2011 1623 2147 1662 predicti
2167 1623 2309 1662 Gregorii

1300 1677 1531 1715 predecessoris
1552 1677 1717 1707 habebant
1744 1679 1842 1715 prout
1860 1677 2007 1715 superius
2029 1679 2079 1706 est
2111 1684 2308 1714 expressum.

1300 1739 1372 1759 cum
1393 1730 1506 1759 ceteris
1525 1730 1697 1769 premissis,
1717 1730 1777 1759 tibi
1796 1730 1925 1768 tuisque
1944 1729 2114 1759 heredibus
2145 1738 2202 1768 pro
2221 1730 2308 1759 certa

1300 1782 1485 1822 quantitate
1513 1783 1645 1821 pecunie
1673 1783 1900 1816 vendiderunt,
1928 1783 2011 1812 sicut
2034 1782 2067 1811 in
2094 1782 2310 1812 instrumento

1300 1836 1429 1874 publico
1447 1836 1594 1865 confecto
1612 1836 1727 1866 exinde
1761 1836 1886 1874 plenius
1904 1835 2125 1874 perspeximus
2143 1834 2309 1864 contineri.

1301 1889 1367 1918 Nos
1389 1889 1496 1927 igitur,
1518 1889 1583 1918 tuis
1606 1888 2066 1928 supplicationibusinclinati,
2089 1887 2310 1917 venditionem

1302 1942 1487 1980 hujusmodi
1514 1944 1619 1971 ratam
1648 1942 1805 1971 habentes
1833 1944 1866 1971 et
1893 1943 2031 1980 gratam,
2060 1950 2097 1970 ac
2124 1940 2311 1979 supplentes

1302 2004 1430 2024 omnem
1452 1994 1624 2029 defectum,
1646 1995 1672 2024 si
1694 1995 1765 2034 quis
1787 2004 1826 2024 ex
1848 2003 2052 2033 quacumque
2074 1993 2239 2023 occasione
2259 1993 2310 2023 vel

1303 2057 1398 2077 causa
1414 2048 1446 2077 in
1463 2048 1515 2077 illa
1531 2048 1652 2081 extitit,
1669 2048 1707 2077 de
1723 2047 1897 2086 apostolice
1913 2046 2112 2085 plenitudine
2128 2046 2311 2085 potestatis.

1303 2110 1374 2130 eam
1398 2101 1436 2130 de
1459 2100 1597 2130 fratrum
1621 2103 1803 2130 nostrorum
1827 2100 1958 2129 consilio
1981 2102 2015 2129 et
2037 2108 2178 2133 assensu,
2202 2101 2313 2129 aucto-

1304 2154 1400 2183 ritate
1421 2154 1597 2192 apostolica
1618 2163 1658 2183 ex
1679 2156 1765 2182 certa
1786 2153 1919 2183 scientia
1941 2153 2170 2182 confirmamus
2190 2154 2223 2182 et
2243 2160 2314 2190 pre-

1305 2207 1404 2236 sentis
1429 2207 1586 2245 scripture
1612 2206 1790 2245 patrocinio
1817 2206 2064 2239 communimus,
2091 2206 2136 2234 ita
2163 2205 2250 2244 quod
2275 2207 2312 2234 tu

1305 2262 1338 2289 et
1362 2259 1458 2288 iidem
1485 2260 1615 2289 heredes
1647 2259 1828 2297 predictum
1854 2259 2072 2288 molendinum
2099 2259 2138 2288 de
2162 2257 2314 2288 Janitelle

1306 2322 1363 2351 pro
1387 2322 1450 2351 quo
1475 2312 1637 2350 prefatum
1661 2312 1894 2341 monasterium
1919 2311 2041 2341 nullum
2066 2320 2155 2341 rocce
2179 2310 2315 2349 predicti

1305 2365 1403 2395 castri
1443 2365 1494 2394 vel
1528 2365 1588 2403 ipsi
1622 2365 1768 2394 Romane
1804 2365 1942 2394 Ecelesie
1974 2364 2115 2394 faciebat
2148 2363 2315 2393 servitium

1307 2428 1364 2448 nec
1383 2418 1415 2447 in
1435 2418 1543 2456 aliquo
1563 2418 1745 2451 tenebatur,
1767 2426 1839 2446 cum
1859 2426 1895 2446 ea
1916 2417 2064 2446 libertate
2085 2419 2240 2455 perpetuo
2259 2416 2316 2446 ha-

1307 2471 1422 2505 beatis,
1444 2471 1582 2500 teneatis
1604 2473 1636 2499 et
1658 2470 1849 2509 possideatis
1882 2479 1954 2499 cum
1976 2479 2039 2509 qua
2061 2470 2138 2499 illud
2160 2469 2313 2503 habebat,

1308 2525 1441 2553 tenebat
1463 2526 1496 2553 et
1518 2523 1704 2562 possidebat
1726 2523 1957 2552 monasterium
1979 2525 2205 2552 memoratum.
2229 2522 2315 2552 Nulli

1310 2580 1417 2606 nostre
1450 2576 1705 2606 confirmationis
1745 2578 1777 2604 et
1797 2576 2008 2614 suppletionis
2029 2579 2089 2605 etc.
2122 2575 2199 2609 Dat,
2220 2575 2316 2604 Late-

1310 2630 1378 2658 rani
1412 2639 1468 2668 per
1499 2638 1631 2658 manum
1664 2629 1808 2666 magistri
1842 2629 1991 2663 Rolandi,
2015 2629 2131 2658 Sancte
2171 2628 2316 2658 Romane

1310 2682 1448 2711 Ecclesie
1484 2682 1744 2715 vicecancellarii,
1780 2681 1808 2710 V
1836 2682 1898 2710 kal.
1927 2681 2013 2715 maii,
2042 2681 2215 2710 indictione
2243 2680 2316 2715 XV,

1312 2735 1546 2765 Incarnationis
1563 2734 1720 2764 dominice
1736 2743 1822 2763 anno
1837 2734 1887 2763 Mo
1903 2734 1967 2763 CC⁰
1982 2734 2091 2763 LVII0
2106 2733 2316 2772 pontificatus

1308 2797 1384 2817 vero
1413 2787 1510 2816 donni
1538 2788 1608 2825 (sic)
1635 2787 1809 2816 Alexandri
1849 2796 1930 2825 pape
1961 2786 2039 2816 1111.
2067 2795 2152 2816 anno
2179 2786 2286 2816 tertio.
2306 2797 2320 2812 ι
