2477 3512
213 261 256 296 58
910 259 1179 293 REGISTRES
1204 257 1556 292 D'ALEXANDRE
1585 257 1633 290 IV

214 369 332 400 valeat
369 378 430 410 per
467 368 603 399 litteras
642 366 854 408 apostolicas
896 375 963 407 que
1002 365 1143 407 plenam
1181 368 1216 397 et

213 431 413 463 expressam
456 431 524 452 non
566 420 711 452 fecerint
751 420 793 450 de
834 419 971 450 indulto
1013 418 1215 459 hujusmodi

214 475 440 509 mentionem.
472 477 535 505 aut
566 473 721 515 qualibet
753 473 819 503 alia
853 472 944 503 dicte
977 472 1073 503 Sedis
1105 471 1218 502 indul-

213 528 329 569 gentia
357 537 418 569 per
439 537 545 568 quam
569 526 718 557 effectus
741 525 955 566 presentium
979 524 1139 565 impediri
1164 523 1217 555 vel

214 581 345 612 differri
369 580 486 612 valeat
510 582 541 610 et
568 580 609 610 de
634 588 702 620 qua
728 579 759 609 in
786 578 912 609 nostris
935 577 1060 608 litteris
1085 577 1217 608 mentio

215 634 287 666 fieri
325 633 451 664 debeat
488 631 658 674 specialis,
696 631 768 662 sive
805 634 942 662 statuto
980 631 1074 672 quod
1112 630 1216 661 iidem

214 687 367 718 decanus
403 689 438 717 et
473 685 669 726 capitulum
707 684 833 715 habere
870 684 1037 715 dicuntur
1073 686 1109 714 ut
1149 692 1217 713 non

215 743 403 772 teneantur
436 739 587 780 recipere
622 738 774 779 aliquem
810 737 1021 769 beneficium
1055 736 1218 767 obtinen-

214 796 297 829 tem,
337 792 614 824 contradictores
651 794 717 822 etc.
758 791 830 821 Nos
867 790 959 822 enim
999 789 1219 821 decernimus

213 847 351 878 irritum
376 848 412 877 et
436 845 539 876 inane
564 845 590 876 si
617 854 715 876 secus
741 844 782 875 de
810 843 986 885 prebenda
1014 841 1218 884 hujusmodi

211 909 231 932 a
252 908 433 941 quoquam
453 898 641 939 contigerit
661 896 881 938 attemptari.
904 896 1076 927 Volumus
1096 897 1217 926 tamen

212 953 307 994 quod
333 962 394 994 per
418 950 621 992 hujusmodi
646 950 784 982 litteras
810 949 937 981 dilecto
963 948 1036 980 silio
1061 947 1219 979 Jolianni

213 1007 254 1037 de
283 1005 456 1046 Anagnia,
486 1003 648 1045 scriptori
678 1005 809 1038 nostro,
842 1012 902 1043 pro
933 1012 1001 1043 quo
1030 1002 1064 1032 in
1095 1001 1218 1032 cadem

212 1058 355 1090 ccclesia
387 1057 578 1089 direximus
608 1056 739 1097 scripta
772 1058 902 1092 nostra,
937 1055 1071 1086 nullum
1104 1054 1219 1096 preju-

213 1111 343 1143 dicium
367 1113 562 1151 generetur,
589 1119 693 1150 quem
718 1109 831 1140 eidem
857 1108 1024 1149 magistro
1051 1107 1219 1138 Gervasio

212 1164 247 1196 in
277 1164 496 1196 assecutione
526 1162 702 1204 prebende
732 1161 766 1193 in
795 1161 871 1203 ipsa
901 1161 1046 1192 ecclesia
1076 1160 1219 1191 omnino

212 1217 377 1249 volumus
396 1215 573 1249 anteferri.
596 1215 678 1247 Dat.
700 1214 871 1256 Anagnie,
893 1214 1007 1245 XIIII
1028 1213 1096 1245 kal.
1117 1213 1218 1254 junii,

213 1280 306 1303 anno
330 1270 467 1312 quinto.
493 1281 505 1298 »

292 1438 381 1464 2940
652 1437 785 1471 thiagni,
810 1437 827 1463 3
850 1437 1027 1471 septembre
1051 1436 1138 1463 1259.

253 1492 420 1525 Episcopo,
438 1492 556 1518 decano
575 1493 605 1517 et
623 1491 762 1524 capitulo
780 1490 1070 1524 Engolismensibus
1088 1489 1220 1516 mandat

213 1538 247 1563 ut
273 1536 511 1569 Ramnulphum
537 1535 573 1562 de
603 1535 716 1567 Insula,
741 1535 965 1562 subdiaconem
988 1533 1220 1561 Xanctonensis

213 1581 352 1611 diocesis,
367 1580 399 1606 in
414 1580 578 1606 canoniam
595 1580 746 1613 recipiant
761 1580 850 1613 eique
866 1580 903 1606 de
919 1580 1024 1613 aliqua
1039 1578 1218 1612 praebenda

212 1624 410 1658 provideant.
430 1624 527 1657 (Rea.
548 1624 596 1656 25,
615 1624 636 1650 f.
657 1624 725 1655 217,
745 1631 794 1651 an.
816 1624 852 1655 V,
872 1631 896 1650 c.
919 1624 999 1656 174.)

258 1726 271 1743 «
287 1739 307 1746 ..
324 1715 515 1756 episcopm..
533 1715 656 1746 decano
673 1717 700 1746 et
717 1714 865 1756 capitulo
883 1713 1216 1755 Enqolismensibus.

214 1768 378 1800 Volentes
402 1768 529 1800 dilecto
553 1768 624 1800 silio
648 1787 701 1799 ἡ.
727 1769 808 1799 Dat.
834 1768 1002 1808 Anagnie,
1031 1767 1084 1798 III
1109 1776 1219 1798 nonas

212 1821 431 1862 septembris
456 1831 548 1852 anno
573 1821 709 1862 quinto.
736 1834 747 1848 υ

292 1999 374 2025 2941
630 2000 764 2033 Anagni,
787 2000 825 2026 22
848 2001 1025 2033 septembre
1050 2000 1136 2027 1259.

254 2052 402 2085 Magistro
422 2052 601 2086 Radulpho,
620 2053 731 2079 rectori
749 2053 894 2080 ecclesiae
912 2054 950 2079 de
968 2053 1160 2084 Loemaban‚
1179 2053 1219 2079 ad

214 2096 356 2128 Roberti,
382 2096 624 2123 Dumblanensis
649 2097 748 2129 electi,
773 2098 912 2130 germani
934 2097 993 2129 sui,
1017 2097 1219 2131 supplicatio-

215 2148 284 2167 nem
302 2141 441 2173 indulget
458 2142 504 2171 ut,
522 2142 645 2174 praeter
661 2141 779 2167 dictam
795 2141 956 2168 ecclesiam
973 2142 1010 2167 de
1028 2142 1219 2173 Locmaban,

214 2192 320 2212 curam
349 2185 524 2211 animarum
554 2185 734 2215 habentem,
763 2186 890 2211 unicum
919 2186 1003 2212 aliud
1032 2186 1221 2212 beneficium

216 2236 286 2255 cum
302 2229 393 2255 simili
408 2236 480 2255 cura
496 2229 526 2254 in
542 2235 635 2262 regno
651 2229 772 2255 Scotiac.
787 2230 920 2263 recipere
935 2230 1042 2263 possit.
1059 2230 1155 2262 (Rea.
1172 2230 1221 2261 25,

215 2274 235 2299 f.
255 2273 323 2304 217,
343 2280 392 2299 an.
412 2273 449 2303 V,
467 2280 492 2299 c.
514 2274 594 2305 175.)

262 2376 272 2389 «ι
293 2363 464 2404 Altiyistro
486 2363 645 2404 Itadulso,
668 2365 783 2395 rectori
806 2365 937 2396 ecclesie
957 2365 995 2396 de
1015 2364 1220 2400 Locmstbtin,

223 2415 442 2457 Glasquensis
467 2417 621 2448 diocesis.
647 2417 743 2449 Licet
770 2428 812 2449 ne
837 2418 915 2459 quis
939 2437 993 2449 Q.
1020 2418 1102 2449 Dat.
1129 2418 1222 2448 Aua-

218 2469 307 2509 gnie,
334 2469 387 2499 XI
413 2469 480 2501 kal.
506 2470 726 2511 septembriS,
752 2481 844 2502 anno
870 2471 1005 2512 quinto.
1032 2484 1044 2499 >1

295 2635 383 2660 2942
634 2637 767 2669 Anagni,
791 2638 828 2663 22
851 2639 1027 2671 septembre
1053 2640 1138 2666 1259.

256 2688 404 2721 Magistro
431 2688 583 2714 Riccardo
610 2689 778 2721 Strivelini,
804 2691 953 2717 canonico
980 2692 1220 2724 Dumblanensi,

215 2732 356 2765 indulget
373 2733 409 2758 ut
426 2735 549 2765 praeter
566 2733 752 2760 beneficium
771 2742 876 2761 curam
895 2736 1071 2762 animarum
1090 2736 1220 2768 habens,

217 2776 300 2809 quod
321 2776 454 2808 obtinet,
477 2777 603 2802 unicum
625 2777 709 2803 aliud
731 2778 917 2805 beneficium
940 2788 1011 2806 cum
1033 2781 1125 2806 simili
1147 2788 1221 2808 cura

216 2821 348 2847 retinere
367 2820 476 2854 possit.
497 2820 594 2853 (Rea.
615 2821 663 2853 25,
683 2822 703 2848 r.
724 2822 792 2854 217,
812 2830 861 2849 an.
881 2823 937 2855 VI,
956 2832 981 2850 c.
1004 2824 1084 2858 176.)

263 2924 275 2937 α
307 2911 476 2951 λΙιιῃίεἰΓο
508 2912 673 2943 Hit-cardo
706 2913 892 2951 Stlivelini,
925 2916 1087 2947 canonico
1114 2917 1223 2948 Dum-

220 2963 384 2995 manens-i.
426 2964 519 2995 Licet
550 2976 589 2997 ne
617 2966 694 3007 quis
719 2986 762 2988 ἡ
787 2971 841 2998 etc
869 2978 978 3009 usque
1004 2969 1038 3000 in
1064 2970 1184 3001 finem.
1212 2983 1224 2999 n

1400 362 1489 389 2943
1742 361 1875 395 Anagni‚
1898 362 1936 388 22
1959 362 2136 396 septembre
2159 361 2246 389 1259.

1362 416 1514 447 Roberto,
1530 416 1628 442 electo
1644 415 1882 446 Dumblanensi,
1897 415 2083 449 providendi
2097 416 2198 442 tribus
2212 415 2329 442 clericis

1319 461 1359 487 ad
1392 461 1450 487 hoc
1480 460 1611 491 idoneis,
1643 459 1770 493 singulis
1802 467 1909 486 eorum
1941 460 1978 486 de
2009 460 2137 493 singulis
2169 459 2328 486 beneficiis

1319 504 1547 536 ecclesiasticis,
1568 512 1639 530 cum
1659 511 1734 530 cura
1755 504 1804 530 vel
1824 504 1890 531 sine
1909 511 1984 531 cura
2005 504 2035 530 in
2055 504 2185 530 civitate
2205 511 2261 531 sua
2281 504 2331 531 vel

1319 549 1444 579 diocesi,
1461 551 1491 575 et
1508 548 1641 575 faciendi
1656 556 1708 575 eos
1724 548 1754 574 in
1770 548 1937 575 canonicos
1953 548 2058 582 recipi,
2074 548 2098 574 si
2113 549 2144 574 in
2159 548 2331 581 collegiatis

1321 593 1456 620 ecclesiis
1481 593 1555 627 ipsis
1580 593 1738 626 provideri
1763 592 1930 626 contigerit
1955 599 2076 619 necnon
2101 594 2133 619 et
2157 593 2332 619 contradic-

1319 639 1402 664 tores
1413 637 1630 671 compellendi,
1642 637 1828 664 facultatem
1839 637 1992 664 concedit.
2005 636 2102 670 (Rea.
2121 636 2169 668 25,
2185 637 2206 663 t.
2222 636 2280 663 217
2298 640 2332 660 v⁰

1322 689 1372 708 an.
1394 681 1431 713 V,
1451 690 1476 708 c.
1500 682 1580 715 177.)

1369 794 1381 809 «
1407 780 1560 817 Roboris),
1587 779 1682 811 electo
1704 778 1968 810 Dumblanensi.
2003 778 2051 811 Ut
2090 777 2328 810 benivolentia

1326 844 1395 876 qua
1416 853 1470 865 —.
1492 834 1575 865 Dat.
1597 836 1637 864 ut
1656 833 1691 864 in
1712 832 1791 865 alia.
1814 846 1826 860 »

1404 1019 1494 1045 2944
1844 1017 1979 1052 Anagni‚
2001 1017 2040 1044 22
2062 1017 2141 1044 avril
2164 1016 2252 1044 1259.

1366 1081 1481 1108 Omnia
1498 1088 1517 1108 a
1535 1081 1654 1108 decano
1675 1081 1828 1108 insulensi
1846 1081 1900 1115 qui
1918 1088 1958 1108 ex
1974 1080 2127 1108 mandato
2145 1078 2334 1107 Tornacensi

1326 1126 1472 1160 episcopo
1500 1126 1586 1158 dato,
1614 1125 1801 1159 magistrum
1828 1124 2108 1153 Bartholomaeum
2135 1124 2173 1151 de
2201 1124 2230 1151 S.
2258 1123 2333 1150 vito

1325 1172 1561 1205 procuratorem
1596 1170 1628 1196 in
1663 1169 1791 1197 ecclesia
1824 1169 2014 1197 Tornacensi
2048 1170 2208 1203 receperat
2241 1168 2332 1202 eique

1324 1214 1538 1249 praebendam
1564 1222 1582 1242 a
1610 1214 1765 1246 Scambio,
1792 1213 1982 1241 Viterbiensi
2009 1213 2119 1246 electo,
2146 1212 2178 1240 in
2205 1211 2333 1240 ecclesia

1324 1259 1487 1293 praedicta
1523 1258 1665 1286 relictam
1702 1258 1890 1290 contulerat,
1929 1258 2108 1285 confirmat.
2148 1257 2246 1291 (Bt-20.
2286 1255 2335 1288 25,

1323 1303 1345 1330 ί.
1365 1303 1422 1330 217
1441 1306 1488 1336 v0,
1506 1310 1557 1332 an.
1575 1303 1614 1336 V,
1632 1310 1658 1330 c.
1678 1302 1773 1337 178⁸.)

1373 1416 1385 1431 «
1406 1402 1579 1443 Magistro
1600 1401 1835 1434 Bartholomeo
1857 1402 1896 1434 de
1921 1401 2059 1444 [Sancto
2085 1401 2172 1438 vito,
2195 1399 2336 1432 subdia-

1327 1456 1435 1498 con0,]
1465 1456 1719 1497 consanyuineo
1747 1457 1775 1487 et
1801 1455 1958 1497 scriptori
1990 1453 2144 1497 [nostro]‚
2172 1453 2335 1486 canonico

1327 1509 1458 1541 ecclesie
1485 1509 1602 1541 Sancti
1628 1508 1723 1540 Petri
1753 1507 1990 1550 [In]sulensis‚
2020 1506 2244 1539 Tornacensis
2264 1506 2336 1538 dio-

1327 1562 1420 1594 cesi&
1444 1563 1531 1594 Cum
1553 1572 1572 1594 a
1594 1562 1695 1594 nobis
1715 1581 1770 1594 ἡ.
1793 1562 1876 1593 Dat.
1899 1561 2069 1603 Anagnie,
2093 1560 2127 1592 X
2147 1560 2217 1592 kal.
2239 1559 2334 1597 maii,

1327 1626 1419 1648 anno
1443 1616 1580 1657 quinto.
1605 1628 1617 1644 »

1406 1791 1496 1817 2945
1844 1790 1979 1824 Anagni‚
2002 1790 2041 1816 22
2063 1789 2142 1817 avril
2164 1788 2252 1816 1259.

1367 1845 1445 1871 Cum
1471 1844 1666 1871 Bertrandus
1695 1844 1732 1870 de
1762 1844 1889 1876 Felono,
1918 1845 2062 1877 receptus
2089 1843 2121 1870 in
2148 1841 2277 1870 ecclesia
2304 1841 2334 1870 S.

1327 1888 1412 1915 Petri
1434 1888 1613 1920 Insulensis‚
1633 1888 1833 1922 praedictum
1852 1887 2039 1921 magistrum
2056 1887 2336 1914 Bartholomaeum

1328 1932 1365 1959 de
1386 1932 1415 1959 S.
1437 1932 1522 1964 Vito,
1542 1934 1711 1966 praetextu
1731 1932 1930 1966 praebendae
1951 1931 1978 1958 ei
1998 1938 2161 1959 concessae
2181 1930 2337 1965 inquieta-

1326 1977 1394 2009 bat,
1429 1977 1561 2004 mandat
1596 1984 1681 2011 papa
1716 1977 1861 2010 episcopo
1896 1975 2086 2003 Tornacensi
2119 1977 2156 2002 ut
2190 1975 2336 2002 eumdem

1325 2021 1605 2048 Bartholomaeum
1626 2021 1722 2048 faciat
1743 2021 1885 2054 ejusdem
1915 2020 2113 2054 praebendae
2142 2019 2337 2054 possessione

1327 2066 1472 2099 gaudere,
1490 2066 1649 2097 invocato,
1676 2066 1701 2092 si
1729 2073 1807 2100 opus
1824 2065 1930 2097 fuerit,
1949 2065 2094 2091 secularis
2112 2064 2232 2092 brachii
2248 2064 2337 2091 auxi-

1325 2111 1378 2142 lio,
1405 2112 1436 2137 et
1463 2110 1584 2137 dictum
1610 2110 1822 2137 Bertrandum
1850 2111 1905 2136 aut
1933 2109 2053 2143 aliquos
2079 2109 2166 2140 alios,
2193 2109 2218 2135 si
2244 2115 2338 2142 super

1326 2155 1386 2182 hoc
1415 2162 1447 2181 se
1477 2155 1626 2181 duxerint
1657 2155 1873 2188 opponendos,
1904 2154 1944 2180 ad
1975 2153 2222 2187 comparendum
2252 2152 2334 2180 infra

1327 2200 1405 2226 duos
1424 2206 1545 2226 menses
1564 2199 1660 2225 citare
1679 2200 1835 2232 procuret.
1856 2198 1953 2231 (Bm.
1973 2198 2022 2230 25,
2042 2198 2062 2224 f.
2083 2197 2141 2224 217
2160 2201 2207 2230 νῦ,
2227 2204 2276 2224 an.
2296 2196 2334 2229 V,

1327 2245 1398 2276 d.c.,
1417 2251 1442 2270 c.
1463 2243 1520 2270 179
1539 2251 1635 2270 manu
1654 2243 1842 2276 recentiori.)

1375 2354 1386 2369 ι(
1413 2367 1432 2372 ..
1460 2341 1616 2382 episcopo
1645 2340 1862 2372 Tornacensi.
1891 2340 2020 2371 Petitio
2047 2340 2165 2371 dilecti
2190 2339 2253 2370 filii
2278 2358 2333 2371 —.

1328 2395 1411 2426 Dat.
1434 2394 1604 2436 Anagnie‚
1627 2394 1662 2426 X
1684 2394 1752 2426 kal.
1777 2394 1870 2431 maii,
1894 2403 1986 2425 anno
2009 2393 2145 2435 quinto.
2169 2406 2181 2422 »

1406 2572 1495 2598 2946
1806 2573 1945 2605 Viterbe,
1968 2572 2006 2599 23
2029 2571 2142 2598 fevrier
2165 2570 2252 2598 1258.

1368 2635 1516 2668 Magistro
1537 2635 1693 2667 VVasconi,
1713 2635 1858 2669 scriptori
1877 2643 1944 2667 suo,
1964 2634 2146 2669 pensionem
2165 2633 2224 2660 sibi
2243 2632 2333 2659 annis

1327 2679 1454 2712 singulis
1475 2679 1715 2713 persolvendam
1736 2688 1754 2706 a
1775 2680 1954 2714 praeposito
1975 2681 2006 2706 et
2027 2678 2166 2713 capitulo
2187 2677 2334 2704 ecclesiae

1326 2724 1364 2750 de
1390 2723 1590 2755 Lanbriasco,
1618 2724 1817 2751 Taurinensis
1845 2724 1985 2755 diocesis,
2012 2729 2192 2750 concessam
2217 2721 2331 2748 confir-

1325 2769 1402 2794 mat.
1420 2767 1516 2801 (Bm.
1533 2768 1582 2800 25,
1598 2768 1619 2795 f.
1637 2768 1705 2800 218,
1722 2776 1771 2795 an.
1790 2768 1826 2800 V,
1843 2776 1868 2795 c.
1887 2763 1981 2801 178⁵.)

1373 2876 1386 2891 «
1418 2863 1590 2904 Maqistro
1626 2864 1796 2901 Wasconi,
1831 2864 1988 2905 scriptori
2023 2865 2145 2895 nostro.
2181 2862 2236 2894 Ex
2268 2864 2332 2894 tua

1326 2916 1410 2948 fidei
1421 2935 1475 2948 —-.
1489 2917 1572 2949 Dat.
1586 2917 1721 2948 Viterbi
1749 2916 1800 2959 [il.
1816 2917 1882 2948 VII
1896 2917 1965 2949 kal.
1981 2916 2110 2953 martii,
2124 2926 2217 2948 anno
2230 2923 2334 2956 quar·

1331 2972 1380 3001 to.
1405 2982 1418 2998 »
