<?xml version="1.0" encoding="UTF-8"?>
<!DOCTYPE html PUBLIC "-//W3C//DTD XHTML 1.0 Transitional//EN"
    "http://www.w3.org/TR/xhtml1/DTD/xhtml1-transitional.dtd">
<html xmlns="http://www.w3.org/1999/xhtml" xml:lang="en" lang="en">
 <head>
  <title>
</title>
<meta http-equiv="Content-Type" content="text/html;charset=utf-8" />
  <meta name='ocr-system' content='tesseract 3.04.00' />
  <meta name='ocr-capabilities' content='ocr_page ocr_carea ocr_par ocr_line ocrx_word'/>
</head>
<body>
  <div class='ocr_page' id='page_1' title='image "./lesregistresdegr02cathuoft_0391.png"; bbox 0 0 2477 3512; ppageno 0'>
   <div class='ocr_carea' id='block_1_1' title="bbox 952 275 2243 324">
    <p class='ocr_par' dir='ltr' id='par_1_1' title="bbox 952 275 2243 324">
     <span class='ocr_line' id='line_1_1' title="bbox 952 275 2243 324; baseline -0.011 -7"><span class='ocrx_word' id='word_1_1' title='bbox 952 277 1226 324; x_wconf 82' lang='lat' dir='ltr'><strong>CINQUIEME</strong></span> <span class='ocrx_word' id='word_1_2' title='bbox 1252 275 1418 314; x_wconf 74' lang='lat' dir='ltr'>ANNEE</span> <span class='ocrx_word' id='word_1_3' title='bbox 2226 278 2243 310; x_wconf 88' lang='lat'><strong>7</strong></span> 
     </span>
    </p>
   </div>
   <div class='ocr_carea' id='block_1_2' title="bbox 124 391 1140 1766">
    <p class='ocr_par' dir='ltr' id='par_1_2' title="bbox 124 391 1140 1766">
     <span class='ocr_line' id='line_1_2' title="bbox 125 391 1132 439; baseline -0.009 -8"><span class='ocrx_word' id='word_1_4' title='bbox 125 399 307 431; x_wconf 85' lang='lat' dir='ltr'>ecclesiam</span> <span class='ocrx_word' id='word_1_5' title='bbox 348 400 541 439; x_wconf 88' lang='lat' dir='ltr'>promotus,</span> <span class='ocrx_word' id='word_1_6' title='bbox 583 395 751 427; x_wconf 71' lang='lat' dir='ltr'>invenisti</span> <span class='ocrx_word' id='word_1_7' title='bbox 791 403 869 425; x_wconf 88' lang='lat' dir='ltr'>eam</span> <span class='ocrx_word' id='word_1_8' title='bbox 910 402 971 434; x_wconf 88' lang='lat' dir='ltr'>per</span> <span class='ocrx_word' id='word_1_9' title='bbox 1011 391 1132 433; x_wconf 86' lang='lat' dir='ltr'>prede-</span> 
     </span>
     <span class='ocr_line' id='line_1_3' title="bbox 126 445 1133 491; baseline -0.01 -7"><span class='ocrx_word' id='word_1_10' title='bbox 126 461 278 484; x_wconf 79' lang='lat' dir='ltr'>cessores</span> <span class='ocrx_word' id='word_1_11' title='bbox 299 454 380 482; x_wconf 90' lang='lat' dir='ltr'>tuos</span> <span class='ocrx_word' id='word_1_12' title='bbox 402 450 596 491; x_wconf 80' lang='lat' dir='ltr'>obligatam</span> <span class='ocrx_word' id='word_1_13' title='bbox 618 449 652 480; x_wconf 92' lang='lat' dir='ltr'>in</span> <span class='ocrx_word' id='word_1_14' title='bbox 676 447 831 479; x_wconf 86' lang='lat' dir='ltr'>maxima</span> <span class='ocrx_word' id='word_1_15' title='bbox 853 445 999 487; x_wconf 78' lang='lat' dir='ltr'>pecunie</span> <span class='ocrx_word' id='word_1_16' title='bbox 1021 454 1133 486; x_wconf 88' lang='lat' dir='ltr'>quan-</span> 
     </span>
     <span class='ocr_line' id='line_1_4' title="bbox 126 498 1133 545; baseline -0.01 -8"><span class='ocrx_word' id='word_1_17' title='bbox 126 505 243 541; x_wconf 91' lang='lat' dir='ltr'>titate,</span> <span class='ocrx_word' id='word_1_18' title='bbox 278 514 348 536; x_wconf 93' lang='lat' dir='ltr'>non</span> <span class='ocrx_word' id='word_1_19' title='bbox 381 503 515 545; x_wconf 83' lang='lat' dir='ltr'>absque</span> <span class='ocrx_word' id='word_1_20' title='bbox 547 500 781 533; x_wconf 83' lang='lat' dir='ltr'>intollerabile</span> <span class='ocrx_word' id='word_1_21' title='bbox 812 498 979 540; x_wconf 84' lang='lat' dir='ltr'>voragine</span> <span class='ocrx_word' id='word_1_22' title='bbox 1013 506 1133 528; x_wconf 89' lang='lat' dir='ltr'>usura-</span> 
     </span>
     <span class='ocr_line' id='line_1_5' title="bbox 127 551 1134 599; baseline -0.009 -10"><span class='ocrx_word' id='word_1_23' title='bbox 127 567 205 589; x_wconf 89' lang='lat' dir='ltr'>rum</span> <span class='ocrx_word' id='word_1_24' title='bbox 239 567 306 599; x_wconf 88' lang='lat' dir='ltr'>que</span> <span class='ocrx_word' id='word_1_25' title='bbox 339 556 506 588; x_wconf 82' lang='lat' dir='ltr'>continue</span> <span class='ocrx_word' id='word_1_26' title='bbox 539 555 633 586; x_wconf 89' lang='lat' dir='ltr'>bona</span> <span class='ocrx_word' id='word_1_27' title='bbox 666 553 776 596; x_wconf 90' lang='lat' dir='ltr'>ipsius</span> <span class='ocrx_word' id='word_1_28' title='bbox 809 551 951 584; x_wconf 81' lang='lat' dir='ltr'>ecclesie</span> <span class='ocrx_word' id='word_1_29' title='bbox 985 551 1134 582; x_wconf 87' lang='lat' dir='ltr'>devorat</span> 
     </span>
     <span class='ocr_line' id='line_1_6' title="bbox 124 603 1134 648; baseline -0.01 -5"><span class='ocrx_word' id='word_1_30' title='bbox 124 611 353 642; x_wconf 81' lang='lat' dir='ltr'>incessanter.</span> <span class='ocrx_word' id='word_1_31' title='bbox 383 609 498 648; x_wconf 81' lang='lat' dir='ltr'>Quare</span> <span class='ocrx_word' id='word_1_32' title='bbox 525 607 626 639; x_wconf 91' lang='lat' dir='ltr'>nobis</span> <span class='ocrx_word' id='word_1_33' title='bbox 652 606 833 638; x_wconf 89' lang='lat' dir='ltr'>humiliter</span> <span class='ocrx_word' id='word_1_34' title='bbox 859 603 1067 646; x_wconf 80' lang='lat' dir='ltr'>supplicasti</span> <span class='ocrx_word' id='word_1_35' title='bbox 1094 603 1134 633; x_wconf 89' lang='lat' dir='ltr'>ut</span> 
     </span>
     <span class='ocr_line' id='line_1_7' title="bbox 127 657 1133 705; baseline -0.009 -10"><span class='ocrx_word' id='word_1_36' title='bbox 127 673 232 705; x_wconf 89' lang='lat' dir='ltr'>super</span> <span class='ocrx_word' id='word_1_37' title='bbox 267 663 333 694; x_wconf 92' lang='lat' dir='ltr'>hoc</span> <span class='ocrx_word' id='word_1_38' title='bbox 370 660 623 703; x_wconf 89' lang='lat' dir='ltr'>indempnitati</span> <span class='ocrx_word' id='word_1_39' title='bbox 659 659 769 701; x_wconf 92' lang='lat' dir='ltr'>ipsius</span> <span class='ocrx_word' id='word_1_40' title='bbox 805 657 948 690; x_wconf 84' lang='lat' dir='ltr'>ecclesie</span> <span class='ocrx_word' id='word_1_41' title='bbox 983 658 1133 698; x_wconf 89' lang='lat' dir='ltr'>paterna</span> 
     </span>
     <span class='ocr_line' id='line_1_8' title="bbox 127 709 1132 754; baseline -0.009 -6"><span class='ocrx_word' id='word_1_42' title='bbox 127 725 330 748; x_wconf 82' lang='lat' dir='ltr'>curaremus</span> <span class='ocrx_word' id='word_1_43' title='bbox 374 713 610 746; x_wconf 88' lang='lat' dir='ltr'>sollicitudine</span> <span class='ocrx_word' id='word_1_44' title='bbox 655 721 853 754; x_wconf 77' lang='lat' dir='ltr'>precavere.</span> <span class='ocrx_word' id='word_1_45' title='bbox 899 710 972 741; x_wconf 89' lang='lat' dir='ltr'>Nos</span> <span class='ocrx_word' id='word_1_46' title='bbox 1015 709 1132 749; x_wconf 77' lang='lat' dir='ltr'>igitur,</span> 
     </span>
     <span class='ocr_line' id='line_1_9' title="bbox 129 762 1134 811; baseline -0.01 -10"><span class='ocrx_word' id='word_1_47' title='bbox 129 769 257 811; x_wconf 92' lang='lat' dir='ltr'>quibus</span> <span class='ocrx_word' id='word_1_48' title='bbox 297 768 455 800; x_wconf 91' lang='lat' dir='ltr'>omnium</span> <span class='ocrx_word' id='word_1_49' title='bbox 495 767 721 798; x_wconf 85' lang='lat' dir='ltr'>ecclesiarum</span> <span class='ocrx_word' id='word_1_50' title='bbox 762 775 843 796; x_wconf 86' lang='lat' dir='ltr'>cura</span> <span class='ocrx_word' id='word_1_51' title='bbox 885 762 1058 795; x_wconf 88' lang='lat' dir='ltr'>incumbit</span> <span class='ocrx_word' id='word_1_52' title='bbox 1099 764 1134 792; x_wconf 86' lang='lat' dir='ltr'>et</span> 
     </span>
     <span class='ocr_line' id='line_1_10' title="bbox 128 814 1135 864; baseline -0.01 -10"><span class='ocrx_word' id='word_1_53' title='bbox 128 832 216 864; x_wconf 85' lang='lat' dir='ltr'>quos</span> <span class='ocrx_word' id='word_1_54' title='bbox 257 821 432 863; x_wconf 83' lang='lat' dir='ltr'>pastorale</span> <span class='ocrx_word' id='word_1_55' title='bbox 473 820 602 851; x_wconf 75' lang='lat' dir='ltr'>invitat</span> <span class='ocrx_word' id='word_1_56' title='bbox 645 818 804 850; x_wconf 83' lang='lat' dir='ltr'>officium</span> <span class='ocrx_word' id='word_1_57' title='bbox 845 817 1000 858; x_wconf 86' lang='lat' dir='ltr'>ipsarum</span> <span class='ocrx_word' id='word_1_58' title='bbox 1043 814 1135 845; x_wconf 92' lang='lat' dir='ltr'>utili-</span> 
     </span>
     <span class='ocr_line' id='line_1_11' title="bbox 128 868 1134 916; baseline -0.009 -9"><span class='ocrx_word' id='word_1_59' title='bbox 128 875 265 907; x_wconf 76' lang='lat' dir='ltr'>tatibus</span> <span class='ocrx_word' id='word_1_60' title='bbox 289 874 483 916; x_wconf 83' lang='lat' dir='ltr'>providere,</span> <span class='ocrx_word' id='word_1_61' title='bbox 509 882 615 914; x_wconf 89' lang='lat' dir='ltr'>super</span> <span class='ocrx_word' id='word_1_62' title='bbox 633 872 697 903; x_wconf 88' lang='lat' dir='ltr'>hoc</span> <span class='ocrx_word' id='word_1_63' title='bbox 722 879 917 912; x_wconf 77' lang='lat' dir='ltr'>congruum</span> <span class='ocrx_word' id='word_1_64' title='bbox 940 868 1134 900; x_wconf 87' lang='lat' dir='ltr'>remedium</span> 
     </span>
     <span class='ocr_line' id='line_1_12' title="bbox 129 921 1136 967; baseline -0.008 -7"><span class='ocrx_word' id='word_1_65' title='bbox 129 928 295 960; x_wconf 89' lang='lat' dir='ltr'>adhibere</span> <span class='ocrx_word' id='word_1_66' title='bbox 336 927 507 963; x_wconf 85' lang='lat' dir='ltr'>volentes,</span> <span class='ocrx_word' id='word_1_67' title='bbox 551 928 601 962; x_wconf 92' lang='lat' dir='ltr'>ut,</span> <span class='ocrx_word' id='word_1_68' title='bbox 644 935 706 967; x_wconf 92' lang='lat' dir='ltr'>pro</span> <span class='ocrx_word' id='word_1_69' title='bbox 748 923 997 956; x_wconf 86' lang='lat' dir='ltr'>exoneratione</span> <span class='ocrx_word' id='word_1_70' title='bbox 1040 921 1136 953; x_wconf 85' lang='lat' dir='ltr'>debi-</span> 
     </span>
     <span class='ocr_line' id='line_1_13' title="bbox 128 975 1137 1022; baseline -0.007 -9"><span class='ocrx_word' id='word_1_71' title='bbox 128 983 259 1018; x_wconf 91' lang='lat' dir='ltr'>torum,</span> <span class='ocrx_word' id='word_1_72' title='bbox 299 981 495 1022; x_wconf 88' lang='lat' dir='ltr'>proventus</span> <span class='ocrx_word' id='word_1_73' title='bbox 535 981 570 1011; x_wconf 90' lang='lat' dir='ltr'>et</span> <span class='ocrx_word' id='word_1_74' title='bbox 608 978 768 1010; x_wconf 88' lang='lat' dir='ltr'>redditus</span> <span class='ocrx_word' id='word_1_75' title='bbox 807 976 965 1008; x_wconf 88' lang='lat' dir='ltr'>omnium</span> <span class='ocrx_word' id='word_1_76' title='bbox 1005 975 1137 1007; x_wconf 82' lang='lat' dir='ltr'>benefi-</span> 
     </span>
     <span class='ocr_line' id='line_1_14' title="bbox 128 1030 1135 1074; baseline -0.007 -8"><span class='ocrx_word' id='word_1_77' title='bbox 128 1034 263 1066; x_wconf 90' lang='lat' dir='ltr'>ciorum</span> <span class='ocrx_word' id='word_1_78' title='bbox 303 1036 449 1065; x_wconf 83' lang='lat' dir='ltr'>tuorum</span> <span class='ocrx_word' id='word_1_79' title='bbox 490 1041 558 1074; x_wconf 91' lang='lat' dir='ltr'>que</span> <span class='ocrx_word' id='word_1_80' title='bbox 600 1030 833 1073; x_wconf 89' lang='lat' dir='ltr'>promotionis</span> <span class='ocrx_word' id='word_1_81' title='bbox 874 1032 934 1061; x_wconf 88' lang='lat' dir='ltr'>tue</span> <span class='ocrx_word' id='word_1_82' title='bbox 976 1032 1135 1070; x_wconf 91' lang='lat' dir='ltr'>tempore</span> 
     </span>
     <span class='ocr_line' id='line_1_15' title="bbox 129 1084 1135 1125; baseline -0.006 -6"><span class='ocrx_word' id='word_1_83' title='bbox 129 1087 316 1119; x_wconf 86' lang='lat' dir='ltr'>obtinebas</span> <span class='ocrx_word' id='word_1_84' title='bbox 339 1089 375 1118; x_wconf 90' lang='lat' dir='ltr'>et</span> <span class='ocrx_word' id='word_1_85' title='bbox 399 1096 492 1118; x_wconf 86' lang='lat' dir='ltr'>nunc</span> <span class='ocrx_word' id='word_1_86' title='bbox 516 1085 626 1117; x_wconf 89' lang='lat' dir='ltr'>etiam</span> <span class='ocrx_word' id='word_1_87' title='bbox 649 1084 789 1121; x_wconf 83' lang='lat' dir='ltr'>retines,</span> <span class='ocrx_word' id='word_1_88' title='bbox 816 1093 905 1125; x_wconf 91' lang='lat' dir='ltr'>quos</span> <span class='ocrx_word' id='word_1_89' title='bbox 929 1085 1010 1125; x_wconf 90' lang='lat' dir='ltr'>post</span> <span class='ocrx_word' id='word_1_90' title='bbox 1033 1085 1135 1114; x_wconf 89' lang='lat' dir='ltr'>tuam</span> 
     </span>
     <span class='ocr_line' id='line_1_16' title="bbox 130 1136 1137 1182; baseline -0.006 -10"><span class='ocrx_word' id='word_1_91' title='bbox 130 1140 390 1182; x_wconf 85' lang='lat' dir='ltr'>promotionem</span> <span class='ocrx_word' id='word_1_92' title='bbox 424 1139 551 1171; x_wconf 80' lang='lat' dir='ltr'>exinde</span> <span class='ocrx_word' id='word_1_93' title='bbox 585 1137 772 1180; x_wconf 89' lang='lat' dir='ltr'>percepisti</span> <span class='ocrx_word' id='word_1_94' title='bbox 806 1139 842 1168; x_wconf 88' lang='lat' dir='ltr'>et</span> <span class='ocrx_word' id='word_1_95' title='bbox 876 1136 992 1168; x_wconf 89' lang='lat' dir='ltr'>adhuc</span> <span class='ocrx_word' id='word_1_96' title='bbox 1026 1144 1137 1177; x_wconf 89' lang='lat' dir='ltr'>usque</span> 
     </span>
     <span class='ocr_line' id='line_1_17' title="bbox 129 1188 1137 1233; baseline -0.006 -8"><span class='ocrx_word' id='word_1_97' title='bbox 129 1194 174 1225; x_wconf 92' lang='lat' dir='ltr'>ad</span> <span class='ocrx_word' id='word_1_98' title='bbox 211 1203 345 1225; x_wconf 91' lang='lat' dir='ltr'>annum</span> <span class='ocrx_word' id='word_1_99' title='bbox 382 1202 493 1224; x_wconf 91' lang='lat' dir='ltr'>unum</span> <span class='ocrx_word' id='word_1_100' title='bbox 529 1191 707 1233; x_wconf 88' lang='lat' dir='ltr'>percipere</span> <span class='ocrx_word' id='word_1_101' title='bbox 745 1190 887 1232; x_wconf 90' lang='lat' dir='ltr'>poteris,</span> <span class='ocrx_word' id='word_1_102' title='bbox 925 1189 1018 1221; x_wconf 90' lang='lat' dir='ltr'>licite</span> <span class='ocrx_word' id='word_1_103' title='bbox 1055 1188 1137 1220; x_wconf 89' lang='lat' dir='ltr'>reti-</span> 
     </span>
     <span class='ocr_line' id='line_1_18' title="bbox 130 1241 1138 1286; baseline -0.006 -7"><span class='ocrx_word' id='word_1_104' title='bbox 130 1256 211 1278; x_wconf 91' lang='lat' dir='ltr'>nere</span> <span class='ocrx_word' id='word_1_105' title='bbox 242 1246 362 1278; x_wconf 89' lang='lat' dir='ltr'>valeas</span> <span class='ocrx_word' id='word_1_106' title='bbox 395 1245 610 1277; x_wconf 87' lang='lat' dir='ltr'>auctoritate</span> <span class='ocrx_word' id='word_1_107' title='bbox 644 1243 859 1286; x_wconf 88' lang='lat' dir='ltr'>presentium</span> <span class='ocrx_word' id='word_1_108' title='bbox 892 1243 1038 1274; x_wconf 85' lang='lat' dir='ltr'>liberam</span> <span class='ocrx_word' id='word_1_109' title='bbox 1071 1241 1138 1273; x_wconf 90' lang='lat' dir='ltr'>tibi</span> 
     </span>
     <span class='ocr_line' id='line_1_19' title="bbox 130 1295 1138 1337; baseline -0.006 -5"><span class='ocrx_word' id='word_1_110' title='bbox 130 1300 357 1332; x_wconf 90' lang='lat' dir='ltr'>concedimus</span> <span class='ocrx_word' id='word_1_111' title='bbox 390 1298 612 1334; x_wconf 80' lang='lat' dir='ltr'>facultatem,</span> <span class='ocrx_word' id='word_1_112' title='bbox 648 1307 718 1329; x_wconf 93' lang='lat' dir='ltr'>non</span> <span class='ocrx_word' id='word_1_113' title='bbox 752 1296 980 1328; x_wconf 88' lang='lat' dir='ltr'>obstantibus</span> <span class='ocrx_word' id='word_1_114' title='bbox 1014 1295 1138 1337; x_wconf 88' lang='lat' dir='ltr'>aliqui-</span> 
     </span>
     <span class='ocr_line' id='line_1_20' title="bbox 130 1348 1138 1393; baseline -0.006 -8"><span class='ocrx_word' id='word_1_115' title='bbox 130 1353 197 1386; x_wconf 87' lang='lat' dir='ltr'>bus</span> <span class='ocrx_word' id='word_1_116' title='bbox 236 1353 364 1385; x_wconf 88' lang='lat' dir='ltr'>litteris</span> <span class='ocrx_word' id='word_1_117' title='bbox 405 1362 425 1384; x_wconf 89' lang='lat' dir='ltr'>a</span> <span class='ocrx_word' id='word_1_118' title='bbox 467 1352 554 1384; x_wconf 90' lang='lat' dir='ltr'>Sede</span> <span class='ocrx_word' id='word_1_119' title='bbox 596 1350 801 1393; x_wconf 87' lang='lat' dir='ltr'>Apostolica</span> <span class='ocrx_word' id='word_1_120' title='bbox 842 1348 1042 1391; x_wconf 86' lang='lat' dir='ltr'>impetratis</span> <span class='ocrx_word' id='word_1_121' title='bbox 1082 1348 1138 1379; x_wconf 78' lang='lat' dir='ltr'>vel</span> 
     </span>
     <span class='ocr_line' id='line_1_21' title="bbox 130 1402 1138 1448; baseline -0.006 -9"><span class='ocrx_word' id='word_1_122' title='bbox 130 1406 239 1439; x_wconf 85' lang='lat' dir='ltr'>etiam</span> <span class='ocrx_word' id='word_1_123' title='bbox 269 1405 502 1448; x_wconf 90' lang='lat' dir='ltr'>impetrandis</span> <span class='ocrx_word' id='word_1_124' title='bbox 532 1414 594 1447; x_wconf 89' lang='lat' dir='ltr'>per</span> <span class='ocrx_word' id='word_1_125' title='bbox 623 1414 711 1446; x_wconf 90' lang='lat' dir='ltr'>quas</span> <span class='ocrx_word' id='word_1_126' title='bbox 740 1403 891 1435; x_wconf 84' lang='lat' dir='ltr'>effectus</span> <span class='ocrx_word' id='word_1_127' title='bbox 921 1402 1138 1444; x_wconf 88' lang='lat' dir='ltr'>presentium</span> 
     </span>
     <span class='ocr_line' id='line_1_22' title="bbox 131 1455 1140 1502; baseline -0.005 -11"><span class='ocrx_word' id='word_1_128' title='bbox 131 1459 293 1502; x_wconf 90' lang='lat' dir='ltr'>impediri</span> <span class='ocrx_word' id='word_1_129' title='bbox 317 1459 437 1491; x_wconf 80' lang='lat' dir='ltr'>valeat</span> <span class='ocrx_word' id='word_1_130' title='bbox 461 1467 522 1490; x_wconf 90' lang='lat' dir='ltr'>seu</span> <span class='ocrx_word' id='word_1_131' title='bbox 547 1457 693 1494; x_wconf 86' lang='lat' dir='ltr'>differri,</span> <span class='ocrx_word' id='word_1_132' title='bbox 719 1457 770 1488; x_wconf 90' lang='lat' dir='ltr'>ita</span> <span class='ocrx_word' id='word_1_133' title='bbox 795 1458 916 1487; x_wconf 89' lang='lat' dir='ltr'>tamen</span> <span class='ocrx_word' id='word_1_134' title='bbox 942 1455 1037 1496; x_wconf 89' lang='lat' dir='ltr'>quod</span> <span class='ocrx_word' id='word_1_135' title='bbox 1063 1464 1140 1496; x_wconf 91' lang='lat' dir='ltr'>pre-</span> 
     </span>
     <span class='ocr_line' id='line_1_23' title="bbox 132 1507 1140 1554; baseline -0.006 -10"><span class='ocrx_word' id='word_1_136' title='bbox 132 1513 218 1546; x_wconf 88' lang='lat' dir='ltr'>dicti</span> <span class='ocrx_word' id='word_1_137' title='bbox 248 1514 443 1554; x_wconf 89' lang='lat' dir='ltr'>proventus</span> <span class='ocrx_word' id='word_1_138' title='bbox 473 1511 509 1542; x_wconf 93' lang='lat' dir='ltr'>in</span> <span class='ocrx_word' id='word_1_139' title='bbox 540 1510 753 1542; x_wconf 90' lang='lat' dir='ltr'>solutionem</span> <span class='ocrx_word' id='word_1_140' title='bbox 785 1509 986 1541; x_wconf 88' lang='lat' dir='ltr'>debitorum</span> <span class='ocrx_word' id='word_1_141' title='bbox 1017 1507 1140 1549; x_wconf 87' lang='lat' dir='ltr'>hujus-</span> 
     </span>
     <span class='ocr_line' id='line_1_24' title="bbox 132 1561 1140 1607; baseline -0.006 -9"><span class='ocrx_word' id='word_1_142' title='bbox 132 1566 228 1598; x_wconf 90' lang='lat' dir='ltr'>modi</span> <span class='ocrx_word' id='word_1_143' title='bbox 265 1564 485 1607; x_wconf 85' lang='lat' dir='ltr'>integraliter</span> <span class='ocrx_word' id='word_1_144' title='bbox 523 1565 790 1599; x_wconf 84' lang='lat' dir='ltr'>convertantur,</span> <span class='ocrx_word' id='word_1_145' title='bbox 830 1562 997 1603; x_wconf 88' lang='lat' dir='ltr'>quodque</span> <span class='ocrx_word' id='word_1_146' title='bbox 1036 1561 1140 1592; x_wconf 90' lang='lat' dir='ltr'>bene-</span> 
     </span>
     <span class='ocr_line' id='line_1_25' title="bbox 132 1614 1140 1661; baseline -0.006 -10"><span class='ocrx_word' id='word_1_147' title='bbox 132 1619 214 1651; x_wconf 86' lang='lat' dir='ltr'>ficia</span> <span class='ocrx_word' id='word_1_148' title='bbox 251 1618 328 1661; x_wconf 92' lang='lat' dir='ltr'>ipsa</span> <span class='ocrx_word' id='word_1_149' title='bbox 366 1617 495 1650; x_wconf 89' lang='lat' dir='ltr'>debitis</span> <span class='ocrx_word' id='word_1_150' title='bbox 533 1626 603 1648; x_wconf 91' lang='lat' dir='ltr'>non</span> <span class='ocrx_word' id='word_1_151' title='bbox 641 1616 853 1647; x_wconf 86' lang='lat' dir='ltr'>fraudentur</span> <span class='ocrx_word' id='word_1_152' title='bbox 890 1614 1067 1656; x_wconf 89' lang='lat' dir='ltr'>obsequiis</span> <span class='ocrx_word' id='word_1_153' title='bbox 1104 1616 1140 1645; x_wconf 89' lang='lat' dir='ltr'>et</span> 
     </span>
     <span class='ocr_line' id='line_1_26' title="bbox 133 1667 1138 1709; baseline -0.006 -5"><span class='ocrx_word' id='word_1_154' title='bbox 133 1672 331 1704; x_wconf 89' lang='lat' dir='ltr'>animarum</span> <span class='ocrx_word' id='word_1_155' title='bbox 376 1680 459 1703; x_wconf 89' lang='lat' dir='ltr'>cura</span> <span class='ocrx_word' id='word_1_156' title='bbox 505 1670 540 1701; x_wconf 91' lang='lat' dir='ltr'>in</span> <span class='ocrx_word' id='word_1_157' title='bbox 586 1669 635 1701; x_wconf 90' lang='lat' dir='ltr'>eis</span> <span class='ocrx_word' id='word_1_158' title='bbox 681 1667 884 1700; x_wconf 89' lang='lat' dir='ltr'>nullatenus</span> <span class='ocrx_word' id='word_1_159' title='bbox 930 1667 1138 1709; x_wconf 84' lang='lat' dir='ltr'>negligatur.</span> 
     </span>
     <span class='ocr_line' id='line_1_27' title="bbox 133 1720 1138 1766; baseline -0.006 -8"><span class='ocrx_word' id='word_1_160' title='bbox 133 1726 218 1758; x_wconf 91' lang='lat' dir='ltr'>Dat.</span> <span class='ocrx_word' id='word_1_161' title='bbox 241 1724 411 1766; x_wconf 85' lang='lat' dir='ltr'>Anagnie,</span> <span class='ocrx_word' id='word_1_162' title='bbox 438 1723 472 1755; x_wconf 92' lang='lat' dir='ltr'>II</span> <span class='ocrx_word' id='word_1_163' title='bbox 495 1733 606 1755; x_wconf 91' lang='lat' dir='ltr'>nonas</span> <span class='ocrx_word' id='word_1_164' title='bbox 628 1721 824 1759; x_wconf 87' lang='lat' dir='ltr'>februarrii,</span> <span class='ocrx_word' id='word_1_165' title='bbox 849 1731 941 1753; x_wconf 91' lang='lat' dir='ltr'>anno</span> <span class='ocrx_word' id='word_1_166' title='bbox 965 1720 1090 1763; x_wconf 92' lang='lat' dir='ltr'>quinto</span> <span class='ocrx_word' id='word_1_167' title='bbox 1115 1733 1138 1752; x_wconf 82' lang='lat'>».</span> 
     </span>
    </p>
   </div>
   <div class='ocr_carea' id='block_1_3' title="bbox 213 1863 1059 1897">
    <p class='ocr_par' dir='ltr' id='par_1_3' title="bbox 213 1863 1059 1897">
     <span class='ocr_line' id='line_1_28' title="bbox 213 1863 1059 1897; baseline -0.004 -5"><span class='ocrx_word' id='word_1_168' title='bbox 213 1866 302 1892; x_wconf 83' lang='grc'><strong>2792</strong></span> <span class='ocrx_word' id='word_1_169' title='bbox 608 1863 743 1897; x_wconf 87' lang='lat' dir='ltr'>Anagni,</span> <span class='ocrx_word' id='word_1_170' title='bbox 766 1863 803 1890; x_wconf 92' lang='lat'>27</span> <span class='ocrx_word' id='word_1_171' title='bbox 825 1863 948 1897; x_wconf 88' lang='lat' dir='ltr'>janvier</span> <span class='ocrx_word' id='word_1_172' title='bbox 971 1863 1059 1889; x_wconf 89' lang='lat'>1259.</span> 
     </span>
    </p>
   </div>
   <div class='ocr_carea' id='block_1_4' title="bbox 135 1916 1145 2263">
    <p class='ocr_par' dir='ltr' id='par_1_4' title="bbox 135 1916 1145 2263">
     <span class='ocr_line' id='line_1_29' title="bbox 174 1916 1142 1953; baseline -0.004 -7"><span class='ocrx_word' id='word_1_173' title='bbox 174 1919 324 1953; x_wconf 87' lang='lat' dir='ltr'>Magistro</span> <span class='ocrx_word' id='word_1_174' title='bbox 355 1918 496 1952; x_wconf 86' lang='lat' dir='ltr'>Symoni,</span> <span class='ocrx_word' id='word_1_175' title='bbox 526 1917 711 1952; x_wconf 87' lang='lat' dir='ltr'>presbytero</span> <span class='ocrx_word' id='word_1_176' title='bbox 741 1917 902 1950; x_wconf 82' lang='lat' dir='ltr'>dispensat</span> <span class='ocrx_word' id='word_1_177' title='bbox 923 1918 969 1948; x_wconf 91' lang='lat' dir='ltr'>ut,</span> <span class='ocrx_word' id='word_1_178' title='bbox 990 1923 1052 1942; x_wconf 89' lang='lat' dir='ltr'>non</span> <span class='ocrx_word' id='word_1_179' title='bbox 1072 1916 1142 1943; x_wconf 91' lang='lat' dir='ltr'>obs-</span> 
     </span>
     <span class='ocr_line' id='line_1_30' title="bbox 135 1961 1141 1995; baseline -0.005 -4"><span class='ocrx_word' id='word_1_180' title='bbox 135 1965 225 1991; x_wconf 89' lang='lat' dir='ltr'>tante</span> <span class='ocrx_word' id='word_1_181' title='bbox 257 1963 383 1991; x_wconf 85' lang='lat' dir='ltr'>defectu</span> <span class='ocrx_word' id='word_1_182' title='bbox 413 1962 568 1990; x_wconf 88' lang='lat' dir='ltr'>natalium</span> <span class='ocrx_word' id='word_1_183' title='bbox 600 1969 694 1995; x_wconf 89' lang='lat' dir='ltr'>quem</span> <span class='ocrx_word' id='word_1_184' title='bbox 724 1961 856 1995; x_wconf 85' lang='lat' dir='ltr'>patitur,</span> <span class='ocrx_word' id='word_1_185' title='bbox 889 1961 926 1987; x_wconf 90' lang='lat' dir='ltr'>de</span> <span class='ocrx_word' id='word_1_186' title='bbox 957 1961 1141 1994; x_wconf 86' lang='lat' dir='ltr'>presbytero</span> 
     </span>
     <span class='ocr_line' id='line_1_31' title="bbox 135 2004 1143 2042; baseline -0.004 -7"><span class='ocrx_word' id='word_1_187' title='bbox 135 2008 258 2042; x_wconf 81' lang='lat' dir='ltr'>genitus</span> <span class='ocrx_word' id='word_1_188' title='bbox 284 2009 316 2034; x_wconf 89' lang='lat' dir='ltr'>et</span> <span class='ocrx_word' id='word_1_189' title='bbox 342 2007 456 2039; x_wconf 83' lang='lat' dir='ltr'>soluta,</span> <span class='ocrx_word' id='word_1_190' title='bbox 482 2006 514 2033; x_wconf 88' lang='lat' dir='ltr'>in</span> <span class='ocrx_word' id='word_1_191' title='bbox 540 2005 693 2040; x_wconf 85' lang='lat' dir='ltr'>susceptis</span> <span class='ocrx_word' id='word_1_192' title='bbox 720 2004 897 2031; x_wconf 89' lang='lat' dir='ltr'>ministrare</span> <span class='ocrx_word' id='word_1_193' title='bbox 923 2004 1084 2031; x_wconf 88' lang='lat' dir='ltr'>ordinibus</span> <span class='ocrx_word' id='word_1_194' title='bbox 1111 2006 1143 2031; x_wconf 88' lang='lat' dir='ltr'>et</span> 
     </span>
     <span class='ocr_line' id='line_1_32' title="bbox 135 2048 1144 2081; baseline -0.004 -2"><span class='ocrx_word' id='word_1_195' title='bbox 135 2053 326 2079; x_wconf 84' lang='lat' dir='ltr'>decanatum</span> <span class='ocrx_word' id='word_1_196' title='bbox 345 2051 383 2078; x_wconf 89' lang='lat' dir='ltr'>de</span> <span class='ocrx_word' id='word_1_197' title='bbox 404 2050 534 2078; x_wconf 87' lang='lat' dir='ltr'>Graiaeo</span> <span class='ocrx_word' id='word_1_198' title='bbox 555 2057 592 2077; x_wconf 88' lang='lat' dir='ltr'>ac</span> <span class='ocrx_word' id='word_1_199' title='bbox 611 2049 773 2077; x_wconf 88' lang='lat' dir='ltr'>ecclesiam</span> <span class='ocrx_word' id='word_1_200' title='bbox 803 2049 841 2076; x_wconf 86' lang='lat' dir='ltr'>de</span> <span class='ocrx_word' id='word_1_201' title='bbox 871 2049 994 2081; x_wconf 88' lang='lat' dir='ltr'>Gicura,</span> <span class='ocrx_word' id='word_1_202' title='bbox 1024 2048 1144 2076; x_wconf 88' lang='lat' dir='ltr'>anima-</span> 
     </span>
     <span class='ocr_line' id='line_1_33' title="bbox 136 2093 1144 2127; baseline -0.004 -4"><span class='ocrx_word' id='word_1_203' title='bbox 136 2104 206 2123; x_wconf 90' lang='lat' dir='ltr'>rum</span> <span class='ocrx_word' id='word_1_204' title='bbox 231 2103 338 2123; x_wconf 87' lang='lat' dir='ltr'>curam</span> <span class='ocrx_word' id='word_1_205' title='bbox 363 2096 527 2127; x_wconf 87' lang='lat' dir='ltr'>habentes,</span> <span class='ocrx_word' id='word_1_206' title='bbox 553 2102 675 2122; x_wconf 90' lang='lat' dir='ltr'>necnon</span> <span class='ocrx_word' id='word_1_207' title='bbox 701 2093 905 2120; x_wconf 87' lang='lat' dir='ltr'>canonicatus</span> <span class='ocrx_word' id='word_1_208' title='bbox 935 2095 967 2120; x_wconf 91' lang='lat' dir='ltr'>et</span> <span class='ocrx_word' id='word_1_209' title='bbox 992 2094 1144 2127; x_wconf 88' lang='lat' dir='ltr'>praeben-</span> 
     </span>
     <span class='ocr_line' id='line_1_34' title="bbox 138 2137 1145 2172; baseline -0.004 -4"><span class='ocrx_word' id='word_1_210' title='bbox 138 2141 194 2168; x_wconf 88' lang='lat' dir='ltr'>das</span> <span class='ocrx_word' id='word_1_211' title='bbox 215 2148 287 2167; x_wconf 92' lang='lat' dir='ltr'>suos</span> <span class='ocrx_word' id='word_1_212' title='bbox 309 2140 374 2167; x_wconf 91' lang='lat' dir='ltr'>sine</span> <span class='ocrx_word' id='word_1_213' title='bbox 395 2147 470 2166; x_wconf 90' lang='lat' dir='ltr'>cura</span> <span class='ocrx_word' id='word_1_214' title='bbox 493 2139 522 2166; x_wconf 91' lang='lat' dir='ltr'>S.</span> <span class='ocrx_word' id='word_1_215' title='bbox 545 2139 661 2166; x_wconf 88' lang='lat' dir='ltr'>Mariae</span> <span class='ocrx_word' id='word_1_216' title='bbox 683 2138 887 2172; x_wconf 86' lang='lat' dir='ltr'>Magdalenae</span> <span class='ocrx_word' id='word_1_217' title='bbox 907 2137 1092 2164; x_wconf 85' lang='lat' dir='ltr'>Bisuntinae</span> <span class='ocrx_word' id='word_1_218' title='bbox 1114 2139 1145 2164; x_wconf 90' lang='lat' dir='ltr'>et</span> 
     </span>
     <span class='ocr_line' id='line_1_35' title="bbox 136 2182 1144 2215; baseline -0.004 -3"><span class='ocrx_word' id='word_1_219' title='bbox 136 2185 280 2213; x_wconf 87' lang='lat' dir='ltr'>Columbi</span> <span class='ocrx_word' id='word_1_220' title='bbox 304 2184 487 2212; x_wconf 87' lang='lat' dir='ltr'>monasterii</span> <span class='ocrx_word' id='word_1_221' title='bbox 511 2183 699 2211; x_wconf 85' lang='lat' dir='ltr'>secularium</span> <span class='ocrx_word' id='word_1_222' title='bbox 724 2182 934 2215; x_wconf 88' lang='lat' dir='ltr'>ecclesiarum,</span> <span class='ocrx_word' id='word_1_223' title='bbox 959 2182 1144 2209; x_wconf 88' lang='lat' dir='ltr'>Bisuntinae</span> 
     </span>
     <span class='ocr_line' id='line_1_36' title="bbox 138 2227 1103 2263; baseline -0.004 -6"><span class='ocrx_word' id='word_1_224' title='bbox 138 2230 278 2262; x_wconf 85' lang='lat' dir='ltr'>diocesis,</span> <span class='ocrx_word' id='word_1_225' title='bbox 294 2229 427 2257; x_wconf 88' lang='lat' dir='ltr'>retinere</span> <span class='ocrx_word' id='word_1_226' title='bbox 442 2228 551 2263; x_wconf 86' lang='lat' dir='ltr'>possit.</span> <span class='ocrx_word' id='word_1_227' title='bbox 569 2228 666 2262; x_wconf 73' lang='lat' dir='ltr'>(Hm.</span> <span class='ocrx_word' id='word_1_228' title='bbox 684 2227 733 2260; x_wconf 89' lang='lat'>25,</span> <span class='ocrx_word' id='word_1_229' title='bbox 749 2227 771 2254; x_wconf 84' lang='lat' dir='ltr'>f.</span> <span class='ocrx_word' id='word_1_230' title='bbox 790 2227 858 2260; x_wconf 88' lang='grc'><strong>190,</strong></span> <span class='ocrx_word' id='word_1_231' title='bbox 875 2234 925 2254; x_wconf 87' lang='lat' dir='ltr'>an.</span> <span class='ocrx_word' id='word_1_232' title='bbox 943 2227 981 2260; x_wconf 86' lang='lat' dir='ltr'>V,</span> <span class='ocrx_word' id='word_1_233' title='bbox 998 2234 1023 2254; x_wconf 91' lang='lat' dir='ltr'>c.</span> <span class='ocrx_word' id='word_1_234' title='bbox 1041 2227 1103 2260; x_wconf 87' lang='lat'>26.)</span> 
     </span>
    </p>
   </div>
   <div class='ocr_carea' id='block_1_5' title="bbox 140 2334 1149 2592">
    <p class='ocr_par' dir='ltr' id='par_1_5' title="bbox 140 2334 1149 2592">
     <span class='ocr_line' id='line_1_37' title="bbox 188 2334 1149 2380; baseline -0.005 -9"><span class='ocrx_word' id='word_1_235' title='bbox 188 2352 199 2367; x_wconf 85' lang='lat'>«</span> <span class='ocrx_word' id='word_1_236' title='bbox 238 2338 411 2380; x_wconf 72' lang='lat' dir='ltr'>Maqistro</span> <span class='ocrx_word' id='word_1_237' title='bbox 452 2337 606 2380; x_wconf 80' lang='lat' dir='ltr'>Symoni,</span> <span class='ocrx_word' id='word_1_238' title='bbox 646 2335 840 2379; x_wconf 79' lang='lat' dir='ltr'>presbitero,</span> <span class='ocrx_word' id='word_1_239' title='bbox 881 2336 1005 2367; x_wconf 78' lang='lat' dir='ltr'>decano</span> <span class='ocrx_word' id='word_1_240' title='bbox 1045 2334 1149 2366; x_wconf 77' lang='lat' dir='ltr'>chris-</span> 
     </span>
     <span class='ocr_line' id='line_1_38' title="bbox 140 2387 1148 2430; baseline -0.005 -7"><span class='ocrx_word' id='word_1_241' title='bbox 140 2392 311 2424; x_wconf 79' lang='lat' dir='ltr'>tianitatis</span> <span class='ocrx_word' id='word_1_242' title='bbox 337 2392 375 2424; x_wconf 79' lang='lat' dir='ltr'>(Ie</span> <span class='ocrx_word' id='word_1_243' title='bbox 407 2391 561 2428; x_wconf 71' lang='lat' dir='ltr'>Graiam,</span> <span class='ocrx_word' id='word_1_244' title='bbox 588 2390 769 2422; x_wconf 77' lang='lat' dir='ltr'>Bisontine</span> <span class='ocrx_word' id='word_1_245' title='bbox 794 2388 946 2426; x_wconf 74' lang='lat' dir='ltr'>diocesis,</span> <span class='ocrx_word' id='word_1_246' title='bbox 974 2387 1148 2430; x_wconf 77' lang='lat' dir='ltr'>capellano</span> 
     </span>
     <span class='ocr_line' id='line_1_39' title="bbox 141 2441 1148 2484; baseline -0.005 -7"><span class='ocrx_word' id='word_1_247' title='bbox 141 2444 188 2477; x_wconf 91' lang='lat' dir='ltr'>H.</span> <span class='ocrx_word' id='word_1_248' title='bbox 216 2444 307 2476; x_wconf 78' lang='lat' dir='ltr'>tituli</span> <span class='ocrx_word' id='word_1_249' title='bbox 335 2444 456 2476; x_wconf 77' lang='lat' dir='ltr'>Sancte</span> <span class='ocrx_word' id='word_1_250' title='bbox 483 2443 611 2476; x_wconf 79' lang='lat' dir='ltr'>Sabine</span> <span class='ocrx_word' id='word_1_251' title='bbox 636 2442 814 2484; x_wconf 74' lang='lat' dir='ltr'>presbiteri</span> <span class='ocrx_word' id='word_1_252' title='bbox 842 2441 1039 2473; x_wconf 75' lang='lat' dir='ltr'>cardinalis.</span> <span class='ocrx_word' id='word_1_253' title='bbox 1068 2441 1148 2472; x_wconf 75' lang='lat' dir='ltr'>Vite</span> 
     </span>
     <span class='ocr_line' id='line_1_40' title="bbox 143 2494 1147 2537; baseline -0.005 -7"><span class='ocrx_word' id='word_1_254' title='bbox 143 2498 319 2530; x_wconf 85' lang='lat' dir='ltr'>munditia</span> <span class='ocrx_word' id='word_1_255' title='bbox 345 2501 411 2529; x_wconf 88' lang='lat' dir='ltr'>etc.</span> <span class='ocrx_word' id='word_1_256' title='bbox 437 2516 481 2519; x_wconf 88' lang='lat'><strong>—</strong></span> <span class='ocrx_word' id='word_1_257' title='bbox 508 2497 591 2528; x_wconf 88' lang='lat' dir='ltr'>Dat.</span> <span class='ocrx_word' id='word_1_258' title='bbox 616 2496 787 2537; x_wconf 79' lang='lat' dir='ltr'>Anagnie‚</span> <span class='ocrx_word' id='word_1_259' title='bbox 810 2495 857 2527; x_wconf 78' lang='lat' dir='ltr'>VI</span> <span class='ocrx_word' id='word_1_260' title='bbox 879 2494 948 2527; x_wconf 81' lang='lat' dir='ltr'>kal.</span> <span class='ocrx_word' id='word_1_261' title='bbox 970 2494 1147 2530; x_wconf 75' lang='lat' dir='ltr'>februarii,</span> 
     </span>
     <span class='ocr_line' id='line_1_41' title="bbox 142 2551 432 2592; baseline -0.014 -9"><span class='ocrx_word' id='word_1_262' title='bbox 142 2561 234 2583; x_wconf 87' lang='lat' dir='ltr'>anno</span> <span class='ocrx_word' id='word_1_263' title='bbox 257 2551 395 2592; x_wconf 89' lang='lat' dir='ltr'>quinto.</span> <span class='ocrx_word' id='word_1_264' title='bbox 419 2564 432 2579; x_wconf 82' lang='grc'>»</span> 
     </span>
    </p>
   </div>
   <div class='ocr_carea' id='block_1_6' title="bbox 223 2684 1067 2720">
    <p class='ocr_par' dir='ltr' id='par_1_6' title="bbox 223 2684 1067 2720">
     <span class='ocr_line' id='line_1_42' title="bbox 223 2684 1067 2720; baseline -0.004 -7"><span class='ocrx_word' id='word_1_265' title='bbox 223 2687 311 2713; x_wconf 80' lang='grc'><strong>2793</strong></span> <span class='ocrx_word' id='word_1_266' title='bbox 647 2686 780 2720; x_wconf 87' lang='lat' dir='ltr'>Anagni,</span> <span class='ocrx_word' id='word_1_267' title='bbox 804 2686 821 2712; x_wconf 85' lang='lat'>9</span> <span class='ocrx_word' id='word_1_268' title='bbox 844 2685 958 2712; x_wconf 73' lang='lat' dir='ltr'>sevrier</span> <span class='ocrx_word' id='word_1_269' title='bbox 982 2684 1067 2710; x_wconf 86' lang='lat'>1259.</span> 
     </span>
    </p>
   </div>
   <div class='ocr_carea' id='block_1_7' title="bbox 144 2736 1151 3041">
    <p class='ocr_par' dir='ltr' id='par_1_7' title="bbox 144 2736 1151 3041">
     <span class='ocr_line' id='line_1_43' title="bbox 184 2736 1151 2775; baseline -0.005 -8"><span class='ocrx_word' id='word_1_270' title='bbox 184 2740 358 2775; x_wconf 87' lang='lat' dir='ltr'>Capellanis</span> <span class='ocrx_word' id='word_1_271' title='bbox 389 2740 548 2774; x_wconf 84' lang='lat' dir='ltr'>perpetuis</span> <span class='ocrx_word' id='word_1_272' title='bbox 579 2740 686 2766; x_wconf 88' lang='lat' dir='ltr'>altaris</span> <span class='ocrx_word' id='word_1_273' title='bbox 717 2739 746 2766; x_wconf 89' lang='lat' dir='ltr'>S.</span> <span class='ocrx_word' id='word_1_274' title='bbox 775 2739 933 2765; x_wconf 87' lang='lat' dir='ltr'>Barbarae</span> <span class='ocrx_word' id='word_1_275' title='bbox 962 2738 994 2764; x_wconf 89' lang='lat' dir='ltr'>in</span> <span class='ocrx_word' id='word_1_276' title='bbox 1023 2736 1151 2763; x_wconf 86' lang='lat' dir='ltr'>ecclesia</span> 
     </span>
     <span class='ocr_line' id='line_1_44' title="bbox 144 2780 1151 2819; baseline -0.005 -7"><span class='ocrx_word' id='word_1_277' title='bbox 144 2785 315 2817; x_wconf 84' lang='lat' dir='ltr'>Parmensi,</span> <span class='ocrx_word' id='word_1_278' title='bbox 345 2785 385 2812; x_wconf 90' lang='lat' dir='ltr'>ad</span> <span class='ocrx_word' id='word_1_279' title='bbox 414 2784 556 2819; x_wconf 85' lang='lat' dir='ltr'>magistri</span> <span class='ocrx_word' id='word_1_280' title='bbox 585 2784 718 2816; x_wconf 85' lang='lat' dir='ltr'>Alherti,</span> <span class='ocrx_word' id='word_1_281' title='bbox 747 2783 862 2810; x_wconf 88' lang='lat' dir='ltr'>notarii</span> <span class='ocrx_word' id='word_1_282' title='bbox 891 2781 1066 2816; x_wconf 87' lang='lat' dir='ltr'>apostolici,</span> <span class='ocrx_word' id='word_1_283' title='bbox 1096 2780 1151 2814; x_wconf 88' lang='lat' dir='ltr'>qui</span> 
     </span>
     <span class='ocr_line' id='line_1_45' title="bbox 145 2826 1151 2864; baseline -0.006 -6"><span class='ocrx_word' id='word_1_284' title='bbox 145 2830 245 2858; x_wconf 82' lang='lat' dir='ltr'>dictas</span> <span class='ocrx_word' id='word_1_285' title='bbox 263 2829 450 2864; x_wconf 84' lang='lat' dir='ltr'>capellanias</span> <span class='ocrx_word' id='word_1_286' title='bbox 469 2829 508 2857; x_wconf 90' lang='lat' dir='ltr'>de</span> <span class='ocrx_word' id='word_1_287' title='bbox 525 2829 614 2856; x_wconf 86' lang='lat' dir='ltr'>bonis</span> <span class='ocrx_word' id='word_1_288' title='bbox 633 2828 765 2862; x_wconf 89' lang='lat' dir='ltr'>propriis</span> <span class='ocrx_word' id='word_1_289' title='bbox 783 2828 899 2854; x_wconf 84' lang='lat' dir='ltr'>fecerat</span> <span class='ocrx_word' id='word_1_290' title='bbox 924 2828 956 2854; x_wconf 87' lang='lat' dir='ltr'>et</span> <span class='ocrx_word' id='word_1_291' title='bbox 983 2826 1151 2853; x_wconf 87' lang='lat' dir='ltr'>dotaverat</span> 
     </span>
     <span class='ocr_line' id='line_1_46' title="bbox 144 2870 1151 2909; baseline -0.006 -8"><span class='ocrx_word' id='word_1_292' title='bbox 144 2874 418 2909; x_wconf 87' lang='lat' dir='ltr'>supplicationem,</span> <span class='ocrx_word' id='word_1_293' title='bbox 444 2873 587 2907; x_wconf 87' lang='lat' dir='ltr'>indulget</span> <span class='ocrx_word' id='word_1_294' title='bbox 612 2874 659 2905; x_wconf 86' lang='lat' dir='ltr'>ut,</span> <span class='ocrx_word' id='word_1_295' title='bbox 684 2880 756 2899; x_wconf 89' lang='lat' dir='ltr'>cum</span> <span class='ocrx_word' id='word_1_296' title='bbox 782 2871 923 2905; x_wconf 84' lang='lat' dir='ltr'>generale</span> <span class='ocrx_word' id='word_1_297' title='bbox 947 2870 1151 2898; x_wconf 88' lang='lat' dir='ltr'>interdictum</span> 
     </span>
     <span class='ocr_line' id='line_1_47' title="bbox 144 2914 1150 2951; baseline -0.005 -6"><span class='ocrx_word' id='word_1_298' title='bbox 144 2920 245 2946; x_wconf 88' lang='lat' dir='ltr'>terrae</span> <span class='ocrx_word' id='word_1_299' title='bbox 279 2918 373 2945; x_wconf 85' lang='lat' dir='ltr'>fuerit</span> <span class='ocrx_word' id='word_1_300' title='bbox 407 2925 461 2944; x_wconf 81' lang='lat' dir='ltr'>seu</span> <span class='ocrx_word' id='word_1_301' title='bbox 496 2918 592 2945; x_wconf 89' lang='lat' dir='ltr'>etiam</span> <span class='ocrx_word' id='word_1_302' title='bbox 627 2916 759 2951; x_wconf 85' lang='lat' dir='ltr'>speciale</span> <span class='ocrx_word' id='word_1_303' title='bbox 794 2915 970 2943; x_wconf 84' lang='lat' dir='ltr'>Parmensis</span> <span class='ocrx_word' id='word_1_304' title='bbox 1005 2914 1150 2942; x_wconf 88' lang='lat' dir='ltr'>ecclesiae</span> 
     </span>
     <span class='ocr_line' id='line_1_48' title="bbox 146 2957 1151 2995; baseline -0.006 -6"><span class='ocrx_word' id='word_1_305' title='bbox 146 2962 344 2995; x_wconf 87' lang='lat' dir='ltr'>cathedralis,</span> <span class='ocrx_word' id='word_1_306' title='bbox 369 2962 461 2989; x_wconf 89' lang='lat' dir='ltr'>liceat</span> <span class='ocrx_word' id='word_1_307' title='bbox 486 2962 539 2994; x_wconf 91' lang='lat' dir='ltr'>eis,</span> <span class='ocrx_word' id='word_1_308' title='bbox 565 2961 676 2988; x_wconf 90' lang='lat' dir='ltr'>clausis</span> <span class='ocrx_word' id='word_1_309' title='bbox 700 2960 804 2995; x_wconf 84' lang='lat' dir='ltr'>januis</span> <span class='ocrx_word' id='word_1_310' title='bbox 829 2961 888 2987; x_wconf 86' lang='lat' dir='ltr'>etc.</span> <span class='ocrx_word' id='word_1_311' title='bbox 914 2959 1021 2986; x_wconf 88' lang='lat' dir='ltr'>divina</span> <span class='ocrx_word' id='word_1_312' title='bbox 1046 2957 1151 2985; x_wconf 82' lang='lat' dir='ltr'>officia</span> 
     </span>
     <span class='ocr_line' id='line_1_49' title="bbox 147 3004 875 3041; baseline -0.004 -7"><span class='ocrx_word' id='word_1_313' title='bbox 147 3007 310 3034; x_wconf 83' lang='lat' dir='ltr'>celebrare.</span> <span class='ocrx_word' id='word_1_314' title='bbox 329 3006 427 3041; x_wconf 74' lang='lat' dir='ltr'>(Bm.</span> <span class='ocrx_word' id='word_1_315' title='bbox 446 3006 495 3040; x_wconf 88' lang='lat'>25,</span> <span class='ocrx_word' id='word_1_316' title='bbox 513 3006 534 3033; x_wconf 80' lang='lat' dir='ltr'>f.</span> <span class='ocrx_word' id='word_1_317' title='bbox 554 3006 622 3039; x_wconf 86' lang='lat'>190,</span> <span class='ocrx_word' id='word_1_318' title='bbox 641 3013 691 3033; x_wconf 88' lang='lat' dir='ltr'>an.</span> <span class='ocrx_word' id='word_1_319' title='bbox 710 3005 748 3038; x_wconf 82' lang='lat' dir='ltr'>V,</span> <span class='ocrx_word' id='word_1_320' title='bbox 767 3012 792 3032; x_wconf 91' lang='lat' dir='ltr'>c.</span> <span class='ocrx_word' id='word_1_321' title='bbox 812 3004 875 3039; x_wconf 87' lang='lat'>27.)</span> 
     </span>
    </p>
   </div>
   <div class='ocr_carea' id='block_1_8' title="bbox 1185 577 1193 1331">
    <p class='ocr_par' dir='ltr' id='par_1_8' title="bbox 1185 577 1193 1331">
     <span class='ocr_line' id='line_1_50' title="bbox 1185 577 1193 1331; baseline 0 0"><span class='ocrx_word' id='word_1_322' title='bbox 1185 577 1193 1331; x_wconf 95' lang='lat' dir='ltr'> </span> 
     </span>
    </p>
   </div>
   <div class='ocr_carea' id='block_1_9' title="bbox 1192 1882 1203 2686">
    <p class='ocr_par' dir='ltr' id='par_1_9' title="bbox 1192 1882 1203 2686">
     <span class='ocr_line' id='line_1_51' title="bbox 1192 1882 1203 2686; baseline 0 0"><span class='ocrx_word' id='word_1_323' title='bbox 1192 1882 1203 2686; x_wconf 95' lang='lat' dir='ltr'> </span> 
     </span>
    </p>
   </div>
   <div class='ocr_carea' id='block_1_10' title="bbox 1243 388 2246 534">
    <p class='ocr_par' dir='ltr' id='par_1_10' title="bbox 1243 388 2246 534">
     <span class='ocr_line' id='line_1_52' title="bbox 1287 388 2244 430; baseline -0.001 -10"><span class='ocrx_word' id='word_1_324' title='bbox 1287 403 1298 416; x_wconf 72' lang='grc'>11</span> <span class='ocrx_word' id='word_1_325' title='bbox 1338 389 1534 430; x_wconf 71' lang='lat' dir='ltr'>Caprllanis</span> <span class='ocrx_word' id='word_1_326' title='bbox 1570 388 1742 430; x_wconf 70' lang='lat' dir='ltr'>perpetuis</span> <span class='ocrx_word' id='word_1_327' title='bbox 1779 388 1896 419; x_wconf 70' lang='lat' dir='ltr'>{iliaris</span> <span class='ocrx_word' id='word_1_328' title='bbox 1935 388 2053 419; x_wconf 69' lang='lat' dir='ltr'>Saliclc</span> <span class='ocrx_word' id='word_1_329' title='bbox 2095 389 2244 419; x_wconf 67' lang='lat' dir='ltr'>Barbare</span> 
     </span>
     <span class='ocr_line' id='line_1_53' title="bbox 1243 440 2241 479; baseline -0.001 -7"><span class='ocrx_word' id='word_1_330' title='bbox 1243 443 1277 473; x_wconf 81' lang='grc' dir='ltr'><strong>ι’11</strong></span> <span class='ocrx_word' id='word_1_331' title='bbox 1317 442 1451 473; x_wconf 62' lang='lat' dir='ltr'>eet-lesia</span> <span class='ocrx_word' id='word_1_332' title='bbox 1493 441 1682 473; x_wconf 62' lang='lat' dir='ltr'>Parma-nsi.</span> <span class='ocrx_word' id='word_1_333' title='bbox 1725 441 1851 471; x_wconf 80' lang='lat' dir='ltr'>Dilccti</span> <span class='ocrx_word' id='word_1_334' title='bbox 1890 440 1951 471; x_wconf 84' lang='lat' dir='ltr'>l&#39;illi</span> <span class='ocrx_word' id='word_1_335' title='bbox 1992 441 2148 479; x_wconf 60' lang='lat' dir='ltr'>magistri</span> <span class='ocrx_word' id='word_1_336' title='bbox 2195 461 2241 472; x_wconf 35' lang='grc' dir='ltr'>ἡ.</span> 
     </span>
     <span class='ocr_line' id='line_1_54' title="bbox 1244 493 2246 534; baseline -0.003 -8"><span class='ocrx_word' id='word_1_337' title='bbox 1244 496 1326 526; x_wconf 73' lang='lat' dir='ltr'>Dat.</span> <span class='ocrx_word' id='word_1_338' title='bbox 1354 496 1522 534; x_wconf 58' lang='lat' dir='ltr'>Anagnic,</span> <span class='ocrx_word' id='word_1_339' title='bbox 1550 495 1578 525; x_wconf 74' lang='lat' dir='ltr'>V</span> <span class='ocrx_word' id='word_1_340' title='bbox 1605 494 1720 525; x_wconf 84' lang='lat' dir='ltr'>idibus</span> <span class='ocrx_word' id='word_1_341' title='bbox 1747 493 1921 527; x_wconf 70' lang='lat' dir='ltr'>februarii,</span> <span class='ocrx_word' id='word_1_342' title='bbox 1951 503 2042 524; x_wconf 86' lang='lat' dir='ltr'>anno</span> <span class='ocrx_word' id='word_1_343' title='bbox 2071 494 2206 534; x_wconf 78' lang='lat' dir='ltr'>quinto.</span> <span class='ocrx_word' id='word_1_344' title='bbox 2236 508 2246 521; x_wconf 83' lang='lat'>»</span> 
     </span>
    </p>
   </div>
   <div class='ocr_carea' id='block_1_11' title="bbox 1243 638 2248 858">
    <p class='ocr_par' dir='ltr' id='par_1_11' title="bbox 1243 638 2248 858">
     <span class='ocr_line' id='line_1_55' title="bbox 1322 638 2164 671; baseline -0.002 -6"><span class='ocrx_word' id='word_1_345' title='bbox 1322 639 1410 665; x_wconf 81' lang='grc'><strong>2794</strong></span> <span class='ocrx_word' id='word_1_346' title='bbox 1737 639 1869 671; x_wconf 65' lang='lat' dir='ltr'>Ari-agni,</span> <span class='ocrx_word' id='word_1_347' title='bbox 1893 638 1909 664; x_wconf 72' lang='lat' dir='ltr'>-l</span> <span class='ocrx_word' id='word_1_348' title='bbox 1932 638 2054 671; x_wconf 74' lang='lat' dir='ltr'>Janvicr</span> <span class='ocrx_word' id='word_1_349' title='bbox 2079 638 2164 664; x_wconf 73' lang='lat'>12:39.</span> 
     </span>
     <span class='ocr_line' id='line_1_56' title="bbox 1283 692 2248 726; baseline -0.004 -5"><span class='ocrx_word' id='word_1_350' title='bbox 1283 695 1395 721; x_wconf 86' lang='lat' dir='ltr'>Omnia</span> <span class='ocrx_word' id='word_1_351' title='bbox 1422 695 1460 720; x_wconf 91' lang='lat' dir='ltr'>ab</span> <span class='ocrx_word' id='word_1_352' title='bbox 1488 694 1631 726; x_wconf 81' lang='lat' dir='ltr'>Hugone,</span> <span class='ocrx_word' id='word_1_353' title='bbox 1659 692 1743 719; x_wconf 85' lang='lat' dir='ltr'>tituli</span> <span class='ocrx_word' id='word_1_354' title='bbox 1770 692 1797 718; x_wconf 88' lang='lat' dir='ltr'>S.</span> <span class='ocrx_word' id='word_1_355' title='bbox 1827 692 1959 718; x_wconf 80' lang='lat' dir='ltr'>Sabinae</span> <span class='ocrx_word' id='word_1_356' title='bbox 1999 692 2191 724; x_wconf 77' lang='lat' dir='ltr'>presbytero.</span> <span class='ocrx_word' id='word_1_357' title='bbox 2218 693 2248 717; x_wconf 87' lang='lat' dir='ltr'>et</span> 
     </span>
     <span class='ocr_line' id='line_1_57' title="bbox 1244 736 2247 770; baseline -0.005 -5"><span class='ocrx_word' id='word_1_358' title='bbox 1244 739 1416 770; x_wconf 87' lang='lat' dir='ltr'>Ottobono,</span> <span class='ocrx_word' id='word_1_359' title='bbox 1444 739 1472 765; x_wconf 88' lang='lat' dir='ltr'>S.</span> <span class='ocrx_word' id='word_1_360' title='bbox 1501 738 1630 764; x_wconf 72' lang='lat' dir='ltr'>Adriani</span> <span class='ocrx_word' id='word_1_361' title='bbox 1657 737 1787 763; x_wconf 87' lang='lat' dir='ltr'>diacono</span> <span class='ocrx_word' id='word_1_362' title='bbox 1815 736 2024 762; x_wconf 83' lang='lat' dir='ltr'>cardinalibus</span> <span class='ocrx_word' id='word_1_363' title='bbox 2051 743 2144 769; x_wconf 84' lang='lat' dir='ltr'>super</span> <span class='ocrx_word' id='word_1_364' title='bbox 2170 736 2247 768; x_wconf 79' lang='lat' dir='ltr'>regi-</span> 
     </span>
     <span class='ocr_line' id='line_1_58' title="bbox 1244 780 2243 811; baseline -0.005 -2"><span class='ocrx_word' id='word_1_365' title='bbox 1244 783 1325 809; x_wconf 81' lang='lat' dir='ltr'>mine</span> <span class='ocrx_word' id='word_1_366' title='bbox 1351 782 1531 809; x_wconf 89' lang='lat' dir='ltr'>monasterii</span> <span class='ocrx_word' id='word_1_367' title='bbox 1556 782 1765 808; x_wconf 80' lang='lat' dir='ltr'>Andcciarum</span> <span class='ocrx_word' id='word_1_368' title='bbox 1790 788 1842 807; x_wconf 80' lang='lat' dir='ltr'>scu</span> <span class='ocrx_word' id='word_1_369' title='bbox 1868 780 2047 811; x_wconf 66' lang='lat' dir='ltr'>Vivffontts,</span> <span class='ocrx_word' id='word_1_370' title='bbox 2075 780 2189 805; x_wconf 78' lang='lat' dir='ltr'>ordinis</span> <span class='ocrx_word' id='word_1_371' title='bbox 2215 780 2243 805; x_wconf 72' lang='lat' dir='ltr'>S.</span> 
     </span>
     <span class='ocr_line' id='line_1_59' title="bbox 1243 824 2239 858; baseline -0.005 -4"><span class='ocrx_word' id='word_1_372' title='bbox 1243 827 1414 858; x_wconf 81' lang='lat' dir='ltr'>Benedicti,</span> <span class='ocrx_word' id='word_1_373' title='bbox 1447 826 1706 853; x_wconf 83' lang='lat' dir='ltr'>Cathalauncnsis</span> <span class='ocrx_word' id='word_1_374' title='bbox 1738 825 1877 853; x_wconf 73' lang='lat' dir='ltr'>diocesis,</span> <span class='ocrx_word' id='word_1_375' title='bbox 1909 826 2031 850; x_wconf 85' lang='lat' dir='ltr'>statuta</span> <span class='ocrx_word' id='word_1_376' title='bbox 2063 824 2239 855; x_wconf 78' lang='lat' dir='ltr'>confirmat,</span> 
     </span>
    </p>
   </div>
   <div class='ocr_carea' id='block_1_12' title="bbox 1244 868 2245 949">
    <p class='ocr_par' dir='ltr' id='par_1_12' title="bbox 1244 868 2245 949">
     <span class='ocr_line' id='line_1_60' title="bbox 1245 868 2245 898; baseline -0.004 0"><span class='ocrx_word' id='word_1_377' title='bbox 1245 874 1386 898; x_wconf 86' lang='lat' dir='ltr'>tenorem</span> <span class='ocrx_word' id='word_1_378' title='bbox 1428 872 1584 898; x_wconf 87' lang='lat' dir='ltr'>dictorum</span> <span class='ocrx_word' id='word_1_379' title='bbox 1627 870 1833 896; x_wconf 87' lang='lat' dir='ltr'>cardinalium</span> <span class='ocrx_word' id='word_1_380' title='bbox 1875 869 2050 895; x_wconf 86' lang='lat' dir='ltr'>litterarum</span> <span class='ocrx_word' id='word_1_381' title='bbox 2094 868 2245 894; x_wconf 85' lang='lat' dir='ltr'>inserens.</span> 
     </span>
     <span class='ocr_line' id='line_1_61' title="bbox 1244 914 1794 949; baseline -0.005 -7"><span class='ocrx_word' id='word_1_382' title='bbox 1244 916 1341 949; x_wconf 65' lang='lat' dir='ltr'>(Rau.</span> <span class='ocrx_word' id='word_1_383' title='bbox 1362 915 1410 948; x_wconf 91' lang='lat'>25,</span> <span class='ocrx_word' id='word_1_384' title='bbox 1430 916 1450 942; x_wconf 78' lang='lat' dir='ltr'>t.</span> <span class='ocrx_word' id='word_1_385' title='bbox 1473 916 1540 947; x_wconf 82' lang='lat'>190,</span> <span class='ocrx_word' id='word_1_386' title='bbox 1560 922 1609 941; x_wconf 90' lang='lat' dir='ltr'>an.</span> <span class='ocrx_word' id='word_1_387' title='bbox 1630 914 1667 945; x_wconf 88' lang='lat' dir='ltr'>V,</span> <span class='ocrx_word' id='word_1_388' title='bbox 1687 922 1711 940; x_wconf 89' lang='lat' dir='ltr'>c.</span> <span class='ocrx_word' id='word_1_389' title='bbox 1733 914 1794 947; x_wconf 84' lang='lat'>28.)</span> 
     </span>
    </p>
   </div>
   <div class='ocr_carea' id='block_1_13' title="bbox 1246 1003 2256 2163">
    <p class='ocr_par' dir='ltr' id='par_1_13' title="bbox 1246 1003 2256 2163">
     <span class='ocr_line' id='line_1_62' title="bbox 1292 1003 2250 1047; baseline -0.003 -10"><span class='ocrx_word' id='word_1_390' title='bbox 1292 1021 1303 1033; x_wconf 79' lang='lat'>«</span> <span class='ocrx_word' id='word_1_391' title='bbox 1334 1007 1539 1047; x_wconf 55' lang='lat' dir='ltr'>llltiivjurete,</span> <span class='ocrx_word' id='word_1_392' title='bbox 1573 1005 1753 1041; x_wconf 71' lang='lat' dir='ltr'>abbatisse,</span> <span class='ocrx_word' id='word_1_393' title='bbox 1787 1007 1814 1035; x_wconf 79' lang='lat' dir='ltr'>cl</span> <span class='ocrx_word' id='word_1_394' title='bbox 1846 1005 2021 1035; x_wconf 72' lang='lat' dir='ltr'>cmivenlui</span> <span class='ocrx_word' id='word_1_395' title='bbox 2054 1003 2250 1035; x_wconf 75' lang='lat' dir='ltr'>monasterii</span> 
     </span>
     <span class='ocr_line' id='line_1_63' title="bbox 1247 1057 2251 1099; baseline -0.003 -9"><span class='ocrx_word' id='word_1_396' title='bbox 1247 1059 1477 1090; x_wconf 34' lang='lat' dir='ltr'>[wdecim-unz</span> <span class='ocrx_word' id='word_1_397' title='bbox 1509 1069 1566 1089; x_wconf 76' lang='lat' dir='ltr'>seii</span> <span class='ocrx_word' id='word_1_398' title='bbox 1605 1058 1800 1099; x_wconf 47' lang='lat' dir='ltr'>Vivifonti&amp;</span> <span class='ocrx_word' id='word_1_399' title='bbox 1834 1058 1964 1089; x_wconf 74' lang='lat' dir='ltr'>ordinis</span> <span class='ocrx_word' id='word_1_400' title='bbox 1998 1058 2113 1089; x_wconf 71' lang='lat' dir='ltr'>Sancti</span> <span class='ocrx_word' id='word_1_401' title='bbox 2147 1057 2251 1087; x_wconf 71' lang='lat' dir='ltr'>Benc-</span> 
     </span>
     <span class='ocr_line' id='line_1_64' title="bbox 1246 1111 2248 1151; baseline -0.002 -8"><span class='ocrx_word' id='word_1_402' title='bbox 1246 1112 1337 1147; x_wconf 73' lang='lat' dir='ltr'>(lic-ti,</span> <span class='ocrx_word' id='word_1_403' title='bbox 1376 1112 1661 1144; x_wconf 55' lang='lat' dir='ltr'>Gallianumensis</span> <span class='ocrx_word' id='word_1_404' title='bbox 1696 1111 1848 1142; x_wconf 77' lang='lat' dir='ltr'>diocesis.</span> <span class='ocrx_word' id='word_1_405' title='bbox 1886 1111 1981 1141; x_wconf 85' lang='lat' dir='ltr'>Licet</span> <span class='ocrx_word' id='word_1_406' title='bbox 2018 1120 2057 1142; x_wconf 89' lang='lat' dir='ltr'>ea</span> <span class='ocrx_word' id='word_1_407' title='bbox 2094 1121 2160 1151; x_wconf 80' lang='lat' dir='ltr'>quc</span> <span class='ocrx_word' id='word_1_408' title='bbox 2197 1130 2248 1141; x_wconf 29' lang='grc' dir='ltr'>ἡ.</span> 
     </span>
     <span class='ocr_line' id='line_1_65' title="bbox 1248 1164 2250 1196; baseline -0.002 0"><span class='ocrx_word' id='word_1_409' title='bbox 1248 1167 1336 1196; x_wconf 87' lang='lat' dir='ltr'>Sane</span> <span class='ocrx_word' id='word_1_410' title='bbox 1369 1165 1486 1196; x_wconf 85' lang='lat' dir='ltr'>dilecti</span> <span class='ocrx_word' id='word_1_411' title='bbox 1519 1165 1580 1196; x_wconf 78' lang='lat' dir='ltr'>filii</span> <span class='ocrx_word' id='word_1_412' title='bbox 1614 1165 1722 1196; x_wconf 79' lang='lat' dir='ltr'>nostri</span> <span class='ocrx_word' id='word_1_413' title='bbox 1756 1165 1800 1195; x_wconf 90' lang='lat' dir='ltr'>H.</span> <span class='ocrx_word' id='word_1_414' title='bbox 1835 1164 1930 1195; x_wconf 88' lang='lat' dir='ltr'>tituli</span> <span class='ocrx_word' id='word_1_415' title='bbox 1964 1165 2091 1195; x_wconf 90' lang='lat' dir='ltr'>Sancte</span> <span class='ocrx_word' id='word_1_416' title='bbox 2124 1164 2250 1195; x_wconf 79' lang='lat' dir='ltr'>Sabine</span> 
     </span>
     <span class='ocr_line' id='line_1_66' title="bbox 1247 1217 2251 1260; baseline -0.002 -10"><span class='ocrx_word' id='word_1_417' title='bbox 1247 1219 1428 1260; x_wconf 82' lang='lat' dir='ltr'>presbiter,</span> <span class='ocrx_word' id='word_1_418' title='bbox 1462 1221 1495 1250; x_wconf 84' lang='lat' dir='ltr'>et</span> <span class='ocrx_word' id='word_1_419' title='bbox 1532 1218 1571 1250; x_wconf 59' lang='lat'>(⁷).</span> <span class='ocrx_word' id='word_1_420' title='bbox 1607 1218 1725 1249; x_wconf 83' lang='lat' dir='ltr'>Sancti</span> <span class='ocrx_word' id='word_1_421' title='bbox 1759 1218 1905 1249; x_wconf 76' lang='lat' dir='ltr'>Adriani</span> <span class='ocrx_word' id='word_1_422' title='bbox 1939 1218 2108 1248; x_wconf 86' lang='lat' dir='ltr'>diaconus</span> <span class='ocrx_word' id='word_1_423' title='bbox 2141 1217 2251 1248; x_wconf 82' lang='lat' dir='ltr'>cardi-</span> 
     </span>
     <span class='ocr_line' id='line_1_67' title="bbox 1248 1270 2249 1309; baseline -0.002 -6"><span class='ocrx_word' id='word_1_424' title='bbox 1248 1272 1353 1309; x_wconf 81' lang='lat' dir='ltr'>nales,</span> <span class='ocrx_word' id='word_1_425' title='bbox 1377 1272 1591 1303; x_wconf 85' lang='lat' dir='ltr'>auctoritate</span> <span class='ocrx_word' id='word_1_426' title='bbox 1615 1275 1733 1302; x_wconf 86' lang='lat' dir='ltr'>nostra</span> <span class='ocrx_word' id='word_1_427' title='bbox 1755 1271 1820 1301; x_wconf 88' lang='lat' dir='ltr'>sibi</span> <span class='ocrx_word' id='word_1_428' title='bbox 1842 1271 1923 1302; x_wconf 71' lang='lat' dir='ltr'>viva</span> <span class='ocrx_word' id='word_1_429' title='bbox 1946 1281 2030 1302; x_wconf 75' lang='lat' dir='ltr'>voce</span> <span class='ocrx_word' id='word_1_430' title='bbox 2053 1270 2249 1305; x_wconf 81' lang='lat' dir='ltr'>commissa,</span> 
     </span>
     <span class='ocr_line' id='line_1_68' title="bbox 1248 1324 2249 1365; baseline -0.002 -8"><span class='ocrx_word' id='word_1_431' title='bbox 1248 1326 1513 1362; x_wconf 77' lang='lat' dir='ltr'>ordinaverunt,</span> <span class='ocrx_word' id='word_1_432' title='bbox 1557 1327 1761 1356; x_wconf 83' lang='lat' dir='ltr'>statuerunt</span> <span class='ocrx_word' id='word_1_433' title='bbox 1803 1328 1838 1356; x_wconf 88' lang='lat' dir='ltr'>et</span> <span class='ocrx_word' id='word_1_434' title='bbox 1882 1324 2112 1365; x_wconf 83' lang='lat' dir='ltr'>providerunt</span> <span class='ocrx_word' id='word_1_435' title='bbox 2155 1324 2249 1365; x_wconf 82' lang='lat' dir='ltr'>quod</span> 
     </span>
     <span class='ocr_line' id='line_1_69' title="bbox 1248 1377 2252 1419; baseline -0.003 -9"><span class='ocrx_word' id='word_1_436' title='bbox 1248 1382 1299 1415; x_wconf 87' lang='lat' dir='ltr'>tu,</span> <span class='ocrx_word' id='word_1_437' title='bbox 1334 1379 1404 1409; x_wconf 78' lang='lat' dir='ltr'>[ilia</span> <span class='ocrx_word' id='word_1_438' title='bbox 1438 1379 1496 1414; x_wconf 62' lang='lat' dir='ltr'>M„</span> <span class='ocrx_word' id='word_1_439' title='bbox 1531 1381 1614 1409; x_wconf 86' lang='lat' dir='ltr'>tunc</span> <span class='ocrx_word' id='word_1_440' title='bbox 1648 1378 1809 1419; x_wconf 82' lang='lat' dir='ltr'>priorissa</span> <span class='ocrx_word' id='word_1_441' title='bbox 1844 1377 2047 1408; x_wconf 85' lang='lat' dir='ltr'>monasterii</span> <span class='ocrx_word' id='word_1_442' title='bbox 2080 1377 2252 1408; x_wconf 83' lang='lat' dir='ltr'>Andecia-</span> 
     </span>
     <span class='ocr_line' id='line_1_70' title="bbox 1247 1430 2250 1471; baseline -0.003 -8"><span class='ocrx_word' id='word_1_443' title='bbox 1247 1442 1324 1463; x_wconf 84' lang='lat' dir='ltr'>runi</span> <span class='ocrx_word' id='word_1_444' title='bbox 1358 1442 1416 1463; x_wconf 84' lang='lat' dir='ltr'>seu</span> <span class='ocrx_word' id='word_1_445' title='bbox 1450 1431 1651 1467; x_wconf 71' lang='lat' dir='ltr'>Vivisontis,</span> <span class='ocrx_word' id='word_1_446' title='bbox 1686 1431 1844 1462; x_wconf 86' lang='lat' dir='ltr'>consueti</span> <span class='ocrx_word' id='word_1_447' title='bbox 1878 1441 1945 1462; x_wconf 93' lang='lat' dir='ltr'>non</span> <span class='ocrx_word' id='word_1_448' title='bbox 1980 1440 2040 1471; x_wconf 88' lang='lat' dir='ltr'>per</span> <span class='ocrx_word' id='word_1_449' title='bbox 2072 1430 2250 1461; x_wconf 83' lang='lat' dir='ltr'>abbatisse</span> 
     </span>
     <span class='ocr_line' id='line_1_71' title="bbox 1248 1483 2252 1526; baseline -0.002 -10"><span class='ocrx_word' id='word_1_450' title='bbox 1248 1486 1307 1517; x_wconf 89' lang='lat' dir='ltr'>sed</span> <span class='ocrx_word' id='word_1_451' title='bbox 1347 1485 1506 1526; x_wconf 84' lang='lat' dir='ltr'>priorisse</span> <span class='ocrx_word' id='word_1_452' title='bbox 1547 1485 1735 1516; x_wconf 78' lang='lat' dir='ltr'>dumtaxat</span> <span class='ocrx_word' id='word_1_453' title='bbox 1776 1484 1928 1524; x_wconf 67' lang='lat' dir='ltr'>regimen</span> <span class='ocrx_word' id='word_1_454' title='bbox 1968 1484 2165 1524; x_wconf 78' lang='lat' dir='ltr'>gubernari,</span> <span class='ocrx_word' id='word_1_455' title='bbox 2206 1483 2252 1514; x_wconf 91' lang='lat' dir='ltr'>sis</span> 
     </span>
     <span class='ocr_line' id='line_1_72' title="bbox 1249 1537 2250 1579; baseline -0.003 -9"><span class='ocrx_word' id='word_1_456' title='bbox 1249 1540 1291 1570; x_wconf 91' lang='lat' dir='ltr'>de</span> <span class='ocrx_word' id='word_1_457' title='bbox 1326 1541 1441 1570; x_wconf 87' lang='lat' dir='ltr'>cetero</span> <span class='ocrx_word' id='word_1_458' title='bbox 1476 1538 1584 1579; x_wconf 88' lang='lat' dir='ltr'>ipsius</span> <span class='ocrx_word' id='word_1_459' title='bbox 1620 1537 1823 1569; x_wconf 89' lang='lat' dir='ltr'>monasterii</span> <span class='ocrx_word' id='word_1_460' title='bbox 1859 1537 2050 1571; x_wconf 83' lang='lat' dir='ltr'>abbatissa,</span> <span class='ocrx_word' id='word_1_461' title='bbox 2086 1540 2118 1568; x_wconf 83' lang='lat' dir='ltr'>et</span> <span class='ocrx_word' id='word_1_462' title='bbox 2157 1537 2250 1577; x_wconf 85' lang='lat' dir='ltr'>quod</span> 
     </span>
     <span class='ocr_line' id='line_1_73' title="bbox 1248 1590 2252 1631; baseline -0.004 -8"><span class='ocrx_word' id='word_1_463' title='bbox 1248 1593 1341 1623; x_wconf 83' lang='lat' dir='ltr'>idem</span> <span class='ocrx_word' id='word_1_464' title='bbox 1370 1591 1623 1623; x_wconf 87' lang='lat' dir='ltr'>monasterium</span> <span class='ocrx_word' id='word_1_465' title='bbox 1651 1590 1833 1621; x_wconf 88' lang='lat' dir='ltr'>ordinetur</span> <span class='ocrx_word' id='word_1_466' title='bbox 1858 1592 1892 1621; x_wconf 87' lang='lat' dir='ltr'>et</span> <span class='ocrx_word' id='word_1_467' title='bbox 1921 1590 2130 1631; x_wconf 84' lang='lat' dir='ltr'>disponatur</span> <span class='ocrx_word' id='word_1_468' title='bbox 2157 1590 2252 1620; x_wconf 83' lang='lat' dir='ltr'>dein-</span> 
     </span>
     <span class='ocr_line' id='line_1_74' title="bbox 1247 1643 2251 1686; baseline -0.003 -10"><span class='ocrx_word' id='word_1_469' title='bbox 1247 1655 1328 1686; x_wconf 86' lang='lat' dir='ltr'>ceps</span> <span class='ocrx_word' id='word_1_470' title='bbox 1361 1647 1532 1686; x_wconf 82' lang='lat' dir='ltr'>pcrpetuo</span> <span class='ocrx_word' id='word_1_471' title='bbox 1566 1644 1631 1675; x_wconf 90' lang='lat' dir='ltr'>sub</span> <span class='ocrx_word' id='word_1_472' title='bbox 1664 1643 1831 1684; x_wconf 79' lang='lat' dir='ltr'>regimine</span> <span class='ocrx_word' id='word_1_473' title='bbox 1865 1643 2044 1674; x_wconf 87' lang='lat' dir='ltr'>abbatisse</span> <span class='ocrx_word' id='word_1_474' title='bbox 2079 1645 2184 1683; x_wconf 89' lang='lat' dir='ltr'>prout</span> <span class='ocrx_word' id='word_1_475' title='bbox 2218 1643 2251 1673; x_wconf 91' lang='lat' dir='ltr'>in</span> 
     </span>
     <span class='ocr_line' id='line_1_75' title="bbox 1247 1695 2254 1729; baseline -0.003 0"><span class='ocrx_word' id='word_1_476' title='bbox 1247 1698 1373 1729; x_wconf 87' lang='lat' dir='ltr'>litteris</span> <span class='ocrx_word' id='word_1_477' title='bbox 1407 1698 1600 1729; x_wconf 86' lang='lat' dir='ltr'>eorundem</span> <span class='ocrx_word' id='word_1_478' title='bbox 1634 1696 1867 1728; x_wconf 86' lang='lat' dir='ltr'>cardinalium</span> <span class='ocrx_word' id='word_1_479' title='bbox 1901 1696 1981 1727; x_wconf 90' lang='lat' dir='ltr'>inde</span> <span class='ocrx_word' id='word_1_480' title='bbox 2015 1695 2185 1727; x_wconf 87' lang='lat' dir='ltr'>confectis</span> <span class='ocrx_word' id='word_1_481' title='bbox 2218 1697 2254 1726; x_wconf 87' lang='lat' dir='ltr'>et</span> 
     </span>
     <span class='ocr_line' id='line_1_76' title="bbox 1246 1748 2253 1791; baseline -0.004 -8"><span class='ocrx_word' id='word_1_482' title='bbox 1246 1761 1368 1783; x_wconf 89' lang='lat' dir='ltr'>eorum</span> <span class='ocrx_word' id='word_1_483' title='bbox 1407 1750 1525 1791; x_wconf 69' lang='lat' dir='ltr'>sigillis</span> <span class='ocrx_word' id='word_1_484' title='bbox 1566 1750 1711 1782; x_wconf 87' lang='lat' dir='ltr'>munitis</span> <span class='ocrx_word' id='word_1_485' title='bbox 1751 1749 1886 1790; x_wconf 87' lang='lat' dir='ltr'>plenius</span> <span class='ocrx_word' id='word_1_486' title='bbox 1926 1749 2138 1780; x_wconf 87' lang='lat' dir='ltr'>continetur.</span> <span class='ocrx_word' id='word_1_487' title='bbox 2180 1748 2253 1779; x_wconf 82' lang='lat' dir='ltr'>Nos</span> 
     </span>
     <span class='ocr_line' id='line_1_77' title="bbox 1247 1801 2255 1845; baseline -0.003 -10"><span class='ocrx_word' id='word_1_488' title='bbox 1247 1804 1364 1845; x_wconf 78' lang='lat' dir='ltr'>igitur,</span> <span class='ocrx_word' id='word_1_489' title='bbox 1394 1804 1563 1845; x_wconf 88' lang='lat' dir='ltr'>porrectis</span> <span class='ocrx_word' id='word_1_490' title='bbox 1591 1803 1690 1835; x_wconf 90' lang='lat' dir='ltr'>nobis</span> <span class='ocrx_word' id='word_1_491' title='bbox 1718 1813 1778 1844; x_wconf 91' lang='lat' dir='ltr'>pro</span> <span class='ocrx_word' id='word_1_492' title='bbox 1807 1804 1906 1844; x_wconf 87' lang='lat' dir='ltr'>parte</span> <span class='ocrx_word' id='word_1_493' title='bbox 1934 1804 2052 1833; x_wconf 86' lang='lat' dir='ltr'>vestra</span> <span class='ocrx_word' id='word_1_494' title='bbox 2080 1801 2255 1843; x_wconf 86' lang='lat' dir='ltr'>supplica-</span> 
     </span>
     <span class='ocr_line' id='line_1_78' title="bbox 1248 1854 2254 1897; baseline -0.003 -9"><span class='ocrx_word' id='word_1_495' title='bbox 1248 1858 1405 1889; x_wconf 83' lang='lat' dir='ltr'>tionibus</span> <span class='ocrx_word' id='word_1_496' title='bbox 1439 1856 1608 1893; x_wconf 85' lang='lat' dir='ltr'>iuclinati,</span> <span class='ocrx_word' id='word_1_497' title='bbox 1644 1856 1737 1897; x_wconf 84' lang='lat' dir='ltr'>quod</span> <span class='ocrx_word' id='word_1_498' title='bbox 1773 1865 1833 1896; x_wconf 86' lang='lat' dir='ltr'>per</span> <span class='ocrx_word' id='word_1_499' title='bbox 1865 1855 2060 1886; x_wconf 80' lang='lat' dir='ltr'>cardinales</span> <span class='ocrx_word' id='word_1_500' title='bbox 2093 1854 2186 1895; x_wconf 85' lang='lat' dir='ltr'>ipsos</span> <span class='ocrx_word' id='word_1_501' title='bbox 2220 1854 2254 1885; x_wconf 89' lang='lat' dir='ltr'>in</span> 
     </span>
     <span class='ocr_line' id='line_1_79' title="bbox 1250 1909 2253 1952; baseline -0.005 -9"><span class='ocrx_word' id='word_1_502' title='bbox 1250 1912 1313 1943; x_wconf 84' lang='lat' dir='ltr'>liae</span> <span class='ocrx_word' id='word_1_503' title='bbox 1340 1914 1440 1952; x_wconf 76' lang='lat' dir='ltr'>parte</span> <span class='ocrx_word' id='word_1_504' title='bbox 1466 1910 1599 1941; x_wconf 83' lang='lat' dir='ltr'>sactum</span> <span class='ocrx_word' id='word_1_505' title='bbox 1625 1912 1675 1940; x_wconf 86' lang='lat' dir='ltr'>est</span> <span class='ocrx_word' id='word_1_506' title='bbox 1703 1912 1821 1940; x_wconf 87' lang='lat' dir='ltr'>ratuni</span> <span class='ocrx_word' id='word_1_507' title='bbox 1848 1909 2018 1939; x_wconf 84' lang='lat' dir='ltr'>habentes</span> <span class='ocrx_word' id='word_1_508' title='bbox 2042 1910 2077 1939; x_wconf 93' lang='lat' dir='ltr'>et</span> <span class='ocrx_word' id='word_1_509' title='bbox 2101 1910 2253 1948; x_wconf 72' lang='lat' dir='ltr'>gratuiti,</span> 
     </span>
     <span class='ocr_line' id='line_1_80' title="bbox 1250 1962 2252 2004; baseline -0.004 -9"><span class='ocrx_word' id='word_1_510' title='bbox 1250 1965 1284 1995; x_wconf 91' lang='lat' dir='ltr'>id</span> <span class='ocrx_word' id='word_1_511' title='bbox 1327 1963 1540 1994; x_wconf 83' lang='lat' dir='ltr'>auctoritate</span> <span class='ocrx_word' id='word_1_512' title='bbox 1583 1962 1778 2004; x_wconf 83' lang='lat' dir='ltr'>apostolica</span> <span class='ocrx_word' id='word_1_513' title='bbox 1821 1962 2073 1993; x_wconf 81' lang='lat' dir='ltr'>confirmamus</span> <span class='ocrx_word' id='word_1_514' title='bbox 2115 1963 2149 1991; x_wconf 89' lang='lat' dir='ltr'>et</span> <span class='ocrx_word' id='word_1_515' title='bbox 2192 1970 2252 2001; x_wconf 89' lang='lat' dir='ltr'>per</span> 
     </span>
     <span class='ocr_line' id='line_1_81' title="bbox 1251 2013 2256 2058; baseline -0.005 -9"><span class='ocrx_word' id='word_1_516' title='bbox 1251 2017 1372 2058; x_wconf 87' lang='lat' dir='ltr'>scripti</span> <span class='ocrx_word' id='word_1_517' title='bbox 1403 2016 1639 2058; x_wconf 82' lang='lat' dir='ltr'>patrocinium</span> <span class='ocrx_word' id='word_1_518' title='bbox 1670 2015 1940 2051; x_wconf 89' lang='lat' dir='ltr'>communimus,</span> <span class='ocrx_word' id='word_1_519' title='bbox 1975 2017 2130 2045; x_wconf 87' lang='lat' dir='ltr'>tenorem</span> <span class='ocrx_word' id='word_1_520' title='bbox 2161 2013 2256 2044; x_wconf 88' lang='lat' dir='ltr'>litte-</span> 
     </span>
     <span class='ocr_line' id='line_1_82' title="bbox 1251 2066 2255 2111; baseline -0.006 -9"><span class='ocrx_word' id='word_1_521' title='bbox 1251 2080 1369 2102; x_wconf 88' lang='lat' dir='ltr'>rarum</span> <span class='ocrx_word' id='word_1_522' title='bbox 1397 2070 1552 2111; x_wconf 89' lang='lat' dir='ltr'>ipsarum</span> <span class='ocrx_word' id='word_1_523' title='bbox 1580 2070 1621 2100; x_wconf 84' lang='lat' dir='ltr'>de.</span> <span class='ocrx_word' id='word_1_524' title='bbox 1649 2069 1756 2100; x_wconf 70' lang='lat' dir='ltr'>verbo</span> <span class='ocrx_word' id='word_1_525' title='bbox 1785 2069 1828 2099; x_wconf 88' lang='lat' dir='ltr'>ad</span> <span class='ocrx_word' id='word_1_526' title='bbox 1856 2068 2004 2099; x_wconf 72' lang='lat' dir='ltr'>verbum</span> <span class='ocrx_word' id='word_1_527' title='bbox 2033 2066 2255 2108; x_wconf 76' lang='lat' dir='ltr'>presentibus</span> 
     </span>
     <span class='ocr_line' id='line_1_83' title="bbox 1251 2122 1846 2163; baseline -0.005 -8"><span class='ocrx_word' id='word_1_528' title='bbox 1251 2124 1353 2155; x_wconf 86' lang='lat' dir='ltr'>inseri</span> <span class='ocrx_word' id='word_1_529' title='bbox 1379 2124 1547 2154; x_wconf 77' lang='lat' dir='ltr'>iacientes</span> <span class='ocrx_word' id='word_1_530' title='bbox 1573 2122 1631 2163; x_wconf 85' lang='lat' dir='ltr'>qui</span> <span class='ocrx_word' id='word_1_531' title='bbox 1661 2122 1738 2153; x_wconf 83' lang='lat' dir='ltr'>talis</span> <span class='ocrx_word' id='word_1_532' title='bbox 1762 2124 1814 2152; x_wconf 84' lang='lat' dir='ltr'>est</span> <span class='ocrx_word' id='word_1_533' title='bbox 1841 2132 1846 2152; x_wconf 89' lang='lat'>:</span> 
     </span>
    </p>
   </div>
   <div class='ocr_carea' id='block_1_14' title="bbox 1255 2237 2261 3030">
    <p class='ocr_par' dir='ltr' id='par_1_14' title="bbox 1747 2237 2174 2272">
     <span class='ocr_line' id='line_1_84' title="bbox 1747 2237 2174 2272; baseline -0.007 -7"><span class='ocrx_word' id='word_1_534' title='bbox 1747 2238 1880 2272; x_wconf 77' lang='lat' dir='ltr'>Anagni,</span> <span class='ocrx_word' id='word_1_535' title='bbox 1903 2238 1920 2264; x_wconf 89' lang='lat'>2</span> <span class='ocrx_word' id='word_1_536' title='bbox 1942 2237 2064 2271; x_wconf 88' lang='lat' dir='ltr'>janvier</span> <span class='ocrx_word' id='word_1_537' title='bbox 2090 2237 2174 2263; x_wconf 82' lang='lat'>1259.</span> 
     </span>
    </p>

    <p class='ocr_par' dir='ltr' id='par_1_15' title="bbox 1255 2290 2261 3030">
     <span class='ocr_line' id='line_1_85' title="bbox 1300 2290 2254 2333; baseline -0.006 -7"><span class='ocrx_word' id='word_1_538' title='bbox 1300 2310 1312 2323; x_wconf 80' lang='lat'>«</span> <span class='ocrx_word' id='word_1_539' title='bbox 1337 2295 1560 2326; x_wconf 83' lang='lat' dir='ltr'>Miseratione</span> <span class='ocrx_word' id='word_1_540' title='bbox 1586 2294 1705 2325; x_wconf 83' lang='lat' dir='ltr'>divina</span> <span class='ocrx_word' id='word_1_541' title='bbox 1731 2293 1840 2324; x_wconf 80' lang='lat' dir='ltr'>frater</span> <span class='ocrx_word' id='word_1_542' title='bbox 1865 2292 1980 2333; x_wconf 81' lang='lat' dir='ltr'>Hugo,</span> <span class='ocrx_word' id='word_1_543' title='bbox 2011 2291 2103 2322; x_wconf 89' lang='lat' dir='ltr'>tituli</span> <span class='ocrx_word' id='word_1_544' title='bbox 2129 2290 2254 2321; x_wconf 86' lang='lat' dir='ltr'>Sancte</span> 
     </span>
     <span class='ocr_line' id='line_1_86' title="bbox 1255 2343 2255 2390; baseline -0.008 -9"><span class='ocrx_word' id='word_1_545' title='bbox 1255 2350 1420 2385; x_wconf 88' lang='lat' dir='ltr'>«Sabine,</span> <span class='ocrx_word' id='word_1_546' title='bbox 1450 2348 1630 2390; x_wconf 84' lang='lat' dir='ltr'>presbiter,</span> <span class='ocrx_word' id='word_1_547' title='bbox 1658 2350 1693 2378; x_wconf 85' lang='lat' dir='ltr'>ct.</span> <span class='ocrx_word' id='word_1_548' title='bbox 1721 2346 1935 2382; x_wconf 87' lang='lat' dir='ltr'>Ottobonus,</span> <span class='ocrx_word' id='word_1_549' title='bbox 1964 2344 2083 2376; x_wconf 88' lang='lat' dir='ltr'>Sancti</span> <span class='ocrx_word' id='word_1_550' title='bbox 2111 2343 2255 2375; x_wconf 72' lang='lat' dir='ltr'>Adriani</span> 
     </span>
     <span class='ocr_line' id='line_1_87' title="bbox 1255 2398 2258 2441; baseline -0.007 -7"><span class='ocrx_word' id='word_1_551' title='bbox 1255 2403 1451 2434; x_wconf 85' lang='lat' dir='ltr'>«diaconus</span> <span class='ocrx_word' id='word_1_552' title='bbox 1485 2401 1689 2437; x_wconf 83' lang='lat' dir='ltr'>cardinales,</span> <span class='ocrx_word' id='word_1_553' title='bbox 1725 2400 1768 2431; x_wconf 87' lang='lat' dir='ltr'>ad</span> <span class='ocrx_word' id='word_1_554' title='bbox 1804 2402 2013 2441; x_wconf 83' lang='lat' dir='ltr'>perpetuam</span> <span class='ocrx_word' id='word_1_555' title='bbox 2046 2398 2093 2429; x_wconf 89' lang='lat' dir='ltr'>rei</span> <span class='ocrx_word' id='word_1_556' title='bbox 2128 2406 2258 2428; x_wconf 89' lang='lat' dir='ltr'>memo-</span> 
     </span>
     <span class='ocr_line' id='line_1_88' title="bbox 1255 2451 2258 2494; baseline -0.006 -8"><span class='ocrx_word' id='word_1_557' title='bbox 1255 2458 1381 2489; x_wconf 82' lang='lat' dir='ltr'>«riam.</span> <span class='ocrx_word' id='word_1_558' title='bbox 1404 2455 1576 2487; x_wconf 73' lang='lat' dir='ltr'>Noverint</span> <span class='ocrx_word' id='word_1_559' title='bbox 1598 2454 1750 2486; x_wconf 83' lang='lat' dir='ltr'>universi</span> <span class='ocrx_word' id='word_1_560' title='bbox 1771 2455 1949 2494; x_wconf 88' lang='lat' dir='ltr'>presentes</span> <span class='ocrx_word' id='word_1_561' title='bbox 1969 2452 2105 2483; x_wconf 87' lang='lat' dir='ltr'>litteras</span> <span class='ocrx_word' id='word_1_562' title='bbox 2125 2451 2258 2491; x_wconf 79' lang='lat' dir='ltr'>inspec-</span> 
     </span>
     <span class='ocr_line' id='line_1_89' title="bbox 1255 2503 2256 2552; baseline -0.007 -12"><span class='ocrx_word' id='word_1_563' title='bbox 1255 2511 1351 2543; x_wconf 79' lang='lat' dir='ltr'>«turi</span> <span class='ocrx_word' id='word_1_564' title='bbox 1386 2510 1492 2552; x_wconf 83' lang='lat' dir='ltr'>quod,</span> <span class='ocrx_word' id='word_1_565' title='bbox 1527 2509 1568 2540; x_wconf 83' lang='lat' dir='ltr'>de</span> <span class='ocrx_word' id='word_1_566' title='bbox 1603 2507 1743 2549; x_wconf 84' lang='lat' dir='ltr'>speciali</span> <span class='ocrx_word' id='word_1_567' title='bbox 1778 2507 1947 2537; x_wconf 87' lang='lat' dir='ltr'>mandato</span> <span class='ocrx_word' id='word_1_568' title='bbox 1982 2515 1999 2536; x_wconf 88' lang='lat' dir='ltr'>a</span> <span class='ocrx_word' id='word_1_569' title='bbox 2035 2503 2256 2536; x_wconf 88' lang='lat' dir='ltr'>sanctissimo</span> 
     </span>
     <span class='ocr_line' id='line_1_90' title="bbox 1256 2556 2256 2607; baseline -0.01 -10"><span class='ocrx_word' id='word_1_570' title='bbox 1256 2567 1384 2607; x_wconf 84' lang='lat' dir='ltr'>«patre</span> <span class='ocrx_word' id='word_1_571' title='bbox 1428 2563 1570 2595; x_wconf 91' lang='lat' dir='ltr'>domino</span> <span class='ocrx_word' id='word_1_572' title='bbox 1614 2561 1826 2596; x_wconf 75' lang='lat' dir='ltr'>Alexandro,</span> <span class='ocrx_word' id='word_1_573' title='bbox 1871 2559 1991 2590; x_wconf 75' lang='lat' dir='ltr'>divina</span> <span class='ocrx_word' id='word_1_574' title='bbox 2035 2556 2256 2599; x_wconf 74' lang='lat' dir='ltr'>providentia</span> 
     </span>
     <span class='ocr_line' id='line_1_91' title="bbox 1256 2610 2256 2660; baseline -0.007 -13"><span class='ocrx_word' id='word_1_575' title='bbox 1256 2628 1376 2660; x_wconf 82' lang='lat' dir='ltr'>«papa</span> <span class='ocrx_word' id='word_1_576' title='bbox 1413 2619 1551 2658; x_wconf 88' lang='lat' dir='ltr'>qnarto,</span> <span class='ocrx_word' id='word_1_577' title='bbox 1592 2615 1687 2646; x_wconf 85' lang='lat' dir='ltr'>facto</span> <span class='ocrx_word' id='word_1_578' title='bbox 1724 2613 1824 2645; x_wconf 91' lang='lat' dir='ltr'>nobis</span> <span class='ocrx_word' id='word_1_579' title='bbox 1859 2612 1998 2644; x_wconf 87' lang='lat' dir='ltr'>oraculo</span> <span class='ocrx_word' id='word_1_580' title='bbox 2034 2611 2115 2642; x_wconf 72' lang='lat' dir='ltr'>vive</span> <span class='ocrx_word' id='word_1_581' title='bbox 2150 2610 2256 2646; x_wconf 73' lang='lat' dir='ltr'>vocis,</span> 
     </span>
     <span class='ocr_line' id='line_1_92' title="bbox 1256 2664 2259 2708; baseline -0.011 -4"><span class='ocrx_word' id='word_1_582' title='bbox 1256 2675 1319 2704; x_wconf 82' lang='lat' dir='ltr'>«et</span> <span class='ocrx_word' id='word_1_583' title='bbox 1361 2670 1575 2702; x_wconf 86' lang='lat' dir='ltr'>auctoritate</span> <span class='ocrx_word' id='word_1_584' title='bbox 1617 2678 1656 2700; x_wconf 87' lang='lat' dir='ltr'>ac</span> <span class='ocrx_word' id='word_1_585' title='bbox 1700 2668 1877 2708; x_wconf 88' lang='lat' dir='ltr'>potestate</span> <span class='ocrx_word' id='word_1_586' title='bbox 1920 2665 2021 2696; x_wconf 91' lang='lat' dir='ltr'>nobis</span> <span class='ocrx_word' id='word_1_587' title='bbox 2063 2664 2259 2705; x_wconf 86' lang='lat' dir='ltr'>specialiter</span> 
     </span>
     <span class='ocr_line' id='line_1_93' title="bbox 1257 2718 2259 2760; baseline -0.008 -6"><span class='ocrx_word' id='word_1_588' title='bbox 1257 2738 1269 2754; x_wconf 85' lang='lat'>«</span> <span class='ocrx_word' id='word_1_589' title='bbox 1285 2725 1329 2756; x_wconf 90' lang='lat' dir='ltr'>ab</span> <span class='ocrx_word' id='word_1_590' title='bbox 1356 2724 1478 2756; x_wconf 90' lang='lat' dir='ltr'>eodem</span> <span class='ocrx_word' id='word_1_591' title='bbox 1507 2721 1649 2753; x_wconf 87' lang='lat' dir='ltr'>domino</span> <span class='ocrx_word' id='word_1_592' title='bbox 1676 2720 1709 2751; x_wconf 93' lang='lat' dir='ltr'>in</span> <span class='ocrx_word' id='word_1_593' title='bbox 1738 2720 1803 2750; x_wconf 90' lang='lat' dir='ltr'>hac</span> <span class='ocrx_word' id='word_1_594' title='bbox 1830 2721 1930 2760; x_wconf 86' lang='lat' dir='ltr'>parte</span> <span class='ocrx_word' id='word_1_595' title='bbox 1957 2718 2039 2749; x_wconf 74' lang='lat' dir='ltr'>viva</span> <span class='ocrx_word' id='word_1_596' title='bbox 2066 2727 2150 2748; x_wconf 76' lang='lat' dir='ltr'>voce</span> <span class='ocrx_word' id='word_1_597' title='bbox 2178 2726 2259 2747; x_wconf 88' lang='lat' dir='ltr'>con.</span> 
     </span>
     <span class='ocr_line' id='line_1_94' title="bbox 1257 2769 2257 2814; baseline -0.008 -7"><span class='ocrx_word' id='word_1_598' title='bbox 1257 2777 1399 2814; x_wconf 86' lang='lat' dir='ltr'>«cessis,</span> <span class='ocrx_word' id='word_1_599' title='bbox 1419 2776 1633 2810; x_wconf 81' lang='lat' dir='ltr'>ordinamus,</span> <span class='ocrx_word' id='word_1_600' title='bbox 1654 2773 1845 2805; x_wconf 87' lang='lat' dir='ltr'>statuimus</span> <span class='ocrx_word' id='word_1_601' title='bbox 1864 2774 1899 2803; x_wconf 88' lang='lat' dir='ltr'>et</span> <span class='ocrx_word' id='word_1_602' title='bbox 1918 2770 2144 2812; x_wconf 79' lang='lat' dir='ltr'>providemus</span> <span class='ocrx_word' id='word_1_603' title='bbox 2163 2769 2257 2811; x_wconf 82' lang='lat' dir='ltr'>quod</span> 
     </span>
     <span class='ocr_line' id='line_1_95' title="bbox 1258 2824 2260 2871; baseline -0.008 -11"><span class='ocrx_word' id='word_1_604' title='bbox 1258 2832 1509 2871; x_wconf 76' lang='lat' dir='ltr'>«Marguareta</span> <span class='ocrx_word' id='word_1_605' title='bbox 1553 2828 1594 2858; x_wconf 89' lang='lat' dir='ltr'>de</span> <span class='ocrx_word' id='word_1_606' title='bbox 1637 2827 1872 2866; x_wconf 81' lang='lat' dir='ltr'>Chassenayo,</span> <span class='ocrx_word' id='word_1_607' title='bbox 1917 2824 2078 2865; x_wconf 82' lang='lat' dir='ltr'>priorissa</span> <span class='ocrx_word' id='word_1_608' title='bbox 2122 2831 2260 2853; x_wconf 88' lang='lat' dir='ltr'>monas-</span> 
     </span>
     <span class='ocr_line' id='line_1_96' title="bbox 1258 2875 2259 2916; baseline -0.009 -2"><span class='ocrx_word' id='word_1_609' title='bbox 1258 2897 1271 2914; x_wconf 72' lang='lat'>«</span> <span class='ocrx_word' id='word_1_610' title='bbox 1288 2884 1363 2916; x_wconf 88' lang='lat' dir='ltr'>terii</span> <span class='ocrx_word' id='word_1_611' title='bbox 1389 2881 1625 2915; x_wconf 76' lang='lat' dir='ltr'>Andeciarum</span> <span class='ocrx_word' id='word_1_612' title='bbox 1652 2890 1710 2911; x_wconf 90' lang='lat' dir='ltr'>seu</span> <span class='ocrx_word' id='word_1_613' title='bbox 1738 2877 1939 2913; x_wconf 77' lang='lat' dir='ltr'>Vivifontis,</span> <span class='ocrx_word' id='word_1_614' title='bbox 1968 2875 2259 2907; x_wconf 68' lang='lat' dir='ltr'>(lathalaunensis</span> 
     </span>
     <span class='ocr_line' id='line_1_97' title="bbox 1259 2928 2261 2973; baseline -0.009 -6"><span class='ocrx_word' id='word_1_615' title='bbox 1259 2937 1443 2971; x_wconf 86' lang='lat' dir='ltr'>«diocesis,</span> <span class='ocrx_word' id='word_1_616' title='bbox 1470 2935 1515 2966; x_wconf 87' lang='lat' dir='ltr'>sit</span> <span class='ocrx_word' id='word_1_617' title='bbox 1539 2935 1580 2965; x_wconf 87' lang='lat' dir='ltr'>de</span> <span class='ocrx_word' id='word_1_618' title='bbox 1605 2936 1721 2964; x_wconf 83' lang='lat' dir='ltr'>cetero</span> <span class='ocrx_word' id='word_1_619' title='bbox 1745 2932 1904 2973; x_wconf 85' lang='lat' dir='ltr'>ejusdem</span> <span class='ocrx_word' id='word_1_620' title='bbox 1929 2928 2132 2961; x_wconf 80' lang='lat' dir='ltr'>monasterii</span> <span class='ocrx_word' id='word_1_621' title='bbox 2153 2928 2261 2960; x_wconf 87' lang='lat' dir='ltr'>abba-</span> 
     </span>
     <span class='ocr_line' id='line_1_98' title="bbox 1260 2982 2260 3030; baseline -0.008 -11"><span class='ocrx_word' id='word_1_622' title='bbox 1260 2991 1371 3022; x_wconf 86' lang='lat' dir='ltr'>«tissa</span> <span class='ocrx_word' id='word_1_623' title='bbox 1406 2989 1571 3030; x_wconf 83' lang='lat' dir='ltr'>quodque</span> <span class='ocrx_word' id='word_1_624' title='bbox 1606 2985 1859 3017; x_wconf 88' lang='lat' dir='ltr'>monasterium</span> <span class='ocrx_word' id='word_1_625' title='bbox 1892 2982 1977 3014; x_wconf 92' lang='lat' dir='ltr'>illud</span> <span class='ocrx_word' id='word_1_626' title='bbox 2012 2982 2193 3013; x_wconf 89' lang='lat' dir='ltr'>ordinetur</span> <span class='ocrx_word' id='word_1_627' title='bbox 2225 2983 2260 3012; x_wconf 85' lang='lat' dir='ltr'>ct</span> 
     </span>
    </p>
   </div>
  </div>
 </body>
</html>
