2477 3512
906 312 1108 352 TaoisOEM

1139 511 1218 544 mur,
1236 504 1269 532 ut
1282 503 1344 533 tuis
1356 503 1517 543 precibus,
1534 513 1591 544 per
1610 513 1688 542 quas
1704 505 1807 533 status
1828 501 1967 532 ecclesie
1981 503 2036 532 tue
2048 509 2123 530 con-

99 395 160 425 hoc
181 393 284 423 eidem
304 392 498 423 monasterio
523 392 645 423 salubri
663 390 806 423 remedio
833 390 1018 432 providere,
1050 390 1084 419 ut

98 451 167 481 tres
190 449 352 490 prioratus
378 448 435 479 tibi
459 448 637 489 subjectos,
663 448 694 478 in
719 447 832 488 quibus
852 447 989 488 priores,
1013 454 1084 476 cum

100 507 165 537 sint
175 505 383 546 temporales,
394 505 489 545 juxta
507 507 596 535 tuam
611 504 754 535 instituis
765 505 799 534 et
809 503 959 534 destituis
973 502 1086 532 volun-

102 563 217 601 tatem,
235 572 291 603 pro
306 561 539 592 exoneratione
552 560 731 591 debitorum
746 560 899 600 ipsorum,
927 568 1026 599 usque
1046 556 1086 588 ad
1111 561 1112 591 ἶ
1138 560 1289 589 servetur
1309 560 1342 589 et
1366 559 1563 590 reformetur
1587 559 1618 589 in
1644 559 1769 596 melius,
1795 558 1966 598 benignius
2000 566 2123 588 annua-

100 618 361 659 quadrienninm,
387 617 426 648 ad
451 626 563 647 manus
584 618 656 648 tuas
670 617 816 648 retinere
832 616 954 653 valeas,
977 616 1087 646 aucto—
1112 622 1113 625 ’

102 676 208 706 ritate
224 675 282 706 tibi
294 673 490 716 presentium
504 673 710 704 concedimus
724 672 914 703 facultatem
930 682 936 703 ;
959 671 1088 712 proviso

104 732 189 772 quod
206 732 365 772 prioratus
392 729 452 770 ipsi
475 729 590 759 debitis
611 739 672 759 non
699 728 891 760 fraudentur
914 727 1086 767 obsequiis,
1113 725 1115 731 '

103 791 137 819 et
159 788 190 818 in
212 787 261 819 eis
283 787 460 818 animarum
481 795 570 822 cura,
585 785 610 815 si
631 785 755 816 eisdem
776 785 933 822 imminet,
954 783 1090 814 nullate·
1114 769 1116 811 Ι,

103 855 165 875 nus
188 843 382 885 negligatur.
415 841 499 872 Nulli
525 840 615 882 [eto]
639 843 750 872 nostre
777 840 997 871 concessionis
1023 840 1086 870 etc.

106 902 221 932 Datum
244 898 394 933 Viterbii,
412 897 485 927 VIII
502 896 658 928 kalendas
672 897 757 937 julii,
776 907 858 927 anno
872 897 982 927 tertio.

173 1034 267 1061 2119!
647 1034 771 1065 Viterbe,
787 1036 819 1060 14
832 1033 930 1067 juillet
947 1036 1020 1060 1257.

127 1122 282 1156 'Episcopo
299 1122 436 1148 Gaietano
451 1122 592 1157 indulget,
607 1126 640 1148 ut
654 1122 830 1148 electionem
840 1121 939 1148 fratris
950 1122 1047 1148 Heliae
1064 1122 1093 1148 in

104 1169 245 1196 abbatem
264 1169 436 1195 monasterii
452 1170 478 1195 S.
501 1169 601 1204 Angeli
614 1169 878 1202 Caietani,ordinis
889 1169 915 1195 S.
933 1169 1093 1201 Benedicti,
1119 1166 1120 1173 ¹

105 1217 274 1249 confirmet,
290 1225 350 1243 non
372 1217 506 1243 obstante
528 1218 606 1251 quod
624 1217 702 1243 idem
721 1216 811 1243 frater
831 1217 928 1243 Helias
941 1217 969 1243 in
991 1218 1094 1244 eodem

103 1264 210 1290 ordine
238 1265 372 1290 nondum
395 1272 507 1290 annum
527 1264 691 1298 complevit.
720 1264 798 1297 (Rau.
817 1266 859 1295 25,
880 1272 906 1290 a.
925 1265 972 1297 111,
989 1273 1013 1290 c.
1031 1267 1093 1295 5¹7,
1120 1261 1121 1266 ¹

105 1311 123 1337 f.
141 1313 208 1343 637.)

151 1415 165 1428 ι(
196 1426 216 1431 ..
247 1400 401 1443 episcopo
423 1399 600 1431 Gaietano.
624 1400 739 1431 Dilecti
755 1400 810 1431 filii
828 1402 1007 1432 conventus
1028 1410 1095 1431 mo-

106 1458 241 1489 nasterii
269 1457 380 1488 Sancti
404 1457 523 1498 Angeli
548 1457 711 1495 Gaietani,
743 1456 864 1488 ordinis
899 1457 1007 1488 Sancti
1036 1457 1096 1487 Be-

107 1513 239 1551 nedicti,
251 1513 342 1544 nobis
352 1512 536 1555 significare
546 1515 712 1551 curarunt,
724 1513 807 1554 quod
816 1513 933 1545 dudum
942 1514 973 1544 in
982 1514 1096 1545 eodem

104 1570 306 1602 monasterio
339 1569 466 1600 abbatis
494 1570 654 1611 regimine
687 1570 859 1605 destituto,
899 1570 972 1611 ipsi,
1004 1571 1098 1611 prout

110 1627 210 1658 moris
228 1628 290 1665 est,
312 1626 545 1657 convenientes
559 1626 589 1656 in
611 1636 718 1665 unum,
738 1626 892 1657 dilectum
911 1626 1009 1658 filium
1033 1626 1097 1657 fra-

107 1688 193 1715 trem
215 1682 352 1719 Heliam,
372 1682 564 1714 monachum
590 1682 711 1714 Sancte
732 1683 897 1714 Trinitatis
922 1683 1096 1721 Gaietane,

104 1740 158 1781 eju
167 1739 258 1770 sdem
267 1739 398 1777 ordinis,
410 1739 514 1769 virum
525 1739 646 1779 utique,
655 1740 740 1771 sicut
749 1740 920 1777 asseritur,
931 1740 1098 1781 providum
1124 1748 1125 1758 ¹

106 1800 139 1827 et
158 1796 330 1827 honestum
346 1805 384 1825 ac
401 1795 431 1825 in
444 1795 665 1836 spiritualibus
679 1797 712 1827 et
724 1796 952 1837 temporalibus
963 1797 1099 1827 circum-
1124 1799 1125 1807 ¹

107 1855 270 1894 spectum,
292 1862 351 1893 per
373 1852 466 1893 cujus
481 1852 673 1883 industriam
699 1854 850 1893 speratur
864 1852 949 1883 idem
969 1863 1099 1883 monas—

109 1910 228 1941 terium
248 1919 343 1950 posse
366 1908 543 1940 salubriter
561 1909 745 1947 reformari,
767 1909 798 1940 in
819 1919 930 1940 eorum
950 1909 1099 1940 abbatem

1113 320 1137 351 E
1158 315 1303 352 ANNEE
2057 318 2120 350 643

1181 403 1194 415 «ι
1226 415 1245 420 ..
1265 389 1375 432 prior-i
1393 391 1516 421 Sancte
1545 390 1718 421 Trinitatis
1740 387 1996 423 Londoniensz's,
2031 385 2122 417 ordi-

1136 444 1187 475 nix
1214 445 1333 477 Sancti
1356 446 1551 488 Auqnxhni.
1579 448 1643 477 Tne
1667 447 1779 477 favore
1807 445 1972 486 religionis
2000 443 2122 474 induci-

1112 629 1113 652 ς
1139 624 1219 644 mus.
1240 615 1320 645 Hinc
1341 620 1392 647 est
1409 615 1491 655 quod
1506 625 1563 646 nos
1575 614 1810 646 desiderantes.
1825 616 1857 645 ut
1868 614 2007 644 ecclesie
2025 612 2123 653 ipsius

1113 661 1115 716 l
1139 680 1278 711 persone
1300 671 1356 702 sul)
1384 672 1545 712 regularis
1571 671 1778 701 observantie
1806 670 1973 710 disciplina
1993 669 2124 709 dignum

1140 728 1173 757 et
1192 730 1364 767 acceptum
1383 727 1570 769 impendant
1591 727 1724 758 Domino
1750 727 1953 763 famulatum,
1985 727 2015 756 te
2036 725 2121 761 illas,

1141 785 1235 823 prout
1252 783 1292 814 ad
1314 786 1344 814 te
1366 784 1517 824 pertinet,
1543 783 1770 819 correctionis,
1800 783 1883 813 sicut
1903 782 2049 823 expedit,
2074 781 2125 812 fe-

1141 838 1211 869 rula
1245 840 1443 880 castigante,
1474 840 1537 871 tuis
1568 839 1717 880 precibus
1749 838 1908 874 inclinati,
1943 836 2126 878 corrigendi

1143 895 1363 937 subjectorum
1390 898 1517 927 tuorum
1538 906 1694 926 excessus
1721 905 1759 926 ac
1782 893 1958 925 revocandi
1984 893 2023 924 ad
2049 904 2126 924 ean-

1115 852 1117 867 l

1116 912 1117 934 I

1116 935 1118 1004 i
1142 951 1216 983 dem
1235 952 1409 983 ecclesiam
1429 952 1596 994 fugitivos,
1613 954 1706 993 prout
1721 951 1761 981 ad
1776 950 1917 981 officium
1935 952 2023 981 tuum
2037 960 2128 990 spec-

1117 1006 1119 1043 i
1145 1010 1205 1046 tat,
1241 1009 1334 1049 regia
1362 1010 1430 1040 sive
1467 1008 1612 1050 qualibet
1645 1008 1708 1038 alia
1737 1007 1876 1038 seculari
1913 1006 2127 1047 prohibitione

1118 1065 1119 1078 ³
1144 1075 1345 1105 nequaqnam
1361 1065 1525 1103 obstante,
1544 1065 1679 1096 liberam
1693 1064 1760 1101 tibi,
1782 1064 1979 1094 auctoritate
1996 1072 2130 1103 presen—

1118 1110 1120 1164 I

1144 1121 1235 1154 tium,
1248 1122 1453 1153 concedimus
1464 1121 1666 1152 facultatem.
1680 1120 1767 1152 Nulli
1776 1119 1866 1162 [eto]
1878 1120 1989 1150 nostre
1996 1128 2131 1149 conces—

1146 1178 1248 1209 sionis
1262 1181 1325 1209 etc.
1344 1179 1457 1210 Datum
1477 1178 1629 1210 Viterhii.
1647 1177 1688 1208 III
1702 1177 1772 1207 idus
1784 1176 1867 1218 julii,
1886 1186 1968 1206 anno
1986 1175 2095 1206 tertio.
2117 1190 2129 1200 υ

1119 1277 1121 1321 ἱ

1217 1330 1318 1356 2093
1683 1327 1809 1355 Viterbe.
1830 1325 1969 1359 15juillet
1988 1326 2062 1350 1257.

1120 1384 1121 1397 l

1120 1400 1121 1418 l
1185 1418 1326 1445 Precibus
1345 1419 1367 1443 J.
1387 1417 1462 1443 tituli
1477 1417 1504 1443 S.
1525 1416 1672 1442 Laurentii
1694 1415 1723 1441 in
1742 1415 1849 1441 LucIna
1866 1413 2029 1448 presbyteri
2043 1412 2136 1439 cardi-

1148 1466 1224 1493 nalis
1237 1465 1407 1497 inclinatuS,
1422 1464 1556 1499 Magistro
1572 1464 1698 1489 Thomae
1711 1462 1746 1488 de
1764 1462 1842 1488 Luda
1856 1461 1986 1493 mandat,
2002 1463 2035 1486 ut
2050 1460 2135 1485 Petro

1148 1514 1285 1540 Gimundi
1302 1513 1336 1539 de
1353 1512 1438 1544 Urbe,
1453 1512 1543 1546 ipsius
1559 1519 1650 1545 papae
1666 1509 1828 1544 capellano,
1842 1509 1871 1535 in
1885 1508 1982 1542 aliqua
1995 1507 2135 1534 ecclesia-

1148 1570 1217 1587 rum
1243 1560 1370 1587 civitatis
1400 1568 1451 1586 seu
1476 1559 1644 1594 provinciae
1671 1557 1889 1584 cantuariensis
1919 1556 1953 1583 de
1979 1555 2134 1584 beneficio,

1149 1609 1236 1642 cujus
1254 1611 1414 1642 proventus
1435 1614 1582 1632 summam
1599 1606 1716 1639 triginta
1741 1612 1907 1630 marcarum
1925 1603 2135 1637 sterlingorum

1149 1657 1308 1691 attingant,
1329 1655 1480 1690 providere
1498 1656 1645 1687 procuret.
1662 1653 1740 1678 εΡ-Ευ..
1758 1654 1801 1683 25,
1813 1660 1838 1678 a.
1857 1652 1903 1683 III,
1916 1659 1940 1678 c.
1959 1653 2018 1682 519,
2033 1650 2051 1676 f.
2070 1652 2135 1676 filivs

1196 1762 1209 1775 «
1241 1746 1405 1789 Mayistro
1438 1745 1555 1776 Thome
1582 1743 1622 1775 de
1651 1741 1758 1776 Lada,
1781 1740 1901 1772 rectori
1928 1738 2063 1771 ecclesie
2099 1737 2137 1769 tle

1124 1810 1125 1835 ἒ
1154 1801 1367 1846 (ii-efforclio,
1399 1799 1643 1833 Lincolniensis
1677 1797 1828 1836 diocesis,
1860 1795 2036 1839 capellano
2066 1804 2139 1825 nos-

1124 1876 1126 1885 =
1152 1867 1213 1891 cro.
1240 1860 1399 1890 Dilectum
1420 1858 1518 1888 filium
1544 1858 1675 1887 Petrum
1691 1874 1744 1885 —.
1764 1854 1835 1885 Dat.
1860 1852 2010 1884 Viterbii.
2037 1851 2139 1882 idibus

1125 1890 1126 1964 l
1148 1917 1232 1959 julii,
1255 1926 1337 1946 anuo
1354 1915 1461 1946 tertio.
1488 1928 1499 1941 n

109 1965 316 1996 concorditer
337 1965 551 2006 postularunt.
569 1964 646 1996 Cum
667 1966 776 2005 itaque
795 1965 916 1997 dictum
936 1970 1101 1997 monaste-
1125 1968 1126 2005 l

112 2022 196 2052 rium
217 2021 345 2052 dicatur
374 2021 431 2052 tihi
452 2021 626 2052 diocesana
645 2022 720 2062 lege
741 2022 935 2063 subjectum,
969 2022 1102 2053 manda-
1126 2034 1127 2058 I

112 2087 196 2115 mus,
215 2078 378 2118 quatinus,
398 2078 551 2118 inquisita
570 2077 609 2109 de
636 2078 728 2109 modo
746 2078 974 2119 postulationis
990 2079 1102 2120 hujus-
1126 2064 1127 2087 I

115 2132 211 2171 modi,
222 2134 373 2174 postulati
382 2135 505 2165 meritis
513 2134 905 2175 etstudiispostulantium
915 2135 1102 2176 diligentius
1126 2134 1128 2142 '

1224 2068 1325 2095 2094
1725 2065 1839 2091 Lati-an,
1856 2064 1887 2087 *27
1905 2061 1976 2087 avril
1996 2062 2070 2086 1257.

1193 2157 1420 2190 Archiepiscopo
1435 2152 1648 2180 Terraconensi
1663 2151 1792 2182 mandat,
1803 2153 1949 2184 quatenus
1964 2156 2032 2174 cum
2050 2146 2142 2173 nobili

115 2190 272 2227 veritate,
295 2191 322 2221 Si
353 2200 423 2221 eam
445 2191 609 2222 inveneris
629 2191 669 2223 (le
695 2202 835 2233 pel'SOHa
853 2191 983 2232 ydonea
1006 2202 1103 2233 regu·
1127 2178 1128 2223 l
1155 2205 1214 2231 viro
1240 2203 1411 2237 Raymundo
1435 2202 1470 2227 de
1490 2201 1604 2231 Gardia,
1621 2198 1798 2234 Urgellensis
1826 2196 1978 2227 dioecesis,
1995 2198 2024 2221 et
2051 2192 2141 2220 nobili

115 2246 232 2277 lariter
246 2246 459 2285 celebratam,
481 2257 543 2278 non
561 2247 711 2279 obstante
736 2248 819 2288 quod
835 2248 919 2279 idem
941 2249 1045 2279 frater
1060 2249 1099 2279 H.
1127 2240 1128 2263 Ι
1157 2252 1281 2278 muliere
1298 2249 1424 2276 Portella
1440 2256 1530 2275 uxore
1547 2255 1610 2279 sua,
1627 2246 1708 2280 nepti
1722 2245 1850 2279 episcopi
1869 2243 2015 2274 Emensis,
2038 2243 2141 2275 quarto

114 2303 145 2332 in
167 2301 280 2332 eodem
308 2302 420 2333 ordino
437 2303 573 2334 nondum
595 2314 711 2335 annum
733 2305 947 2346 compleverit
958 2305 1102 2345 quamvis
1127 2307 1128 2329 l
1154 2298 1421 2333 consanguinitatis
1440 2296 1532 2331 gradu
1551 2296 1628 2321 inter
1641 2302 1670 2320 se
1686 2292 1861 2326 conjunctis,
1873 2291 2042 2343 *dis-penset,
2057 2290 2141 2323 juxta

109 2358 178 2398 jam
211 2358 252 2389 Sit
282 2358 311 2388 in
342 2358 455 2399 regula
475 2362 696 2401 competenter
714 2362 905 2399 instructus,
932 2361 1102 2392 dUmmOdO
1126 2353 1128 2387 j
1154 2346 1367 2373 continentiam
1384 2345 1547 2371 litterarum
1565 2341 1786 2372 InnocentiiIV,
1799 2340 2019 2372 archiepiscopo
2031 2336 2141 2363 Narbo-

147 2415 152 2419 *
330 2415 335 2419 ·
581 2417 586 2422 ·
998 2419 1002 2423 .
1154 2394 1238 2421 nensi
1255 2394 1446 2424 directarum,
1469 2399 1544 2425 quae
1567 2393 1634 2416 ante
1655 2389 1746 2423 ipsius
1770 2395 1861 2421 papae
1881 2386 1994 2412 obitum
2011 2384 2047 2411 ad
2061 2392 2140 2410 eum-

112 2414 198 2445 ahUd
223 2424 413 2445 canomcum
435 2425 495 2446 non
519 2416 670 2454 Olifflstat,
693 2417 828 2448 eandem
850 2418 1101 2459 postulationem
1126 2433 1127 2464 i
1153 2443 1223 2469 dem
1251 2441 1505 2475 archiepiscopum
1534 2446 1592 2464 non
1619 2438 1824 2471 pervenerunt.
1856 2435 1936 2460 (RE-1..
1967 2434 2009 2463 223,
2039 2440 2064 2457 a.
2094 2431 2140 2461 ΙΙΙ,

112 2470 281 2507 admittas,
312 2471 407 2511 eique
425 2471 626 2511 postmodum
650 2483 766 2504 munus
795 2473 1028 2504 benedictionis
1043 2474 1100 2504 im-
1126 2477 1127 2499 I
1154 2499 1177 2516 C·
1196 2491 1257 2520 520,
1272 2488 1290 2514 f.
1308 2490 1375 2516 ow.)

112 2526 248 2567 pendas.
296 2527 409 2557 Datum
438 2527 590 2566 viterbii,
624 2530 718 2560 XIIII
747 2529 812 2560 kal.
835 2530 986 2571 Augusti,
1018 2540 1102 2561 anno
1126 2558 1127 2563 ,

113 2583 220 2614 tertio,
248 2598 260 2609 ,ι
1126 2574 1127 2614 l
1197 2594 1211 2607 «
1242 2604 1262 2609 ..
1287 2576 1537 2619 archiepiscopo
1558 2570 1804 2605 'I'ermcaemensL
1823 2571 1871 2601 Ex
1888 2573 1979 2610 parte
2001 2577 2139 2598 venera-

1125 2632 1126 2677 ]
1154 2636 1225 2667 bilis
1246 2653 1298 2665 —-.
1323 2635 1393 2665 Dat.
1418 2632 1582 2664 Laterani,
1606 2631 1636 2661 V
1657 2629 1720 2660 kal.
1740 2628 1826 2664 maii,
1849 2636 1931 2656 anno
1945 2625 2052 2656 tertio.
2080 2637 2093 2649 n

183 2731 283 2758 2092
659 2734 935 2768 Viterbe,13juillet
953 2736 1029 2760 1257.

1223 2783 1324 2810 2095
1690 2776 1814 2807 vitei-be,
1832 2773 1975 2807 '23juillot
1994 2773 2068 2798 ¹257.

148 2825 238 2851 Priori
256 2826 283 2851 S.
314 2826 464 2852 Trinitatis
486 2826 700 2853 Londoniensis
715 2827 838 2854 liberam
861 2829 996 2855 concedit
1012 2828 1101 2855 sacul-

113 2874 202 2898 tatem
232 2873 400 2908 corrigendi
427 2873 629 2907 subjectorum
659 2882 798 2901 excessus
824 2883 857 2901 ac
882 2876 1037 2902 revocandi
1065 2876 1100 2901 ad

113 2918 237 2945 eandem
258 2920 413 2947 ecclesiam
437 2920 583 2955 fugitivos,
606 2921 684 2955 regia
706 2922 764 2948 sive
781 2922 911 2956 qualibet
927 2923 983 2949 alia
998 2931 1101 2950 saecu-

113 2965 166 2991 lari
202 2967 403 3000 prohibitione
430 2976 616 3002 nequaquam
647 2968 791 2996 obstante.
825 2971 900 2996 Bac.
926 2972 969 3003 25,
996 2979 1021 2997 a.
1053 2971 1099 2997 111.

114 3021 138 3039 c.
157 3014 217 3045 518,
235 3013 252 3040 f.
271 3017 338 3047 esav.)

1189 2873 1289 2900 Abbati
1315 2871 1486 2899 monasterii
1504 2871 1530 2894 S.
1554 2866 1712 2894 Salvatoris
1735 2863 1922 2891 anianensis,
1946 2861 1995 2895 qui
2015 2861 2049 2887 ad
2072 2867 2140 2886 usus

1154 2919 1363 2954 hospitalitatis
1378 2921 1407 2945 et
1423 2916 1551 2945 vestiarii
1569 2918 1597 2941 et
1608 2911 1774 2948 quotidiani
1790 2911 1883 2937 victus
1894 2910 2056 2936 conventus
2072 2907 2140 2933 <heti

1155 2967 1325 2995 monasterii
1350 2967 1481 2993 redditus
1508 2962 1699 2990 ecclesiarum
1727 2960 1754 2986 S.
1783 2959 1883 2985 Crucis
1910 2957 1945 2983 de
1974 2955 2139 2985 Cellanova,

1126 3046 1127 3049 ,
1153 3019 1179 3043 S.
1214 3015 1327 3042 Martini
1348 3015 1383 3041 de
1404 3013 1480 3040 Valle
1506 3008 1691 3038 Reddenensi
1705 3010 1733 3034 et
1750 3008 1776 3033 S.
1805 3005 1913 3032 iuliani
1938 3004 1972 3029 de
1997 3002 2140 3037 Aspirano
