2477 3512
220 249 279 279 798
914 245 1170 279 REGISTRES
1192 245 1528 279 D’ALEXANDRE
1548 245 1597 279 1v
1643 281 1647 287 s

220 354 305 394 quod
331 357 437 393 preter
460 354 622 392 portiones
647 353 837 383 vicariorum
864 356 896 382 et
921 353 1140 383 ministrorum
1166 351 1223 391 qui

220 416 286 437 esse
307 409 552 440 consueverunt,
574 409 606 435 et
628 409 733 445 preter
753 406 859 435 omnia
880 406 951 444 jura
973 408 1005 435 et
1026 415 1120 436 onera
1143 406 1224 444 epis—

221 460 353 499 copalia,
381 459 671 497 archiepiscopalia,
711 459 978 488 archidiaconalia
1005 461 1038 488 et
1064 459 1105 488 ad
1133 459 1224 488 deca-

221 522 297 542 num
325 513 514 551 spectantia,
543 514 575 540 ct
602 512 662 541 alia
691 512 838 541 universa
867 512 974 541 debita
1003 514 1035 541 et
1071 514 1223 541 consueta

221 566 415 604 hujusmodi,
446 567 575 594 centum
605 567 637 594 ct
667 565 901 604 quinquaginta
932 574 1055 594 marcos
1084 565 1223 603 integras

221 622 253 648 et
271 619 392 657 absque
411 618 623 647 diminutione
642 627 678 647 ac
697 618 819 656 absque
838 618 923 647 omni
943 627 1035 647 onere
1053 618 1138 646 idem
1157 626 1225 646 ma-

220 672 317 710 gister
334 671 496 700 Jordanus
515 671 634 700 habeat
652 674 684 700 et
702 671 858 709 percipiat
876 672 914 700 de
933 671 1055 704 eadem,
1075 673 1107 699 et
1126 670 1223 709 ipsius

220 725 379 763 prebende
392 724 621 762 possessionem
644 723 735 762 plene
747 724 842 753 libere
863 733 900 752 ac
923 723 1054 761 pacifice
1076 723 1224 753 habuerit

220 786 257 807 ac
283 777 351 815 ejus
377 777 512 811 fructus,
539 777 684 806 redditus
709 779 741 806 et
769 779 944 815 proventus
971 776 1167 814 integraliter
1192 778 1225 805 et

220 830 352 869 pacifice
373 830 494 868 absque
516 830 603 859 omni
619 830 921 863 lite,controversia,
941 832 973 858 et
988 829 1133 859 molestia
1156 838 1225 868 per-

220 883 315 922 cipiet
339 884 377 912 de
400 883 522 917 eadem,
547 892 644 921 quam
669 883 779 921 utique
804 883 999 921 prebendam
1023 885 1058 911 tu
1083 882 1225 920 dictique

220 946 414 966 successores
433 936 460 965 ei
478 936 526 965 vel
546 936 745 974 procuratori
764 945 820 965 suo
839 935 907 974 ejus
927 936 1053 964 nomine
1072 935 1224 970 conferre,

219 998 256 1019 ac
277 990 382 1028 ipsum
404 990 452 1018 vel
475 991 713 1028 procuratorem
736 989 803 1026 ejus
825 989 923 1027 ipsius
945 989 1072 1017 nomine
1092 988 1133 1017 ad
1154 997 1225 1017 eam

220 1043 391 1072 admittere
410 1042 594 1076 teneamini,
614 1044 646 1070 et
673 1042 757 1070 idem
777 1042 913 1080 recipere
934 1042 1040 1071 taliter
1066 1044 1224 1075 teneatur,

221 1096 336 1125 dilecto
359 1095 426 1125 filio
449 1095 602 1133 magistro
627 1094 747 1124 Simoni
771 1095 808 1123 de
830 1095 1028 1133 Bridiportu,
1073 1094 1226 1124 canonico

221 1148 452 1182 Saresbiriensi,
486 1148 512 1177 si
545 1148 611 1186 ipse
645 1150 723 1176 tunc
757 1148 894 1176 eundem
928 1148 1225 1177 archidiaconatum

219 1201 357 1240 recipere
373 1201 521 1235 voluerit,
539 1201 681 1239 alioquin
699 1200 878 1239 cuicunque
894 1200 947 1230 alii
964 1210 1096 1239 persone
1112 1200 1225 1230 idonee

220 1254 361 1284 conferre
380 1254 478 1283 libere
497 1254 643 1287 valeatis,
665 1253 793 1292 plenam
813 1254 1008 1283 auctoritate
1028 1254 1225 1292 presentium

220 1308 258 1336 de
276 1316 430 1337 consensu
448 1309 480 1336 et
498 1307 668 1336 voluntate
685 1307 784 1345 ipsius
801 1307 945 1345 magistri
963 1307 1098 1336 Jordani
1116 1316 1226 1336 conce-

220 1360 324 1389 dimus
346 1359 545 1389 facultatem.
569 1360 641 1389 Non
664 1360 815 1389 obstante
836 1359 862 1388 si
883 1359 981 1398 aliqui
1003 1369 1099 1398 super
1120 1360 1226 1398 provi-

219 1413 307 1442 sione
321 1422 379 1442 sua
394 1413 426 1442 in
442 1421 538 1451 regno
553 1412 666 1451 Anglie
681 1412 870 1451 generaliter
884 1412 935 1442 vel
950 1413 982 1442 in
1005 1413 1073 1451 ipsa
1095 1413 1225 1442 ecclesia

219 1466 398 1504 specialiter
425 1466 609 1504 Apostolice
638 1465 727 1495 Sedis
754 1466 804 1494 vel
833 1466 1010 1504 legatorum
1038 1466 1138 1504 ipsius
1166 1466 1225 1495 sub

220 1528 411 1558 quacunque
447 1518 550 1548 forma
575 1519 699 1548 litteras
724 1518 950 1557 impetrarunt,
976 1519 1093 1558 quibus
1118 1519 1225 1558 quoad

219 1572 452 1602 assecutionem
491 1572 627 1601 aliorum
667 1574 898 1610 personatuum
938 1572 988 1601 vel
1029 1572 1225 1610 dignitatum

220 1625 343 1654 nullum
372 1626 521 1654 volumus
551 1625 763 1663 prejudicium
792 1625 945 1663 generari.
976 1625 1042 1654 Nos
1072 1625 1156 1654 enim
1187 1634 1226 1654 ex

220 1687 305 1707 nunc
328 1678 454 1707 irritum
480 1680 513 1707 et
537 1678 632 1707 inane
657 1677 857 1707 decernimus
872 1678 897 1707 si
913 1687 1003 1707 secus
1019 1678 1058 1707 de
1072 1678 1225 1716 predictis

220 1731 381 1770 prebenda
397 1731 447 1760 vel
463 1731 727 1761 archidiaconatu
749 1730 925 1769 apostolica
949 1731 1001 1760 vel
1025 1731 1139 1770 quavis
1163 1731 1224 1761 alia

219 1784 413 1814 auctoritate
430 1793 485 1822 per
502 1793 726 1823 quemcunque
743 1783 912 1823 contigerit
929 1784 1129 1823 attemptari.
1148 1785 1224 1814 Dat.

221 1837 364 1871 Viterbii,
389 1837 419 1866 II
449 1837 511 1866 kal.
541 1837 628 1870 maii,
658 1845 744 1866 anno
773 1839 924 1875 quarto.»

298 2068 387 2095 256⁷
785 2071 923 2102 Viterbe,
942 2071 958 2097 7
976 2071 1039 2098 mai
1057 2071 1143 2098 1258.

260 2121 415 2156 Episcopo
435 2123 633 2150 Cremonensi
652 2124 835 2150 absolvendi
853 2124 978 2151 elericos
997 2126 1029 2151 et
1045 2124 1141 2151 laicos
1159 2124 1226 2158 ejus

219 2162 349 2188 diocesis
376 2163 415 2188 ab
443 2163 777 2190 excommunicationis
805 2164 961 2191 sententia
988 2171 1084 2198 quam
1112 2164 1226 2191 adhae-

219 2202 314 2229 rendo
342 2202 503 2229 Frederico
528 2203 709 2237 imperatori
734 2205 765 2230 et
790 2203 967 2230 fautoribus
992 2204 1056 2230 suis
1091 2204 1226 2231 incurre-

219 2243 306 2308 131114ῐό
319 2241 509 2315 >facultatem
533 2243 685 2269 concedit.
709 2243 806 2276 (Bm.
830 2244 878 2275 25,
901 2244 922 2270 f.
947 2244 1004 2271 138
1026 2247 1072 2275 v0,
1096 2251 1146 2270 an.
1173 2244 1226 2275 IV,

219 2289 244 2308 0.
311 2301 315 2306 .

261 2383 305 2405 «..,
336 2372 478 2410 episcopo
509 2372 717 2402 Cremonensi.
748 2373 828 2402 Cum
857 2373 950 2408 sieut,
980 2376 1013 2403 te
1041 2374 1225 2408 intimante,

220 2425 411 2463 accepimus,
434 2425 577 2455 nonnulli
598 2426 701 2455 clerici
722 2428 755 2455 et
774 2426 845 2456 laici
866 2429 921 2456 tue
943 2427 1084 2456 civitatis
1105 2429 1139 2457 et
1159 2427 1226 2457 dio-

221 2477 298 2507 cesis
323 2478 447 2507 absolvi
473 2479 606 2516 cupiant
631 2479 672 2508 ab
698 2480 1039 2509 excommunicationis
1065 2481 1224 2510 sententia

221 2539 319 2569 quam
338 2531 413 2560 olim
432 2531 644 2566 incurrerunt,
663 2532 737 2561 licet
755 2532 860 2567 inviti,
881 2533 983 2562 coacti
1002 2533 1151 2562 videlicet
1170 2542 1226 2572 per

220 2583 287 2612 vim
320 2585 353 2613 et
384 2586 507 2613 metum
541 2585 595 2622 qui
628 2585 741 2614 cadere
774 2588 925 2623 poterant
957 2586 988 2615 in
1022 2588 1225 2616 constantem

221 2636 414 2670 adherendo,
443 2637 666 2675 participando
693 2640 725 2667 et
752 2638 891 2667 favendo
919 2639 1083 2677 quondam
1111 2639 1226 2668 Frede-

221 2689 296 2723 rico,
333 2689 455 2718 dudum
490 2689 675 2728 imperatori
711 2691 942 2725 Romanorum,
979 2692 1101 2721 Uberto
1137 2692 1226 2721 Pela-

222 2742 327 2771 vicino
354 2744 386 2771 et
413 2742 594 2772 fautoribus
621 2744 816 2777 eorumdem,
845 2753 901 2773 nos
929 2744 992 2773 tuis
1020 2745 1226 2783 supplicatio-

222 2795 315 2824 nibus
330 2795 484 2830 inclinati,
500 2796 686 2825 absolvendi
706 2805 759 2825 eos
778 2797 819 2826 ab
838 2797 1023 2835 hujusmodi
1043 2807 1226 2827 excommu-

223 2847 391 2877 nicationis
422 2849 591 2881 sententia,
623 2849 716 2886 juxta
748 2849 884 2879 formam
915 2850 1065 2884 Ecclesie,
1096 2860 1133 2880 ac
1164 2851 1226 2880 dis-

222 2901 377 2937 pensandi
397 2910 468 2930 cum
488 2902 607 2930 eisdem
626 2902 744 2931 clericis
764 2912 858 2940 super
876 2903 1108 2941 irregularitate
1128 2913 1225 2942 quam

223 2952 267 2982 sic
296 2953 391 2991 legati
421 2954 609 2984 celebrando
639 2955 935 2990 excommunicatis,
973 2965 1036 2985 non
1058 2958 1167 2986 tamen
1193 2957 1224 2986 in

1333 354 1556 391 contemptum
1585 352 1725 382 clavium
1753 354 1994 386 contraxerunt,
2024 355 2151 392 recepta
2180 353 2267 392 prius
2295 354 2338 383 ab

1331 404 1375 434 eis
1392 405 1566 435 sufficienti
1583 407 1616 435 et
1632 405 1758 443 ydonea
1775 404 1925 434 cautione
1941 406 2028 444 quod
2046 405 2085 435 de
2101 408 2206 436 cetero
2223 406 2337 436 similia

1333 466 1396 487 non
1417 461 1612 497 prcsument,
1633 457 1832 487 fraternitati
1852 460 1907 486 tue
1926 458 2122 488 auctoritate
2141 459 2338 497 presentium

1332 511 1536 540 concedimus
1575 510 1776 540 facultatem.
1817 510 1893 540 Dat.
1934 510 2079 545 Viterbii,
2120 511 2212 541 nonis
2251 512 2337 546 maii,

1331 572 1417 593 anno
1449 565 1576 602 quarto.
1609 574 1621 590 ι

1411 742 1500 768 2568
1884 741 2023 774 Viterbe,
2038 742 2076 768 30
2091 742 2155 768 mai
2171 742 2259 769 1258.

1373 794 1529 829 Episcopo
1562 795 1717 822 Brixiensi
1749 795 1881 822 mandat
1910 797 1945 821 ut
1974 794 2148 821 Bamboldo
2179 795 2339 827 canonico,

1332 835 1386 868 qui
1409 835 1530 861 dudum
1554 835 1584 861 in
1608 835 1737 862 ecclesia
1760 835 1925 866 Brixiensi‚
1950 835 2140 861 auctoritate
2163 835 2341 861 litterarum

1333 874 1380 906 0.,
1401 874 1429 900 S.
1446 875 1563 901 Mariae
1580 875 1611 901 in
1629 875 1688 902 Via
1706 875 1785 901 Lata
1803 874 1927 901 diaconi
1945 874 2122 906 cardinalis,
2140 875 2217 901 tunc
2233 874 2265 901 in
2280 874 2343 901 illis

1333 914 1477 947 partibus
1497 915 1696 948 Apostolicae
1717 915 1804 941 Sedis
1824 914 1929 947 legati,
1949 914 1989 940 ad
2009 914 2235 940 sacerdotalem
2254 921 2342 948 prae-

1334 954 1470 980 bendam
1491 955 1634 988 receptus
1656 954 1759 980 fuerat
1779 955 1811 980 in
1832 954 2019 980 canonicum
2040 955 2071 980 et
2092 954 2123 980 in
2145 954 2285 986 fratrem,
2307 954 2339 980 et

1333 993 1422 1026 quus
1457 994 1594 1028 receptio
1629 1001 1647 1020 a
1681 994 1910 1020 constitutione
1944 993 2117 1027 apostolica
2151 994 2275 1020 cassata
2308 993 2340 1020 in

1333 1033 1502 1066 pristinum
1526 1035 1646 1060 statum
1669 1034 1822 1060 suscitata
1845 1033 1958 1065 fuerat,
1983 1034 2021 1059 de
2044 1033 2232 1060 sacerdotali
2254 1039 2342 1067 prae-

1335 1073 1437 1099 benda
1451 1075 1584 1100 vacante
1598 1073 1774 1107 provideat.
1789 1074 1886 1106 (Res.
1901 1073 1950 1105 25,
1964 1073 1984 1099 f.
2001 1072 2068 1104 139,
2083 1080 2133 1099 311.
2152 1072 2204 1105 1v,
2218 1080 2244 1099 c.
2260 1071 2341 1106 141.)

1375 1176 1388 1191 <a
1403 1187 1433 1199 ..,
1456 1164 1598 1203 episcopo
1620 1163 1791 1194 Briaeiensi.
1815 1164 1905 1194 Sicut
1927 1164 2061 1194 dilectus
2083 1164 2169 1194 filius
2190 1181 2241 1192 ψ.
2264 1164 2341 1194 Dat.

1334 1217 1481 1251 Viterbii,
1510 1217 1559 1246 III
1609 1217 1672 1246 kal.
1696 1217 1789 1255 junii,
1815 1225 1900 1246 anno
1925 1219 2052 1256 quarto.
2079 1229 2091 1244 »

1414 1395 1505 1421 2569
1892 1395 2031 1426 Viterbe,
2045 1394 2083 1421 29
2097 1394 2160 1421 mai
2174 1394 2263 1423 1258.

1375 1448 1533 1482 Raynerio
1559 1448 1713 1479 Ghiberti,
1739 1448 1939 1474 Florentinae
1964 1447 2105 1479 diocesis,
2130 1447 2273 1481 indulget
2297 1448 2343 1479 ut,

1334 1490 1458 1522 praeter
1473 1488 1684 1514 ecclesiastica
1700 1488 1853 1514 beneficia
1869 1495 1977 1514 curam
1993 1488 2170 1514 animarum
2187 1493 2343 1514 annexam

1333 1528 1484 1554 habentia
1506 1535 1587 1561 quae
1609 1528 1743 1559 obtinet,
1766 1528 1894 1554 unicum
1916 1528 2002 1554 aliud
2025 1527 2224 1558 beneficium,
2246 1527 2343 1553 etiam

1333 1568 1468 1594 similem
1487 1575 1594 1594 curam
1613 1568 1742 1599 habens,
1760 1567 1897 1601 recipere
1915 1567 2025 1601 possit.
2046 1567 2143 1600 (Rea.
2163 1566 2212 1598 25,
2230 1566 2253 1593 f.
2274 1566 2343 1598 139,

1334 1615 1385 1634 an.
1411 1608 1463 1639 IV,
1486 1615 1511 1634 0.
1537 1607 1618 1640 142.)

1376 1709 1388 1725 α
1410 1697 1566 1736 Raynerio
1596 1697 1742 1731 Ghiberti,
1765 1696 1896 1736 plebano
1913 1697 2033 1726 ecclesie
2059 1696 2166 1727 Sancti
2185 1695 2345 1726 ,Iohannis

1336 1750 1414 1785 in...‚
1448 1750 1626 1780 Florentine
1657 1750 1797 1784 diocesis,
1850 1749 2009 1789 capellano
2048 1751 2161 1784 nostro,
2199 1757 2344 1788 qermano

1334 1803 1436 1833 dilecti
1460 1803 1526 1842 filii
1551 1803 1664 1833 Jacobi
1694 1803 1842 1837 Ghiberti,
1868 1803 1944 1832 civis
1968 1804 1995 1832 el
2017 1801 2193 1832 mercatoris
2217 1801 2344 1831 Floren-

1278 1859 1281 1869 “
1334 1857 1404 1891 lini,
1431 1856 1603 1895 familiaris
1627 1855 1736 1885 nostri.
1761 1855 1914 1885 Volentes
1939 1855 2000 1886 tibi
2025 1855 2163 1895 gratiam
2188 1872 2239 1884 —.
2266 1855 2342 1885 Dat.

1334 1910 1482 1944 viterbii,
1512 1909 1580 1939 IIII
1606 1909 1669 1938 kal.
1694 1908 1787 1947 junii,
1813 1918 1898 1938 anno
1924 1910 2052 1948 quarto.
2078 1920 2092 1936 »

1414 2102 1505 2128 2570
1763 2083 1765 2085 ¹
1891 2100 2030 2132 Viterbe,
2044 2100 2082 2127 30
2096 2099 2160 2127 mai
2174 2099 2262 2127 1258.

1374 2155 1531 2189 Episcopo
1549 2154 1749 2188 Zagabriensi
1764 2153 1950 2181 facultatem
1964 2152 2166 2180 construendi
2181 2151 2343 2179 ecclesiam

1334 2195 1585 2228 Zagabriensem,
1601 2201 1682 2228 quae
1705 2194 1737 2221 in
1760 2194 1828 2221 loco
1853 2194 1957 2220 minus
1981 2194 2057 2227 apto
2081 2193 2263 2219 constructa
2285 2192 2344 2218 mi-

1334 2236 1429 2261 natur
1441 2235 1575 2266 ruinam,
1588 2234 1620 2260 in
1632 2234 1700 2261 loco
1713 2234 1812 2267 magis
1825 2234 1947 2267 ydoneo
1961 2234 1993 2259 et
2005 2232 2175 2259 accomodo
2188 2231 2342 2258 concedit.

1334 2274 1431 2308 (Rae.
1454 2274 1502 2306 25,
1524 2274 1546 2300 f.
1569 2274 1636 2305 139,
1659 2281 1708 2300 an.
1734 2273 1786 2305 IV,
1809 2281 1834 2300 c.
1857 2273 1925 2305 143,
1960 2273 2132 2299 Porrfflsr
2155 2271 2262 2302 17289,
2284 2271 2342 2298 suh

1334 2315 1384 2341 die
1408 2314 1451 2341 IV
1472 2314 1533 2341 kal.
1555 2314 1659 2347 J'unii.)

1417 2416 1429 2431 «
1454 2427 1484 2439 ..,
1521 2404 1664 2443 episcopo
1687 2402 1905 2442 Zaqabriensi.
1931 2403 1982 2432 Ex
2005 2404 2062 2432 tue
2086 2400 2267 2431 devotionis
2290 2417 2341 2429 —.

1334 2458 1411 2488 Dat.
1432 2457 1578 2491 Viterbii‚
1604 2456 1653 2486 111
1673 2456 1737 2486 kal.
1757 2456 1850 2494 junii,
1872 2464 1957 2486 anno
1978 2457 2105 2494 quarto.
2127 2465 2140 2482 n

1414 2643 1495 2668 2571
1883 2639 2021 2670 Viterbe,
2038 2639 2076 2666 20
2092 2638 2156 2665 mai
2173 2637 2260 2664 1258.

1375 2695 1514 2722 ,Iohanni
1538 2695 1575 2721 de
1598 2694 1761 2725 Brienone‚
1786 2693 1896 2720 clerico
1921 2691 2106 2719 senonensis
2130 2690 2270 2721 diocesis,
2293 2690 2342 2716 ta-

1334 2735 1524 2762 bellionatus
1545 2734 1687 2761 officium
1710 2733 1863 2760 concedit.
1886 2733 1984 2765 (ΗΒΕ.
2006 2732 2054 2763 25,
2077 2731 2098 2757 f.
2123 2730 2189 2762 139,
2213 2737 2262 2756 an.
2287 2728 2340 2756 IV‘

1335 2782 1360 2801 c.
1391 2775 1471 2808 144.)

1375 2863 1387 2878 «
1417 2851 1558 2881 ,Iohanni
1589 2851 1624 2880 cic
1654 2850 1818 2884 Brienone,
1849 2849 1954 2878 clerico
1985 2846 2172 2878 Senonensis
2201 2843 2338 2876 diocesis.

1335 2905 1384 2934 Ne
1411 2907 1638 2934 contractuum
1664 2903 1818 2933 memoria
1836 2920 1885 2930 -—.
1904 2902 1980 2931 Dat.
1999 2900 2146 2934 Viterbii,
2165 2898 2251 2929 XIII
2276 2896 2339 2927 kal.

1334 2957 1428 2996 junii,
1460 2966 1545 2987 anno
1577 2959 1703 2995 quarto.
1737 2968 1748 2982 »
