2477 3512
1020 269 1222 308 sixiEME
1248 270 1414 307 ANNEE
2216 281 2275 311 127

243 386 335 413 3183
632 383 766 417 Anagni,
789 384 823 409 21
849 383 972 416 janvier
995 382 1082 409 1260.

201 439 333 466 Prefatis
366 439 458 465 Petro
490 439 519 464 et
552 437 687 463 Ricardo
718 444 773 470 pro
805 436 1021 469 prosecutione
1052 442 1163 461 causae

159 483 242 509 inter
261 483 344 516 ipsos
366 484 396 508 et
419 482 572 515 quosdam
594 480 759 507 canonicos
782 479 1020 510 Ulixbonenses,
1042 485 1081 505 ex
1101 485 1163 504 una

159 528 258 560 parte,
283 528 313 552 et
338 526 523 559 magistrum
548 524 723 550 scholarum
750 523 1005 554 Ulixbonensem,
1031 522 1083 555 qui
1108 528 1162 555 pro

161 570 365 596 Ulixbonensi
403 569 548 602 episcopo
586 576 616 594 se
654 568 742 601 gerit,
780 575 817 593 ex
855 567 963 597 altera,
1001 565 1164 596 vertentis,

165 613 356 647 [Riccardo]‚
384 614 411 640 S.
445 612 555 645 Angeli
580 612 710 638 diacono
736 611 886 637 cardinali
911 610 1052 637 auditore
1078 610 1164 641 dato,

163 657 370 684 contrahendi
416 658 562 682 mutuum
610 663 706 689 usque
748 655 787 681 ad
827 661 983 680 summam
1035 655 1162 679 centum

161 708 337 728 marcarum
375 700 494 733 argenti
531 702 562 726 et
587 699 745 732 obligandi
770 700 898 732 propter
921 697 980 724 hoc
1004 696 1165 723 ecclesiam

160 744 409 772 Ulixbonensem
448 751 483 770 ac
522 744 605 770 bona
642 743 749 777 ipsius,
788 742 973 768 facultatem
1012 739 1165 767 concedit.

158 788 259 822 (Rea.
278 788 326 820 25,
343 788 364 815 f.
383 788 451 819 257,
469 795 518 814 an.
536 786 591 818 VI,
609 786 682 819 d.c.)

204 891 216 907 «
247 903 266 910 ..
295 877 471 919 mayistris
498 877 607 913 Petro,
627 877 750 908 decano
771 878 799 907 et
817 876 974 912 Ricarclo,
1004 876 1166 907 canonico

163 930 466 963 Ulixbonensibus.
503 930 541 961 In
575 931 696 960 nostra
729 929 961 970 proposuistis
992 947 1046 960 —.
1081 928 1164 960 Dat.

157 984 326 1025 Anagnie,
352 982 425 1015 XII
448 983 518 1014 kal.
541 982 719 1018 februarii,
745 992 836 1013 anno
860 985 971 1013 sexto.
997 995 1009 1010 ,‚

238 1134 328 1160 3184
609 1134 744 1167 Anagni,
767 1134 784 1160 9
808 1134 971 1160 decembre
995 1134 1081 1160 1259.

198 1187 343 1222 Capitulo
369 1187 549 1214 Zamorensi
572 1188 704 1214 mandat
729 1189 775 1219 ut,
798 1187 892 1220 juxta
916 1189 1056 1213 tenorem
1080 1187 1164 1213 litte-

156 1239 262 1259 rarum
300 1232 374 1265 ipsis
413 1232 499 1265 prius
541 1232 742 1263 directarum,
783 1231 955 1258 Martinuni
996 1231 1164 1262 Dominici,

156 1276 302 1303 clericum
325 1276 410 1302 chori
432 1276 578 1302 ecclesiae
600 1283 718 1307 eorum,
742 1276 772 1302 in
795 1276 925 1302 fratrem
948 1278 979 1302 et
1001 1275 1164 1309 portiona-

156 1321 237 1348 rium
254 1320 438 1348 admittant.
455 1320 551 1353 (Hm.
567 1320 615 1352 25,
632 1321 651 1346 f.
668 1320 736 1352 257,
752 1328 801 1347 an.
818 1320 872 1351 VI,
888 1328 913 1346 c.
933 1320 1011 1353 119.)

202 1422 214 1438 «
245 1409 404 1451 Capilqu
435 1410 646 1441 Zamorensi.
679 1411 899 1451 Significavit
931 1411 1031 1442 nobis
1061 1410 1164 1442 dilec-

157 1465 215 1494 tus
241 1482 296 1494 —.
325 1463 409 1494 Dat.
438 1464 607 1503 Anagnie,
637 1463 667 1495 V
693 1463 809 1494 idibus
837 1464 1041 1499 decembris,
1070 1473 1163 1495 anno

156 1515 293 1556 quinto.
323 1528 335 1544 »

237 1666 326 1692 3185
686 1667 820 1700 Anagni‚
846 1668 881 1693 15
905 1668 967 1694 mai
992 1667 1078 1693 1260.

198 1719 342 1746 Generali
371 1721 401 1746 et
430 1720 674 1753 provincialibus
703 1721 853 1747 ministris
882 1720 998 1747 ordinis
1027 1721 1163 1747 fratrum

158 1764 315 1790 Minorum
345 1764 465 1791 inhibet
496 1772 533 1791 ne
563 1765 600 1791 de
631 1766 753 1791 caetero
784 1765 940 1799 aliquibus
970 1765 1017 1792 sui
1047 1764 1164 1791 ordinis

156 1808 316 1835 licentiam
342 1809 527 1835 transeundi
552 1809 592 1835 ad
618 1809 646 1836 S.
672 1809 835 1836 Benedicti
860 1809 909 1835 vel
935 1809 1164 1836 Carthusiensis

155 1852 278 1880 ordines
298 1853 483 1885 concedant,
501 1853 558 1879 nisi
577 1853 634 1880 sub
653 1861 688 1880 ea
707 1853 886 1880 conditione
905 1854 989 1887 quod
1007 1853 1038 1879 in
1057 1853 1165 1880 ordine

156 1897 197 1924 ad
211 1904 305 1930 quem
319 1897 526 1924 licenciantur
539 1905 699 1924 remanere
714 1898 860 1924 debeant.
877 1898 974 1931 (Rea.
991 1898 1039 1929 25,
1055 1898 1075 1924 f.
1093 1896 1163 1930 257,

155 1948 205 1968 an.
226 1941 281 1973 VI,
301 1949 326 1968 c.
349 1942 427 1974 120;
449 1942 622 1968 PorruAsr
643 1943 764 1975 17859.)

203 2045 214 2059 ι(
244 2057 262 2064 ..
293 2032 440 2073 generali
469 2035 496 2064 et
522 2032 794 2074 provincialibus
821 2033 990 2065 ministris
1018 2034 1161 2071 ordinis,

153 2085 299 2126 fratrum
320 2085 514 2117 Minorum.
538 2086 624 2117 Cum
647 2089 681 2117 et
704 2086 864 2127 plantare
887 2106 939 2117 †—.
964 2087 1046 2117 Dat.
1071 2087 1163 2118 Ana-

154 2138 245 2179 gnie,
272 2138 389 2169 idibus
413 2139 507 2175 maii,
534 2148 625 2170 anno
650 2142 762 2170 sexto.
791 2152 802 2167 η

237 2280 324 2307 3188
670 2282 804 2315 Anagni,
828 2283 846 2309 3
867 2282 969 2315 juillet
994 2283 1080 2309 1260.

195 2334 328 2361 Ordinat
353 2336 387 2360 ut
412 2335 443 2361 in
468 2335 568 2361 insula
592 2335 686 2368 Cypri
712 2336 750 2362 de
775 2338 899 2362 caetero
924 2336 1004 2362 infra
1034 2336 1162 2362 Latino-

155 2385 223 2405 rum
247 2378 463 2412 episcoporum
488 2379 623 2405 dioceses
648 2382 679 2406 et
703 2380 760 2406 sub
786 2380 958 2407 Nicosiensi
982 2380 1162 2414 metropoli,

155 2423 293 2455 quatuor
334 2422 506 2449 dumtaxat
549 2423 687 2450 existant
732 2424 922 2451 Graecorum
965 2424 1163 2458 pontificales

153 2467 241 2493 sedes
267 2468 298 2493 et
324 2466 470 2494 ecclesiae
495 2468 690 2495 cathedrales
717 2468 791 2495 olim
818 2476 872 2502 per
900 2469 1040 2499 Petrum,
1068 2469 1163 2495 Alba-

155 2518 282 2537 nensem
315 2511 508 2545 episcopum,
540 2511 615 2538 locis
649 2512 834 2546 specialibus
868 2513 1058 2546 assignatae,
1091 2520 1162 2539 cum

155 2557 292 2589 quatuor
308 2554 505 2582 solummodo
523 2556 555 2582 in
572 2557 681 2583 eadem
698 2556 799 2584 insula
815 2557 880 2584 fore
897 2559 1068 2584 noscantur
1084 2558 1163 2591 epis-

155 2599 278 2633 copales
298 2599 386 2626 sedes
406 2602 436 2626 et
457 2600 602 2627 ecclesiae
624 2601 811 2634 pontificum
832 2601 1017 2628 Latinorum
1039 2610 1044 2628 :
1067 2609 1162 2628 unam

154 2644 309 2678 siquidem
336 2644 552 2678 pontificalem
579 2645 684 2672 sedem
712 2645 901 2672 Graecorum
928 2646 959 2672 in
991 2646 1163 2673 Nicosiensi

155 2688 239 2722 apud
261 2688 388 2720 Soliam,
409 2688 503 2715 aliam
525 2689 555 2715 in
578 2689 725 2723 Paphena
747 2690 831 2723 apud
852 2690 1014 2722 Archinos,
1037 2691 1163 2717 tertiam

155 2739 228 2759 vero
256 2733 286 2758 in
315 2733 549 2766 Famagustana
579 2734 662 2767 apud
690 2735 870 2768 Carpasiam
897 2737 926 2760 et
955 2735 1106 2768 reliquam
1134 2735 1164 2761 in

155 2776 345 2804 Nimociensi
371 2777 546 2804 (liocesibus
578 2779 661 2812 apud
696 2778 860 2805 Lescaram
892 2779 1059 2805 consistere
1085 2779 1163 2805 vult.

156 2820 251 2847 Porro
281 2821 407 2848 ordinat
437 2824 471 2848 ut
502 2822 626 2856 quoties
656 2830 750 2849 unam
781 2823 1014 2856 praedictarum
1043 2824 1165 2850 sedium

157 2865 344 2892 Graecorum
375 2866 516 2899 praesule
548 2874 659 2893 vacare
689 2867 865 2900 contigerit,
896 2867 974 2894 alter
1003 2875 1019 2894 a
1049 2868 1165 2894 clericis

155 2909 235 2936 sedis
249 2909 389 2942 ejusdem
399 2910 430 2936 in
442 2911 622 2944 episcopum
638 2911 770 2944 eligatur
780 2913 839 2939 etc.
854 2912 950 2944 (Rau.
964 2912 1011 2944 25,
1022 2912 1041 2938 f.
1055 2912 1112 2939 257
1122 2916 1167 2943 νο,

156 2960 206 2980 an.
228 2952 283 2984 vl,
302 2961 327 2980 c.
350 2954 402 2981 121
421 2962 427 2987 ;
450 2955 622 2981 Po'rrrmsr
645 2956 751 2987 17910,
772 2956 881 2989 incipit
902 2964 908 2982 :
930 2955 969 2983 1η
987 2957 1166 2990 perpetuum

157 2997 278 3031 cultus.)

1314 397 1325 409 <⁴
1350 382 1405 413 ild
1428 383 1579 423 suturam
1604 384 1651 414 rei
1675 385 1871 415 memorium
1898 386 1932 416 iri
1958 390 2168 427 pirpvlzimn.
2198 388 2274 418 (2111-

1269 437 1326 465 tus
1359 434 1495 474 justitie
1530 435 1600 466 late
1637 455 1687 466 ss—.
1724 436 1806 467 Dat.
1845 438 2000 475 Mizignie
2038 449 2095 478 prr
2131 450 2272 470 manum

1268 487 1426 527 magistri
1459 487 1618 521 Jordani.
1652 488 1778 519 Sancte
1813 489 1970 520 Romam
2004 490 2153 521 lit-etesii-
2187 493 2275 523 vice,-

1268 540 1464 571 caneellarii
1486 543 1521 570 et
1543 541 1680 574 notarii,
1704 540 1733 571 V
1756 551 1863 571 nonus
1883 542 1970 581 julii,
1993 542 2181 574 indictioni¹
2218 545 2272 582 11³,

1272 592 1528 623 lncarnationis
1559 591 1742 623 Dominice
1783 603 1875 624 anno
1917 594 2085 627 MtItLLX.
2130 598 2273 636 pontit-i<

1268 647 1369 676 catus
1405 654 1488 676 vero
1526 645 1634 675 donni
1676 646 1763 685 (sir)
1803 647 1993 677 Alexandri
2046 657 2134 688 papi·
2176 648 2276 679 ΙΙΙΙῑ1

1269 707 1362 728 anno
1389 700 1501 728 sexto.
1531 710 1543 725 1>

1352 870 1439 896 3187
1779 872 1922 901 Subiaco,
1946 873 1984 899 30
2007 873 2082 899 aout
2108 874 2193 901 1200.

1311 924 1492 957 Praeposito
1519 924 1666 950 ecclesiae
1694 924 1722 951 S.
1752 925 1866 951 Mariae
1894 926 1930 951 de
1958 926 2089 957 Torello,
2117 927 2276 955 Cumanae

1270 968 1411 999 diocesis,
1433 969 1563 994 mandat
1586 970 1620 994 ut
1643 968 1811 1001 Rogerium
1833 970 1870 995 de
1893 970 2033 999 Laturre.
2055 971 2199 997 clericum
2220 972 2277 997 Cu-

1269 1019 1409 1042 manum,
1430 1013 1461 1038 in
1482 1012 1609 1038 ecclesia
1631 1013 1659 1038 S.
1684 1013 1845 1039 Eufemiae
1867 1014 1903 1039 de
1928 1014 2031 1040 Insula
2053 1015 2192 1046 ejusdem
2214 1016 2278 1041 dio-

1269 1056 1345 1082 cesis
1367 1056 1451 1089 prius
1471 1057 1668 1087 canonicum,
1691 1064 1752 1082 non
1773 1058 1921 1083 obstante
1942 1059 2167 1085 constitutione
2188 1067 2277 1092 apos-

1270 1100 1362 1126 tolica
1383 1100 1454 1126 inde
1475 1101 1549 1129 lata,
1571 1108 1626 1134 pro
1647 1102 1797 1127 canonico
1818 1103 1947 1128 tractari
1968 1102 2062 1128 faciat
2083 1104 2172 1136 eique
2192 1112 2279 1137 prae-

1269 1145 1405 1170 bendam
1434 1145 1594 1177 assignari.
1624 1145 1721 1175 (Rue.
1752 1146 1800 1177 25,
1830 1146 1851 1172 f.
1882 1147 1950 1178 259,
1980 1154 2028 1172 au.
2061 1148 2113 1178 Vi,
2143 1156 2167 1173 c.
2200 1148 2276 1179 1223

1268 1189 1488 1220 Hemonam,
1509 1193 1544 1215 110
1563 1190 1645 1222 (384.)

1315 1293 1325 1306 ι(
1357 1305 1376 1311 ..
1406 1280 1577 1321 preposito
1609 1279 1740 1310 ecclesie
1772 1280 1892 1311 Satiris
1923 1280 2037 1311 Music
2067 1281 2105 1311 (Ie
2139 1281 2276 1315 Torello,

1271 1332 1424 1363 Cumane
1451 1333 1604 1364 diocesis.
1635 1334 1722 1364 Cum
1751 1342 1769 1364 a
1799 1333 1899 1364 nobis
1926 1352 1980 1364 —.
2011 1333 2094 1365 Dat.
2125 1334 2276 1370 Sublaci,

1273 1385 1326 1417 ΙΙΙ
1351 1386 1420 1417 kal.
1445 1385 1668 1427 septembris,
1694 1395 1787 1416 anno
1811 1389 1924 1417 sexto.
1951 1398 1963 1414 >›

1353 1551 1441 1578 3188
1779 1553 1923 1584 Subiaco,
1947 1553 1985 1580 30
2008 1554 2083 1580 aoot
2109 1554 2194 1581 1260.

1312 1604 1423 1631 Eidem
1451 1605 1543 1631 simili
1572 1605 1665 1631 modo
1694 1613 1749 1639 pro
1781 1606 1921 1632 Romelio
1951 1607 1987 1632 de
2017 1607 2137 1638 Stabio,
2166 1607 2274 1633 clerico

1269 1648 1420 1675 Cumano.
1445 1648 1541 1681 (Rau.
1566 1649 1615 1681 25,
1640 1650 1660 1675 f.
1685 1650 1752 1681 259,
1777 1658 1826 1676 an.
1852 1650 1906 1681 VI,
1932 1651 1959 1676 d.
1985 1658 2033 1681 e.;
2056 1651 2276 1683 Bsnuomru,

1269 1691 1320 1719 loc.
1341 1692 1404 1725 cit.)

1315 1797 1327 1811 «
1354 1784 1486 1815 Eidem.
1516 1784 1735 1825 Significavit
1769 1786 1868 1816 nobis
1897 1786 2044 1816 dilectus
2073 1805 2116 1807 ᾖ
2144 1789 2209 1817 ete.
2241 1789 2277 1816 ut

1269 1836 1303 1867 in
1327 1837 1393 1867 alia
1419 1837 1569 1867 mutatis
1593 1838 1774 1868 mutandis
1798 1847 1907 1878 usque
1932 1838 1963 1868 in
1989 1838 2109 1869 finem,
2138 1853 2147 1864 υ

1353 2008 1440 2034 3189
1758 2009 1890 2042 thiagni,
1915 2010 1932 2035 6
1955 2010 2082 2035 octobre
2107 2010 2193 2036 1260.

1310 2061 1485 2092 Nicolaum,
1510 2061 1588 2095 regis
1612 2062 1780 2088 Boheiniae
1804 2065 1925 2093 natum,
1950 2062 2157 2095 legitimitatis
2182 2063 2276 2089 titulo

1270 2106 1397 2132 decorat
1419 2105 1508 2139 eique
1529 2106 1673 2132 concedit
1694 2105 1729 2132 u't
1751 2107 1790 2133 ad
1812 2114 1919 2132 omnes
1941 2107 2121 2139 dignitates,
2143 2107 2275 2133 honores

1269 2151 1299 2177 et
1317 2150 1512 2184 principatus
1531 2150 1703 2177 saeculares
1721 2151 1837 2177 assumi
1855 2151 1963 2184 possit.
1983 2152 2079 2183 (Ruo.
2099 2152 2147 2182 25,
2167 2152 2186 2177 f.
2206 2152 2276 2183 259,

1269 2202 1318 2221 an.
1336 2194 1390 2226 VI,
1407 2202 1432 2221 c.
1450 2194 1506 2221 123
1522 2202 1528 2226 ;
1546 2195 1717 2221 PorrnAST
1734 2195 1854 2228 17948.)

1316 2298 1327 2313 «
1352 2284 1474 2316 Nobili
1500 2285 1570 2317 viro
1596 2285 1751 2322 Nicolao,
1778 2288 1857 2317 milo
1883 2286 2054 2317 carissimi
2083 2287 2117 2318 in
2147 2286 2278 2318 Christo

1267 2337 1339 2379 lilii
1362 2338 1469 2369 nostri
1494 2338 1637 2369 illustris
1660 2338 1748 2379 reqis
1772 2339 1920 2370 Boemie.
1947 2339 2051 2370 Sedes
2074 2339 2277 2380 Apostolica

1269 2391 1464 2431 gratiarum
1495 2410 1550 2422 κ.
1584 2391 1666 2422 Dat.
1700 2391 1869 2432 Anagnia
1907 2392 1938 2422 ΙΙ
1973 2401 2083 2422 nonas
2114 2392 2277 2428 octobris,

1270 2453 1362 2475 anno
1390 2446 1502 2475 sexto.
1534 2457 1545 2472 »

1353 2612 1440 2637 3190
1758 2613 1890 2645 Anagni,
1915 2613 1931 2638 7
1955 2613 2080 2638 octobre
2109 2613 2191 2638 1200.

1313 2665 1476 2691 Praedicto
1508 2666 1675 2692 Bohcmiae
1707 2666 1769 2699 regi
1802 2667 1921 2699 petenti
1953 2666 2094 2691 concedit
2128 2667 2161 2691 ut
2193 2665 2275 2690 filiae

1270 2709 1337 2742 ejus
1356 2710 1435 2735 duae
1454 2718 1468 2736 e
1486 2710 1588 2736 soluta
1607 2710 1739 2743 genitae,
1759 2711 1798 2736 ad
1817 2718 1922 2736 omncs
1942 2710 2121 2741 dignitates,
2143 2710 2275 2735 honores

1271 2755 1302 2780 et
1314 2754 1508 2788 principatus
1521 2754 1672 2780 seculares
1685 2755 1800 2780 assumi
1814 2755 1942 2787 possint.
1957 2755 2052 2787 (Risu.
2066 2754 2113 2785 25,
2127 2754 2146 2779 f.
2160 2753 2216 2779 259
2231 2756 2276 2785 νο,

1272 2805 1321 2825 an.
1341 2797 1397 2830 Vl,
1415 2798 1444 2824 d.
1464 2805 1512 2830 c.;
1532 2798 1704 2825 PorrflAsr
1724 2799 1844 2832 17949.)

1318 2900 1330 2916 «
1356 2913 1375 2919 ..
1403 2887 1527 2920 illustri
1552 2888 1622 2929 reqi
1647 2888 1818 2920 Bolzemie.
1846 2889 1950 2920 Sedes
1975 2888 2177 2930 Apostolica
2201 2895 2278 2927 gra-

1273 2941 1402 2973 tiarum
1436 2960 1490 2973 —.
1526 2941 1609 2974 Dat.
1643 2941 1814 2982 Anagnie‚
1850 2942 1950 2974 nonis
1984 2941 2149 2976 octobris,
2185 2949 2277 2972 anno

1272 2996 1386 3027 sexto.
1408 3008 1420 3022 υ
