2477 3512
998 260 1076 293 SIX
1084 253 1200 291 IEME
1226 253 1393 291 ANNEE
2191 261 2249 293 131

194 383 205 397 ι(
231 369 355 406 David,
385 368 501 399 rectori
528 367 661 399 ecclesie
687 367 725 399 de
752 367 964 403 Manestone,
995 366 1148 398 Saresbi-

140 422 263 453 riensis
297 421 451 453 diocesis.
487 420 652 451 Volentes
686 420 749 451 tibi
785 419 935 460 gratiam
970 438 1023 450 —.
1060 419 1142 450 Dat.

141 474 316 509 Laterani,
339 472 465 504 XVIII
486 473 553 503 kal.
573 472 737 512 jzmuari‘,
758 482 850 504 anno
869 474 980 503 sexto.
1002 483 1015 500 n

221 629 308 656 3209
523 630 570 655 Au
595 629 723 660 Latran,
746 629 764 655 9
788 628 951 655 decembre
975 626 1061 653 1260.

180 683 302 710 Clerum
323 683 467 709 Lucanae
487 683 625 709 civitatis
645 684 676 709 et
697 682 825 708 diocesis
845 688 863 708 a
883 681 1021 714 quadam
1040 680 1144 713 provi-

139 727 224 754 sione
243 727 479 761 Monopolitano
498 727 643 760 episcopo
662 725 860 760 procuranda
878 724 1024 751 absolvit.
1044 723 1143 756 (Rau.

139 771 188 803 25,
204 772 226 798 f.
244 771 312 803 262,
329 778 379 798 an.
397 771 452 803 VI,
470 778 494 797 c.
515 771 570 798 137
585 778 592 802 ;
611 771 833 801 RODENBERG,
849 771 872 796 t.
894 768 952 799 ΙΙΙ,
970 772 1005 794 n⁰
1022 768 1104 801 511.)

185 874 198 889 «
232 860 326 893 Clero
358 860 496 892 Lucane
529 859 674 891 civitatis
708 861 736 890 el
768 858 921 890 diocesis.
957 857 1145 889 Desideriis

138 913 265 945 vestris
289 913 323 944 in
349 913 413 944 hiis
437 913 569 944 affectu
596 912 758 943 benivolo
783 911 933 942 libenter
956 910 1146 942 annuimus

138 976 200 1007 per
235 976 313 1007 que,
352 966 498 997 materia
535 965 701 995 submota
738 964 997 1003 gravaminum,
1036 963 1144 994 vestri

137 1021 253 1050 status
275 1018 511 1059 tranquillitas
531 1020 750 1058 procuretur.
771 1018 861 1047 Sane
881 1017 1006 1057 petitio
1026 1019 1142 1047 vestra

139 1071 238 1102 nobis
268 1071 425 1102 exhibita
457 1070 664 1101 continebat
694 1070 788 1111 quod
822 1080 883 1100 nos
913 1069 1040 1100 dilecto
1071 1069 1143 1099 filio

139 1124 306 1165 magistro
337 1124 508 1155 Dall'inuti
539 1124 580 1154 ‹le
611 1123 769 1163 Neapoli,
800 1122 981 1163 capellano
1011 1124 1142 1156 nostro,

138 1176 298 1208 dedimus
324 1176 452 1207 nostris
477 1176 603 1207 litteris
627 1176 660 1206 in
688 1175 865 1206 mandatis
890 1177 929 1205 ut
954 1173 1144 1205 venerabili

138 1229 238 1260 fratri
272 1232 415 1260 nostro..
450 1228 716 1269 Monopolitano
749 1227 924 1268 episeopo,
959 1227 1067 1257 donec
1101 1226 1144 1256 ad

139 1281 319 1312 ecclesiam
342 1290 441 1312 suam
464 1281 574 1311 redire
596 1280 704 1321 possit·
727 1279 844 1320 ibique
865 1289 983 1310 secure
1006 1279 1144 1314 morari,

137 1334 173 1365 in
196 1336 338 1365 centum
362 1336 397 1364 et
420 1333 541 1364 decem
564 1332 661 1364 libris
685 1332 949 1363 Provisinorum
972 1331 1103 1363 faceret
1127 1341 1146 1362 a

137 1385 239 1417 vobis
261 1386 362 1417 annis
384 1386 528 1427 singulis
551 1385 738 1427 provideri,
763 1384 1042 1416 contradictores
1064 1386 1144 1420 etc„

137 1448 272 1480 vosque
294 1438 389 1470 dicto
411 1438 574 1480 episcopo
598 1447 659 1479 per
680 1447 790 1469 unum
812 1447 946 1469 annum
967 1437 1002 1468 in
1025 1436 1147 1477 hujus-

138 1491 233 1522 modi
259 1491 407 1532 pecunia
433 1490 661 1532 providistis;
688 1499 796 1531 quare
822 1489 922 1521 nobis
953 1489 1146 1531 supplicas-

137 1542 183 1574 tis
205 1542 386 1574 humiliter
407 1546 457 1579 ut,
481 1553 562 1574 cum
586 1542 693 1573 nimia
715 1542 910 1583 gravemini
934 1543 1146 1583 paupertate

138 1596 317 1636 vestrique
349 1596 508 1627 redditus
539 1598 574 1627 et
606 1597 800 1636 proventus
833 1597 976 1636 propter
1006 1602 1147 1633 guerra-

138 1659 215 1681 rum
235 1649 436 1680 discrimina
454 1648 525 1679 sint
545 1658 612 1679 non
634 1647 812 1679 modicum
832 1647 1009 1683 diminuti,
1029 1649 1063 1677 et
1082 1656 1146 1678 vos

139 1703 173 1734 in
200 1701 508 1744 procurationibus
533 1701 730 1741 legatorum
756 1703 789 1731 et
817 1700 1022 1731 nuntiorum
1050 1699 1147 1731 Sedis

140 1754 342 1796 Apostolice
375 1754 578 1794 frequenter
610 1763 670 1794 per
702 1752 850 1794 partes¹
883 1755 1019 1783 vestras
1054 1755 1147 1783 tran-

142 1807 321 1839 seuntium
357 1806 473 1848 sepius
510 1806 693 1847 aggravari
730 1805 925 1846 contingat,
964 1805 1148 1846 providere

141 1859 244 1892 vobis
272 1869 377 1902 super
407 1859 472 1891 hoc
502 1862 650 1901 paterna
681 1858 903 1890 solicitudine.
933 1867 1147 1889 curaremus.

142 1913 214 1945 Nos
237 1912 369 1954 itaque,
395 1912 521 1944 vestris
545 1910 866 1953 supplicationibus
889 1910 1060 1946 inclinati,
1086 1919 1149 1941 vos

141 1966 186 1998 ab
218 1965 423 2006 hujusmodi
454 1964 654 2006 provisione
685 1964 795 2006 ipsius
826 1963 1041 1995 auctoritate
1073 1973 1149 2005 pre-

141 2018 294 2051 sentium
313 2017 531 2050 absolvimus
550 2017 591 2048 de
609 2016 723 2058 gratia
741 2016 894 2058 speciali.
915 2015 1009 2047 Nulli
1030 2018 1148 2047 nostre

142 2070 375 2103 absolutionis
395 2072 462 2101 etc.
486 2070 569 2101 Dat.
592 2069 769 2106 Laterani,
793 2069 822 2099 V
843 2069 921 2099 idus
943 2068 1148 2105 decembris,

142 2134 234 2156 anno
262 2125 376 2155 sexto.
405 2136 418 2152 »

225 2272 313 2298 3210
528 2271 575 2297 Au
600 2271 729 2302 Latran,
753 2270 770 2296 4
794 2270 957 2296 decembre
983 2269 1069 2295 1260.

184 2325 427 2353 Bartholomaeo
449 2324 569 2357 Quirini
593 2323 734 2357 indulget
759 2325 805 2355 ut,
830 2325 954 2357 praeter
974 2323 1002 2349 S.
1020 2323 1154 2349 Bartho-

143 2370 268 2402 lomaei,
287 2370 315 2396 S.
337 2369 466 2400 Juliani,
486 2369 514 2395 S.
540 2368 666 2394 Martini
689 2368 726 2394 de
750 2367 888 2394 Venetiis
909 2368 939 2393 et
961 2367 988 2393 S.
1012 2366 1095 2392 Petri
1116 2366 1152 2392 de

144 2415 260 2446 Litore,
288 2413 487 2440 Torcellanac
517 2412 657 2443 diocesiS‚
686 2412 874 2445 plebanatus
902 2413 933 2437 et
962 2412 1151 2437 decanatum

145 2459 221 2486 Chi..
242 2465 388 2484 onensem
407 2458 427 2488 ²,
447 2457 573 2483 unicum
595 2456 679 2482 aliud
701 2456 887 2482 beneficium
907 2455 1152 2481 ecclesiasticum

144 2503 175 2529 in
191 2502 250 2529 illis
269 2502 318 2528 vel
335 2502 534 2529 Cretensibus
552 2501 694 2535 partibus
711 2500 845 2534 recipere
862 2500 969 2534 possit.
988 2500 1084 2532 (REG.
1103 2499 1152 2531 25,

145 2547 166 2574 f.
183 2546 254 2579 262,
270 2553 320 2573 an.
337 2545 393 2577 VI,
409 2553 435 2572 c.
454 2546 534 2579 138.)

191 2701 204 2717 «
228 2687 460 2720 Bartholomeo
485 2688 636 2729 Quirini,
662 2687 835 2729 capellano
859 2689 981 2724 nostro,
1006 2687 1151 2729 plebano

147 2740 278 2772 ecclesie
303 2741 419 2773 Sancti
446 2741 672 2773 Bartholomei
696 2741 734 2772 de
765 2740 923 2771 Veneliis.
950 2740 1027 2771 Etsi
1052 2750 1150 2782 prae-

146 2793 297 2826 termitti
314 2804 382 2826 non
399 2813 453 2825 *a
471 2794 554 2825 Dat.
572 2793 748 2830 Laterani,
771 2793 802 2824 Il
820 2803 930 2825 nonas
945 2793 1150 2831 decembris,

149 2856 242 2880 anno
262 2849 375 2879 sexto.
398 2860 409 2875 >>

179 2948 201 2968 1.
243 2952 257 2968 e
276 2963 282 2969 .
297 2953 303 2969 :
399 2962 405 2969 .

180 2983 202 3003 2.
219 2946 397 3005 Zssmffllgffie:
410 2984 463 3005 mot
475 2982 572 3004 ssllslble
585 2988 630 3008 par
642 2983 706 3004 suite
718 2981 778 3003 d'un
790 2981 879 3003 detaut
890 2981 925 3002 du
937 2981 1090 3007 parchemin.

1333 363 1415 389 3211
1634 364 1682 390 Au
1707 364 1835 395 Latran,
1859 364 1875 390 4
1900 365 2062 391 decembre
2086 365 2171 392 1260.

1290 417 1427 448 Donato,
1451 417 1539 448 laico,
1564 416 1787 442 tabellionatus
1811 417 1951 443 officium
1975 418 2126 444 concedit.
2151 418 2248 451 (REO,

1250 462 1298 493 25,
1315 461 1334 487 f.
1352 461 1420 492 262,
1437 468 1486 487 an.
1504 460 1558 491 VI,
1574 468 1599 487 c.
1618 461 1697 493 139.)

1295 573 1306 588 «
1326 559 1470 594 Donato,
1495 560 1572 589 nalo
1595 558 1763 598 quondum
1786 557 1942 598 mayistri
1972 558 2138 589 Guidonis
2161 558 2250 590 Nusi

1248 611 1286 644 de
1310 611 1494 647 Florentia,
1519 610 1616 642 laico.
1642 610 1730 649 Quia
1755 610 1781 641 si
1804 610 1860 650 jus
1887 629 1937 641 —.
1965 610 2046 641 Dat.
2074 611 2249 647 Laterani,

1254 665 1285 696 II
1308 674 1418 695 nonas
1439 663 1642 699 decembris,
1665 673 1757 693 anno
1778 666 1889 694 sexto.
1914 676 1924 690 ι»

1333 873 1420 899 3212
1633 872 1681 897 Au
1704 871 1833 902 Latran,
1857 870 1874 896 9
1897 869 2060 895 decembre
2084 869 2170 895 1260.

1293 927 1390 954 Priori
1408 928 1438 953 et
1456 924 1626 952 conventui
1644 923 1824 950 monasterii
1843 923 1871 949 S.
1892 922 2006 949 Mariae
2025 922 2062 948 de
2079 921 2257 955 Virginibus

1252 972 1456 998 Venetiarum
1474 970 1614 1002 indulget
1633 971 1668 995 ut
1687 969 1723 994 de
1742 967 1988 1001 possessionibus
2007 973 2084 999 quas
2102 966 2133 992 in
2151 966 2257 992 Tervi-

1253 1016 1320 1043 sina
1347 1015 1460 1042 diocesi
1487 1014 1643 1045 obtinent,
1671 1012 1746 1038 nulli
1772 1012 1908 1038 decimas
1935 1011 2053 1037 solvere
2080 1012 2257 1037 teneantur.

1252 1061 1349 1093 (ΒΕΘ.
1366 1060 1415 1091 25,
1432 1060 1451 1085 f.
1469 1059 1537 1090 262,
1554 1065 1603 1084 an.
1621 1058 1675 1087 VI,
1692 1064 1716 1083 c.
1736 1056 1816 1089 140.)

1299 1172 1310 1185 υ
1338 1184 1356 1190 .,
1383 1157 1492 1199 priori
1518 1159 1545 1188 el
1571 1156 1747 1187 conventui
1773 1154 1969 1186 monasterii
1997 1154 2117 1185 Sancte
2143 1152 2259 1183 Murie

1253 1212 1291 1243 de
1327 1210 1531 1252 Virqinibus
1562 1210 1600 1240 ile
1637 1208 1795 1243 Veneliis,
1829 1207 1960 1238 ordinis
1993 1206 2109 1238 Sancti
2141 1205 2256 1236 Murci

1253 1264 1456 1296 illunlucmi.
1481 1264 1573 1294 Solet
1596 1272 1749 1293 annuere
1773 1261 1878 1292 Sedes
1898 1279 1952 1291 ——.
1976 1260 2058 1291 Dat.
2082 1259 2258 1295 Laterani,

1254 1318 1283 1348 Υ
1306 1318 1384 1348 idus
1407 1316 1612 1351 decembris,
1637 1324 1729 1346 anno
1753 1317 1864 1345 sexto.
1890 1326 1902 1340 »

1337 1521 1427 1547 3213
1618 1520 1666 1545 Au
1690 1519 1818 1549 Latran,
1844 1518 1879 1543 17
1903 1517 2067 1543 decembre
2092 1515 2177 1542 1260.

1296 1575 1386 1608 Quod
1410 1582 1427 1601 a
1451 1573 1632 1600 Treverensi
1656 1572 1899 1605 archiepiscopo,
1924 1570 1977 1603 qui
2000 1569 2110 1596 abbati
2134 1570 2165 1594 et
2189 1575 2261 1594 con-

1254 1620 1364 1646 ventui
1388 1618 1569 1645 monasterii
1594 1618 1696 1643 Aurae
1720 1616 1815 1642 Vallis
1839 1615 2001 1642 ecclesiam
2025 1614 2062 1640 de
2087 1613 2258 1645 Giverceyo

1255 1666 1283 1690 et
1313 1663 1465 1696 capellam
1493 1662 1529 1687 de
1557 1661 1728 1687 Trembloit
1757 1667 1828 1685 cum
1854 1659 1976 1692 juribus
2005 1660 2035 1684 et
2063 1656 2263 1690 pertinentiis

1253 1709 1284 1735 in
1305 1715 1378 1734 usus
1413 1706 1553 1740 proprios
1589 1706 1809 1738 deputaverat,
1844 1704 1964 1729 factum
1999 1704 2045 1728 est
2081 1701 2259 1727 confirmat.

1257 1754 1354 1786 (REG.
1373 1752 1421 1783 25,
1439 1752 1458 1778 f.
1477 1752 1534 1777 262
1552 1754 1598 1781 vo,
1615 1757 1664 1776 an.
1684 1749 1738 1780 vl,
1755 1756 1780 1775 c.
1801 1748 1893 1780 141³.)

1303 1866 1314 1880 «
1349 1877 1368 1883 ..
1404 1851 1519 1882 abbati
1553 1852 1580 1881 el
1613 1848 1790 1880 conventui
1823 1846 2022 1878 monaslerii
2056 1843 2262 1880 ilurevallis,

1259 1905 1493 1938 Cisterciensis
1520 1903 1663 1937 ordinis,
1696 1900 1907 1933 Trcrrerensis
1933 1898 2086 1931 diocesis.
2115 1896 2264 1939 Speciali

1258 1959 1371 2000 gratia
1392 1961 1425 1989 et
1447 1958 1567 1989 favore
1588 1966 1650 1986 vos
1671 1956 1726 1986 illa
1749 1956 1790 1986 de
1810 1963 1915 1985 causa
1938 1953 2062 1993 dignos
2083 1950 2264 1993 potissime

1258 2015 1476 2054 reputamus,
1504 2010 1587 2051 quia
1614 2012 1690 2040 toto
1715 2008 1829 2039 cordis
1853 2006 1984 2038 affectu
2011 2005 2054 2035 ad
2089 2004 2151 2035 hoe
2177 2012 2266 2034 sem-

1259 2075 1320 2107 per
1339 2064 1534 2099 intenditis,
1558 2066 1593 2094 ut
1617 2072 1677 2104 per
1697 2063 1817 2103 sancte
1838 2057 2117 2091 conversationis
2137 2059 2170 2087 et
2192 2055 2265 2086 vite

1258 2118 1417 2150 studium
1443 2117 1477 2148 in
1504 2118 1695 2157 conspectu
1723 2114 1785 2145 Dei
1812 2116 1847 2144 et
1874 2112 2056 2143 hominum
2084 2108 2263 2151 placeatis.

1260 2171 1349 2203 Sane
1369 2170 1493 2212 petitio
1512 2172 1630 2201 vestra
1650 2167 1750 2199 nobis
1767 2166 1926 2197 exhibita
1944 2163 2151 2196 continebat
2170 2161 2264 2203 quod

1260 2224 1439 2267 quondam
1464 2224 1501 2254 L.
1525 2232 1641 2254 eomes
1664 2222 1704 2252 de
1728 2220 1872 2260 (Zbiuey,
1896 2221 1929 2249 et
1954 2218 1985 2248 S.
2010 2219 2123 2248 mater
2144 2214 2264 2257 ipsius,

1258 2277 1314 2318 jus
1345 2279 1556 2319 patronatus
1586 2275 1679 2316 quod
1710 2273 1774 2315 ipsi
1803 2273 1837 2303 iu
1867 2270 2010 2303 ecclesia
2041 2270 2081 2300 de
2113 2267 2264 2299 Giversti

1265 2331 1351 2371 (sic)
1379 2333 1414 2362 et
1441 2330 1574 2371 capella
1602 2329 1642 2359 ile
1670 2325 1862 2358 'l'rembloit
1892 2324 2112 2365 dependente
2140 2322 2183 2353 ab
2211 2330 2266 2351 ea-

1261 2385 1339 2415 dem
1361 2384 1515 2417 ecclesia,
1538 2380 1760 2413 'treverensis
1781 2378 1937 2413 diocesis,
1960 2376 2182 2411 obtinebant,
2206 2384 2265 2403 vo-

1261 2438 1313 2469 bis
1334 2446 1394 2478 pro
1415 2446 1558 2467 suarum
1580 2433 1731 2465 remedio
1753 2432 1963 2467 animarum,
1985 2430 2041 2471 pia
2062 2431 2097 2459 et
2118 2426 2263 2469 proviila

1259 2490 1472 2522 liberalitate
1497 2489 1686 2522 donarunt,
1711 2486 1805 2527 quod
1831 2485 1919 2516 bone
1943 2481 2108 2514 memorie
2131 2479 2265 2511 ,Jolian-

1261 2554 1331 2579 nes,
1355 2541 1577 2574 'treverensis
1599 2539 1892 2581 archiepiscopus,
1917 2534 2141 2578 approbavit.
2166 2533 2265 2563 Post-

1261 2597 1404 2628 modum
1429 2598 1548 2626 autem
1574 2594 1664 2625 idem
1689 2591 1982 2632 archiepiscopus,
2007 2587 2071 2619 loci
2094 2585 2265 2617 archidia-

1259 2649 1335 2682 coni
1353 2649 1398 2680 ad
1415 2658 1518 2689 quem
1537 2646 1714 2677 institutio
1731 2644 1874 2676 rectoris
1891 2643 1924 2674 in
1941 2640 2082 2673 eeclesia
2100 2642 2133 2669 et
2151 2638 2263 2679 capel-

1258 2703 1291 2734 la
1317 2701 1482 2744 predictis
1506 2701 1547 2731 de
1572 2699 1719 2740 antiqua
1744 2701 1776 2729 et
1803 2697 2001 2739 approbata
2026 2696 2057 2725 et
2086 2702 2193 2733 usquc
2219 2691 2261 2721 ad

1259 2756 1344 2788 illud
1368 2758 1507 2796 teinpus
1528 2752 1672 2794 pai-ilice
1693 2752 1880 2783 observata
1902 2746 2166 2782 consuetudine,
2189 2752 2263 2785 per-

1260 2808 1410 2844 tinebat,
1438 2807 1481 2838 ad
1508 2806 1541 2837 id
1569 2805 1758 2837 accedente
1783 2812 1965 2838 consensu,
1992 2800 2132 2832 easdem
2158 2797 2264 2829 eccle-

1261 2862 1349 2894 siam
1371 2864 1406 2892 et
1428 2859 1599 2901 capellam
1622 2860 1790 2889 vacantes
1813 2866 1873 2898 per
1894 2855 2039 2886 liberam
2061 2850 2265 2891 resignatio-

1262 2925 1341 2947 nem
1372 2913 1515 2945 rectoris
1543 2921 1675 2947 earum,
1706 2920 1785 2941 cum
1814 2909 1950 2950 juribus
1979 2910 2014 2938 et
2044 2902 2264 2947 pertinentiis

1261 2968 1342 3004 suis,
1372 2969 1549 2997 reservata
1580 2965 1621 2995 de
1650 2964 1805 3005 ipsarum
1834 2960 2065 3002 proventibus
2093 2958 2263 2999 perpetuo
