2477 3512
203 285 263 316 756
924 281 1184 315 REGISTRES
1205 280 1542 315 D’ALEXANDRE
1563 280 1611 314 IV

245 402 257 416 «
289 389 451 428 Philippo,
474 388 599 418 sacriste
621 387 804 426 Ayalhensi,
827 387 986 426 capellano
1017 387 1140 427 [nostro]
1169 388 1215 426 (1)

205 442 388 482 Apostolice
418 441 508 471 Sedis
537 440 718 479 benignitas
748 458 797 469 —.
830 440 905 470 Dat.
936 440 1082 474 Viterbii,
1114 449 1215 470 nonas

203 495 352 534 januarii,
390 503 475 524 anno
512 496 639 532 quarto.
678 505 690 520 »

283 694 372 720 2428
669 693 807 725 Viterbe‚
820 693 857 719 22
869 693 1032 720 decembre
1045 693 1130 720 1257.

245 742 364 769 'rhome
388 743 474 769 dicto
498 741 582 773 Kok,
606 742 719 768 rectori
742 742 889 768 ecclcsiae
914 742 951 768 de
976 741 1106 773 Flassue,
1131 741 1213 768 Ebo-

203 783 339 809 racensis
349 782 491 814 diocesis,
505 782 646 815 indulget
664 783 699 808 ut
718 783 841 815 praeter
854 781 1016 808 ecclesiam
1031 782 1068 807 de
1083 780 1213 811 Flassue.

204 829 310 848 curam
329 822 506 848 animarum
521 828 677 848 annexam
690 821 870 851 habentem,
890 821 951 847 duo
974 821 1035 847 alia
1057 820 1214 847 ecclesias-

202 861 266 888 tica
290 861 453 893 beneficia,
479 861 575 887 etiam
600 861 625 887 si
660 861 794 887 similem
819 868 926 887 curam
950 860 1089 886 habeant
1113 862 1144 886 et
1170 860 1215 886 di-

204 901 341 934 gnitates
366 901 414 927 vel
439 902 624 934 personatus
649 901 799 932 existant,
824 901 959 934 recipere
984 900 1092 934 possit.
1115 899 1212 933 (Rae.

204 940 252 973 25,
272 941 291 968 ῐ.
314 941 370 967 116
388 943 435 972 v0,
454 948 503 967 an.
526 940 578 972 IV,
598 948 622 967 c.
644 940 704 973 16.)

246 1042 257 1056 ι
281 1030 393 1059 Thome
413 1030 492 1060 dicto
514 1030 595 1064 Kok,
617 1030 723 1059 rectori
744 1029 864 1059 ecclesie
884 1030 920 1058 de
940 1029 1075 1067 Flaslue,
1096 1028 1215 1058 Ebora-

204 1083 304 1112 censis
335 1083 475 1112 diocesis.
508 1083 661 1112 Volentes
693 1082 751 1112 tibi
784 1085 841 1112 tue
872 1100 922 1110 —.
956 1082 1033 1111 Dat.
1066 1081 1213 1115 Viterbii,

203 1135 254 1166 XI
282 1136 345 1165 kal.
373 1135 522 1174 januarii,
551 1144 636 1165 anno
664 1137 791 1174 quarto.
820 1147 833 1162 ι)

284 1317 371 1343 2427
731 1317 869 1349 Viterbe‚
882 1317 899 1344 2
909 1317 1034 1351 janvier
1045 1317 1131 1345 1258.

244 1366 394 1399 Magistro
421 1365 576 1392 Willelmo
604 1366 641 1392 de
668 1366 846 1399 Syrewude‚
873 1366 1067 1392 thesaurario
1094 1365 1215 1392 Lincol-

203 1405 314 1437 niensi,
344 1406 486 1439 indulget
515 1407 550 1432 ut
579 1407 703 1439 praeter
719 1406 948 1432 thesaurariam
966 1405 1215 1432 Lincolniensem

203 1447 235 1471 et
255 1445 317 1471 alia
335 1445 545 1472 ecclesiastica
564 1445 718 1472 beneficia
736 1453 843 1472 curam
863 1446 1040 1472 animarum
1059 1452 1216 1472 annexam

203 1484 355 1512 habentia
373 1485 423 1512 vel
441 1485 507 1511 sine
526 1492 599 1511 eura
618 1492 698 1518 quae
717 1485 850 1517 obtinet,
871 1486 998 1512 unicum
1017 1485 1104 1511 aliud
1122 1485 1216 1511 eccle-

203 1525 366 1551 siasticum
386 1524 585 1556 beneficium,
605 1525 702 1551 etiam
722 1525 748 1550 si
767 1525 901 1551 similem
922 1532 1029 1551 curam
1048 1525 1166 1551 habeat
1185 1525 1217 1550 et

204 1564 341 1597 dignitas
364 1564 414 1591 vel
436 1566 622 1598 personatus
644 1565 772 1597 existat,
795 1565 930 1599 recipere
959 1564 1068 1598 possit,
1092 1563 1217 1591 defectu

203 1604 229 1630 si
243 1604 313 1637 quis
326 1604 358 1630 in
371 1604 586 1638 predictorum
600 1604 825 1631 beneficiorum
846 1605 1024 1638 receptione
1042 1604 1091 1631 vel
1115 1605 1216 1631 reten-

203 1643 291 1670 tione
305 1643 458 1675 extiterit,
483 1644 520 1670 de
544 1644 715 1678 apostolice
738 1644 935 1678 plenitudine
951 1644 1120 1678 potestatis
1145 1651 1217 1678 sup-

204 1683 299 1717 pleto.
319 1683 417 1717 (Rea.
437 1683 485 1715 25,
504 1684 525 1711 f.
547 1684 603 1710 116
622 1687 668 1715 v0,
688 1691 737 1711 an.
760 1684 812 1716 IV,
832 1691 856 1711 c.
879 1684 939 1717 17.)

248 1784 259 1799 α
281 1772 439 1811 Mayistro
470 1772 622 1802 Willelmo
651 1773 687 1803 de
716 1773 890 1812 Syrewude,
920 1773 1112 1803 thesaurario
1140 1773 1218 1802 Lin-

205 1825 366 1855 colniensi.
399 1826 552 1856 Volentes
583 1826 643 1856 tibi
674 1828 730 1856 tue
761 1844 812 1855 —.
845 1827 922 1856 Dat.
954 1826 1101 1860 Viterbii,
1138 1826 1217 1860 1111,

206 1887 307 1908 nonas
327 1878 476 1917 januarii,
498 1887 583 1908 anno
604 1881 731 1917 quarto.
753 1890 765 1906 n

287 2088 375 2114 2428
703 2088 841 2120 Viterbe‚
865 2088 882 2115 8
903 2088 1028 2122 janvier
1052 2088 1136 2116 1258.

251 2136 376 2163 Decano
398 2136 544 2163 ecclesiae
566 2136 594 2163 S.
618 2136 683 2162 Viti
706 2136 911 2170 Frisingensis
932 2138 1063 2163 mandat
1086 2139 1121 2163 ut
1142 2137 1221 2171 epis-

209 2182 323 2209 copum
345 2176 609 2210 Ratisponensem
629 2176 669 2202 ad
679 2176 819 2209 aliquam
840 2176 1029 2209 dignitatem
1048 2177 1079 2203 in
1093 2177 1221 2203 ecclesia

209 2215 433 2249 Ratisponensi
464 2216 614 2249 magistro
655 2215 761 2247 Leoni,
800 2216 949 2243 canonico
985 2216 1220 2250 Ratisponensi,

210 2255 441 2287 conferendam,
472 2255 652 2289 compellat,
681 2256 853 2282 secundum
874 2256 997 2282 litteras
1019 2256 1120 2283 eidem
1142 2256 1221 2290 epis-

209 2302 286 2328 copo
320 2302 411 2329 super
434 2296 492 2322 hoc
516 2302 569 2329 per
601 2292 623 2322 I.
649 2302 764 2329 papam
788 2296 906 2323 missas.
923 2296 1019 2328 (Rea.
1045 2296 1093 2328 25,
1116 2296 1137 2323 f.
1165 2296 1221 2322 126

209 2338 255 2366 v⁰‚
284 2342 333 2362 an.
367 2335 418 2366 IV,
446 2342 470 2362 c.
502 2335 562 2368 18.)

251 2436 263 2450 α
283 2447 312 2459 ..,
333 2425 446 2454 decano
465 2424 584 2454 ecclesie
605 2425 711 2454 Sancti
736 2424 799 2454 viti
818 2425 1044 2463 Frisinyensis.
1066 2425 1220 2455 Exhibite

210 2476 302 2506 nobis
326 2477 432 2506 dilecti
454 2494 504 2506 —.
529 2478 605 2506 Dat.
628 2477 774 2511 Viterbii,
798 2477 843 2506 VI
867 2477 939 2506 idus
960 2478 1110 2515 januarii,
1134 2488 1219 2508 anno

210 2532 336 2568 quarto.
381 2541 393 2556 »

292 2711 382 2737 2429
451 2740 453 2743 ,
740 2713 876 2745 Viterbe‚
889 2713 906 2740 9
916 2713 1039 2747 janvier
1050 2714 1136 2742 1258.

254 2758 424 2789 Abraham,
459 2760 691 2794 archiepiscopo
724 2762 934 2793 Armachano,
966 2762 1136 2789 Hiberniae
1159 2763 1220 2796 pri-

213 2799 302 2830 mati,
331 2800 537 2826 contrahendi
564 2802 711 2827 mutuum
740 2808 837 2834 usque
866 2802 907 2828 ad
934 2808 1092 2828 summum
1121 2803 1219 2829 octin-

215 2840 380 2870 gentarum
410 2846 586 2866 marcarum
615 2840 853 2874 Sterlingorum,
884 2841 1081 2874 negotiorum
1109 2842 1220 2868 Arma-

214 2877 332 2904 chanae
348 2878 493 2905 ecclesiae
509 2886 613 2912 causa,
629 2881 660 2906 et
676 2880 836 2914 obligandi
852 2888 882 2907 se
897 2882 928 2907 et
944 2888 1133 2908 successores
1149 2888 1220 2908 suos

250 2965 274 2989 1.
293 2963 329 2989 Ce
347 2966 454 2990 dernier
473 2968 532 2991 mot
549 2972 584 2991 ne
602 2974 631 2992 se
648 2968 747 2992 trouve
765 2973 819 2997 que
838 2969 906 2993 dans
924 2968 1096 2993 l'indication
1115 2968 1221 2993 donnee

213 3005 248 3024 au
270 2999 427 3031 rubricator,
447 3002 515 3027 dans
536 3002 563 3026 la
585 3006 686 3032 mai-ge.

1321 390 1529 418 creditoribus
1563 397 1660 424 usque
1693 390 1734 417 ad
1767 390 1911 417 eamdem
1943 396 2111 423 summam,
2144 390 2236 418 oei-tis
2267 390 2327 418 sub

1319 430 1565 496 ἓὲηᾱῐὶῧοηὲὺυῶ
1579 430 1783 503 >facultatem
1814 429 1968 457 concedit.
1994 430 2092 463 (Rea.
2124 429 2173 462 25,
2204 430 2225 458 f.
2259 430 2327 463 117.

1360 567 1371 582 u
1399 555 1572 589 Abraham,
1601 555 1831 594 archiepiscopo
1859 555 2068 589 Armachano,
2101 554 2236 585 Ybernie
2262 554 2328 594 pri-

1317 608 1404 638 mati.
1424 608 1515 642 Cum,
1533 608 1617 637 sicut
1635 608 1667 637 in
1693 610 1803 637 nostra
1828 608 2025 647 proposuisti
2050 608 2210 646 presentia
2236 616 2327 638 cons-

1318 661 1448 695 titutus,
1478 670 1535 699 pro
1563 660 1770 699 expediendis
1805 661 1867 690 tuis
1899 663 1932 690 et
1965 661 2094 690 ecclesie
2126 660 2329 690 Armachane

1318 713 1464 752 negotiis,
1488 714 1593 743 subire
1616 716 1648 742 te
1671 716 1822 752 oporteat
1843 722 1939 743 onera
1962 722 2186 752 expensarum,
2210 722 2249 743 ne
2271 722 2329 752 pro

1319 766 1446 796 defectu
1467 767 1609 805 ipsarum
1628 766 1741 796 eadem
1760 766 1947 805 inexpedita
1967 775 2130 796 remanere
2149 766 2328 805 contingat.

1319 819 1436 849 nostris
1457 819 1746 858 supplicationibus
1767 819 1922 852 inclinati,
1945 819 2157 849 contrahendi
2177 821 2330 849 mutuum

1319 874 1450 910 propter
1473 872 1532 901 hoc
1555 881 1656 911 usque
1678 872 1719 902 ad
1742 881 1903 902 summam
1926 872 2185 911 octingentarum
2207 879 2331 902 marca-

1319 933 1390 954 rum
1410 925 1641 963 Sterlingorum
1668 927 1700 954 et
1728 925 1891 964 obligandi
1918 925 2132 955 creditoribus
2159 933 2261 964 usque
2287 924 2329 954 ad

1318 986 1479 1007 summam
1507 978 1693 1016 hujusmodi
1720 980 1753 1008 te
1779 981 1812 1007 et
1838 987 2034 1008 successores
2057 981 2141 1012 tuos,
2164 977 2331 1007 ecclesiam

1319 1030 1558 1060 Armachanam
1576 1033 1610 1060 et
1627 1031 1712 1060 bona
1731 1031 1810 1069 ejus,
1826 1040 1863 1061 ac
1882 1031 2089 1061 renuntiandi
2107 1029 2332 1060 constitutioni

1320 1083 1358 1113 de
1381 1084 1507 1112 duabus
1528 1083 1622 1113 dietis
1644 1083 1730 1113 edita
1752 1084 1784 1113 in
1806 1084 1939 1113 concilio
1960 1084 2098 1122 generali
2119 1086 2153 1113 et
2173 1082 2330 1113 beneficio

1320 1136 1533 1166 restitutionis
1562 1135 1594 1165 in
1623 1136 1795 1175 integrum,
1826 1145 1949 1166 necnon
1978 1139 2012 1166 et
2046 1136 2254 1166 conventioni
2280 1135 2331 1174 iu-

1321 1189 1439 1223 dicum,
1466 1189 1492 1218 si
1517 1189 1660 1227 ipsorum
1686 1189 1881 1219 creditorum
1907 1189 2036 1219 nomine
2061 1189 2255 1228 apostolicas
2279 1188 2332 1218 lit-

1320 1244 1406 1271 teras
1426 1242 1647 1281 cujuscunque
1666 1242 1787 1272 tenoris
1806 1242 1839 1272 in
1859 1244 2025 1281 posterum
2044 1242 2211 1281 impetrari
2231 1241 2332 1271 conti-

1320 1295 1412 1334 gerit,
1438 1295 1634 1324 auctoritate
1658 1295 1719 1324 tibi
1743 1295 1941 1334 presentium
1967 1295 2172 1325 concedimus
2196 1294 2332 1324 faculta-

1320 1350 1398 1382 tem,
1420 1348 1466 1377 ita
1488 1350 1599 1377 tamen
1620 1348 1707 1386 quod
1728 1350 1766 1377 tu
1787 1350 1820 1377 et
1852 1356 2049 1378 successores
2081 1348 2130 1378 tui
2156 1346 2332 1377 teneamini

1320 1401 1362 1431 ad
1390 1400 1576 1439 hujusmodi
1604 1401 1774 1439 pecuniam
1801 1401 2048 1440 persolvendam
2075 1403 2108 1430 et
2134 1400 2176 1430 ad
2203 1408 2331 1439 penam,

1321 1454 1474 1492 dampna,
1497 1462 1653 1492 expensas
1675 1456 1708 1483 et
1728 1454 1891 1488 interesse,
1913 1454 1939 1483 si
1960 1454 1993 1483 in
2014 1454 2153 1483 termino
2173 1462 2192 1483 a
2213 1455 2247 1483 te
2266 1455 2333 1483 sta-

1320 1507 1442 1536 tuendo
1475 1507 1646 1545 pecuniam
1677 1515 1741 1536 non
1770 1507 1986 1545 persolveritis
2009 1508 2234 1540 memoratam,
2257 1506 2334 1536 sub·

1322 1560 1388 1590 lata
1421 1560 1498 1598 ipsis
1532 1560 1744 1589 creditoribus
1767 1559 1958 1590 necessitate
1990 1559 2150 1598 probandi
2171 1559 2258 1599 quod
2279 1567 2333 1598 pe-

1322 1613 1416 1642 cunia
1445 1613 1558 1642 eadem
1584 1612 1627 1642 sit
1654 1621 1808 1642 conversa
1835 1613 1868 1642 in
1895 1612 2038 1643 utilitate
2065 1612 2165 1651 ipsius
2191 1611 2332 1647 ecclesie.

1323 1668 1474 1705 pretextu
1501 1665 1638 1704 alicujus
1657 1666 1900 1695 constitutionis
1919 1665 2071 1695 canonice
2090 1665 2141 1695 vel
2160 1665 2262 1695 civilis
2280 1682 2331 1694 —.

1323 1719 1400 1749 Dat.
1427 1718 1575 1753 Viterbii,
1601 1718 1629 1748 V
1655 1718 1728 1748 idus
1752 1718 1903 1757 J'anuarii,
1930 1727 2016 1748 anno
2042 1721 2169 1758 quarto.
2197 1729 2210 1745 ι

1404 1929 1496 1955 2430
1803 1929 1942 1960 Viterbe‚
1954 1929 1971 1955 5
1982 1927 2153 1955 novembre
2164 1927 2252 1955 1257.

1366 1978 1492 2005 Decano
1507 1977 1654 2005 ecclesiae
1671 1977 1838 2011 Hoyensis‚
1850 1977 2030 2004 Leodiensis
2044 1976 2185 2009 diocesis,
2195 1982 2234 2003 ne
2246 1982 2334 2010 prae-

1325 2018 1475 2052 positum,
1499 2018 1654 2044 decanum
1677 2019 1708 2044 et
1731 2017 1907 2051 capitulum
1930 2016 2127 2049 Leodienses,
2150 2023 2243 2050 super
2264 2021 2335 2049 pos-

1325 2057 1514 2084 sessionibus
1535 2059 1568 2084 et
1589 2057 1679 2084 bonis
1700 2057 1839 2091 ipsorum
1860 2057 1983 2090 injuriis
2004 2058 2147 2088 vexatos,
2168 2055 2335 2090 permittat

1325 2099 1435 2124 contra
1452 2097 1576 2124 indulta
1594 2097 1829 2131 privilegiorum
1846 2096 2047 2130 Apostolicae
2065 2095 2152 2123 Sedis
2170 2095 2210 2122 ab
2228 2094 2334 2128 aliquo

1324 2137 1464 2164 indebite
1487 2136 1656 2168 molestari,
1679 2136 1896 2170 praesentibus
1919 2138 1991 2170 post
2012 2136 2184 2162 triennium
2205 2134 2335 2162 minime

1325 2177 1478 2204 valituris.
1503 2177 1599 2210 (Rea.
1623 2176 1672 2208 25,
1694 2177 1715 2203 f.
1740 2176 1807 2208 117,
1830 2184 1879 2203 an.
1906 2176 1959 2207 IV,
1982 2183 2006 2202 c.
2030 2175 2093 2209 20.)

1367 2278 1378 2293 a
1463 2266 1577 2296 decano
1609 2265 1729 2295 ecclesie
1771 2265 1931 2299 Hoiensis,
1971 2264 2151 2294 Leodiensis
2193 2263 2333 2294 diocesis.

1327 2319 1408 2356 Quia
1422 2319 1539 2348 divinis
1553 2318 1701 2357 deputati
1713 2335 1762 2346 —.
1778 2318 1853 2347 Dat.
1867 2318 2014 2352 Viterbii,
2028 2318 2120 2348 nonis
2138 2316 2333 2351 novembris,

1325 2381 1410 2402 anno
1447 2372 1554 2401 tertio.
1592 2383 1604 2398 »

1406 2568 1487 2594 2431
1888 2568 2025 2600 Viterbe‚
2038 2567 2075 2594 22
2084 2566 2154 2600 juin
2165 2566 2252 2593 1257.

1367 2617 1605 2644 Ordinationem
1633 2624 1651 2643 a
1678 2616 1842 2643 Lcodiensi
1874 2616 1972 2643 electo
2012 2623 2068 2650 pro
2106 2615 2225 2648 maiore
2259 2613 2335 2640 Leo-

1325 2657 1576 2730 Sierffiifcclesia
1595 2656 1679 2683 facta
1702 2657 1878 2683 confirmat.
1898 2656 1994 2689 (Rau.
2019 2655 2067 2687 25,
2090 2655 2110 2682 1.
2131 2654 2199 2686 117,
2218 2661 2267 2681 an.
2281 2652 2334 2685 iv,

1367 2797 1424 2820 «..,
1447 2786 1636 2825 preposita„
1684 2786 1798 2815 decano
1834 2787 1861 2815 el
1894 2785 2030 2824 capitulo
2053 2783 2183 2822 majoris
2215 2782 2335 2813 ecclesie

1324 2838 1515 2868 Leodiensis.
1551 2838 1655 2868 Justis
1691 2838 1872 2877 petentium
1907 2840 1968 2868 etc.
2004 2846 2126 2876 usque:
2164 2835 2332 2875 complere.

1325 2891 1424 2920 Lecta
1474 2891 1633 2930 siquidem
1681 2892 1773 2921 nobis
1821 2893 1930 2921 vestra
1980 2890 2095 2929 petitio
2146 2888 2334 2919 continebat

1326 2944 1412 2983 quod
1450 2944 1585 2973 dilectus
1621 2943 1740 2979 filius..,
1778 2943 1962 2974 Leodiensis
1999 2943 2129 2977 electus,
2167 2941 2335 2980 diligenter

1325 2997 1498 3026 attendens
1521 2997 1608 3036 quod
1631 2997 1761 3026 ecclesia
1785 2999 1903 3030 vestra,
1928 3005 1985 3035 pro
2008 3004 2045 3025 eo
2067 2995 2099 3024 in
2123 2994 2240 3025 divinis
2262 2992 2335 3023 otti-
