2477 3512
969 295 1247 336 QUATRIEME
1262 295 1425 329 ANNEE
2177 306 2233 336 311

117 406 298 436 animarum
331 413 407 434 cura
439 404 472 433 in
504 404 548 433 eis
580 404 764 434 nullatenus
805 403 994 442 negligatur.
1036 402 1124 432 Nulli

119 460 227 488 nostre
261 457 516 486 confirmationis
563 459 624 486 etc.
660 457 737 486 Dat.
772 455 919 490 Viterbii,
956 455 1024 484 XII
1060 455 1123 485 kal.

117 511 199 549 julii,
233 519 318 540 anno
352 512 479 548 quarto.
514 521 526 536 »

202 728 290 753 2633
669 727 807 758 Viterbe‚
830 726 847 752 9
867 726 936 759 juin
960 725 1046 752 1258.

162 781 281 807 Abbati
305 782 336 806 et
361 779 531 806 conventui
555 779 738 805 monasterii
762 778 791 805 S.
818 779 946 804 Martini
970 778 1130 805 Trecensis

123 821 255 847 mandat
283 821 319 846 ut
347 819 562 846 Coloniensem
590 818 859 852 archiepiscopum
889 818 928 844 ad
957 818 1130 851 quamdam

124 860 273 894 pecuniae
305 866 461 885 summam
493 858 622 891 Angelo,
655 859 730 884 nato
764 857 875 884 Jacobi
908 858 1019 889 Scarsi‚
1051 858 1130 884 civis

125 899 271 930 Romani,
298 899 438 925 debitam
464 898 703 932 persolvendam
730 897 930 931 compellant.
957 897 1054 930 (REG.
1081 897 1130 928 25,

124 939 146 965 1.
171 939 228 965 148
250 942 297 970 vo,
321 945 370 964 an.
398 938 450 968 IV,
474 945 499 963 e.
524 937 605 970 192.)

167 1054 222 1075 «..,
249 1041 354 1071 abbati
379 1042 405 1069 et
428 1040 528 1079 priori
551 1039 732 1069 monasterii
760 1039 868 1069 Sancti
893 1039 1032 1068 Martini
1062 1039 1134 1068 Tre-

125 1095 234 1125 censis.
259 1093 461 1132 Significavit
484 1092 575 1122 nobis
598 1092 733 1122 dilectus
756 1091 842 1121 filius
864 1093 1014 1131 Angelus,
1039 1095 1134 1122 natus

126 1147 291 1187 quondam
314 1145 429 1175 Jacobi
454 1145 557 1175 Scarsi
579 1145 718 1183 juvenis,
743 1145 821 1174 civis
846 1145 1023 1180 Romanus,
1049 1145 1135 1184 quod

127 1209 200 1230 cum
223 1199 327 1228 dictus
351 1199 493 1228 Jacobus
516 1198 608 1236 cujus
630 1198 715 1227 idem
738 1198 879 1236 Angelus
902 1198 991 1227 heres
1014 1197 1136 1232 existit,

127 1254 210 1283 bone
240 1251 426 1285 memorie„
460 1251 681 1280 Coloniensem
724 1251 1011 1288 archiepiscopum,
1043 1259 1139 1289 super

128 1305 323 1345 quibusdam
352 1304 561 1343 pecuniarum
589 1304 722 1333 summis
750 1304 782 1332 in
812 1304 929 1342 quibus
957 1303 1062 1332 dictus
1090 1311 1139 1332 ar-

129 1358 349 1397 chiepiscopus
375 1357 503 1386 nomine
529 1356 724 1386 Coloniensis
749 1356 878 1385 ecclesie
903 1356 990 1385 dicto
1015 1355 1138 1385 Jacobo

127 1411 310 1445 tenebatur,
333 1419 440 1440 coram
462 1409 659 1448 quondam..,
678 1409 798 1438 abbate
826 1408 1012 1437 monasterii
1031 1407 1140 1438 Sancti

131 1463 262 1493 Martini
286 1462 459 1496 Trecensis,
484 1462 706 1500 predecessore
729 1464 797 1495 tuo,
823 1460 869 1489 fili
893 1461 1005 1494 abbas,
1030 1463 1141 1490 aucto-

130 1517 228 1546 ritate
259 1515 436 1554 apostolica
468 1514 622 1544 traxisset
654 1514 685 1543 in
719 1523 860 1548 causam,
893 1513 1027 1543 tandem
1058 1513 1142 1541 inter

132 1569 255 1598 dictum
285 1568 445 1597 Jacobum
475 1570 508 1596 et
536 1567 727 1606 magistrum
758 1566 912 1600 Ulricum,
952 1565 1141 1595 canonicum

132 1621 260 1652 ecclesie
286 1621 479 1651 Sanctorum
504 1620 735 1658 Apostolorum
762 1619 967 1653 Coloniensis,
993 1627 1144 1657 procura-

131 1677 235 1704 torem
256 1674 355 1712 ipsius
377 1673 620 1711 archiepiscopi,
644 1673 713 1710 ejus
728 1673 867 1706 nomine,
883 1681 901 1702 a
916 1681 979 1711 quo
1001 1671 1144 1700 habebat

131 1728 171 1757 ad
191 1727 450 1765 componendum
467 1725 604 1764 speciale
621 1725 814 1755 mandatum
833 1734 940 1754 coram
959 1725 1071 1754 eodem
1089 1724 1145 1753 ab-

131 1780 217 1815 bate,
236 1780 335 1818 ipsius
354 1788 509 1809 consensu
527 1781 560 1808 et
579 1778 774 1808 auctoritate
793 1778 834 1807 ad
854 1778 913 1807 hoc
931 1777 1145 1806 intervenien-

130 1833 228 1867 tibus,
258 1833 400 1871 quodam
427 1840 522 1870 super
546 1831 607 1861 hiis
626 1831 802 1860 amicabilis
831 1830 1021 1869 compositio
1048 1830 1145 1859 inter-

131 1886 232 1919 venit,
260 1887 358 1923 prout
385 1885 418 1914 in
446 1884 561 1914 litteris
589 1884 662 1913 inde
693 1883 847 1913 confectis
875 1884 999 1922 plenius
1028 1883 1145 1912 dicitur

132 1938 299 1968 contineri.
323 1938 384 1967 Sed
407 1937 520 1966 eodem
542 1937 794 1975 archiepiscopo,
819 1937 906 1965 nulla
930 1936 968 1965 de
983 1935 1077 1965 dictis
1091 1944 1144 1973 pe-

132 1991 233 2021 cuniis
265 1991 307 2020 ab
340 1991 409 2029 ipso
442 1989 664 2019 satisfactione
696 1989 853 2027 impensa,
884 1989 971 2018 viam
997 1988 1144 2017 universe

132 2044 236 2074 carnis
260 2043 412 2082 ingresso,
438 2042 629 2072 venerabilis
654 2042 756 2071 frater
780 2044 922 2076 noster..‚
950 2041 1144 2071 Coloniensis

132 2097 390 2135 archiepiscopus
424 2095 690 2134 compositionem
724 2095 828 2133 ipsam
870 2103 1006 2124 renuens
1040 2094 1145 2123 obser-

131 2159 218 2184 vare,
234 2149 379 2188 predicto
393 2149 516 2187 Angelo
532 2148 571 2177 de
586 2147 773 2186 hujusmodi
787 2147 997 2186 pecuniarum
1012 2147 1145 2176 summis

131 2202 315 2232 satisfacere
346 2211 409 2231 non
440 2201 578 2231 curavit.
611 2200 716 2237 Quare
748 2200 854 2229 dictus
884 2200 1024 2239 Angelus
1054 2200 1145 2229 nobis

133 2255 296 2285 humiliter
308 2254 505 2293 supplicavit
518 2256 555 2283 ut
564 2253 733 2292 providere
745 2253 806 2282 sibi
819 2262 914 2291 super
928 2253 987 2282 hoc
1000 2255 1145 2291 paterna,

134 2308 348 2338 sollicitudine
374 2316 568 2336 curaremus.
595 2306 750 2336 Nolentes
776 2306 886 2344 itaque
912 2306 1056 2344 predicto
1082 2306 1147 2334 An-

133 2361 201 2400 gelo
235 2361 342 2390 deesse
375 2361 407 2389 in
441 2369 498 2389 sua
530 2359 658 2398 justitia
691 2359 723 2388 in
757 2368 821 2398 qua
854 2368 964 2388 sumus
999 2359 1147 2388 omnibus

134 2414 304 2447 debitores,
328 2412 513 2442 discretioni
534 2415 641 2442 vestre
663 2421 720 2450 per
742 2412 918 2450 apostolica
942 2411 1061 2450 scripta
1085 2411 1147 2440 dis-

135 2467 228 2496 tricte
252 2465 457 2504 precipiendo
482 2465 675 2494 mandamus
699 2464 854 2503 quatinus
878 2465 1001 2493 dietum
1044 2464 1146 2493 archi-

134 2519 319 2558 episcopum
341 2528 381 2547 ex
399 2520 491 2557 parte
511 2520 620 2547 nostra
645 2527 701 2556 per
725 2526 783 2547 vos
808 2518 858 2546 vel
884 2518 962 2546 alios
987 2516 1145 2546 moneatis

134 2572 292 2601 attentius
318 2573 351 2600 et
377 2571 526 2600 inducere
552 2570 729 2609 procuretis
755 2572 792 2599 ut
818 2570 920 2599 eidem
948 2570 1069 2607 Angelo
1094 2570 1144 2599 vel

134 2624 333 2662 procuratori
357 2633 415 2653 suo
439 2624 508 2661 ejus
533 2623 671 2657 nomine,
698 2623 736 2652 de
760 2623 911 2661 predictis
936 2623 1144 2661 pecuniarum

135 2677 268 2706 summis
298 2677 393 2715 juxta
425 2677 570 2714 ejusdem
602 2676 843 2714 compositionis
876 2678 1029 2709 tenorem,
1062 2675 1143 2705 infra

136 2730 271 2759 duorum
290 2730 447 2758 mensium
466 2729 608 2767 spatium
626 2731 700 2766 post
717 2729 927 2758 monitionem
947 2729 1144 2766 hujusmodi.

136 2791 208 2812 cum
227 2782 322 2820 justis
342 2785 374 2811 et
394 2782 568 2811 moderatis
589 2781 735 2819 expensis
755 2784 788 2810 et
819 2789 956 2819 congrua
988 2783 1145 2810 restaura-

136 2835 222 2864 tione
247 2836 472 2874 dampnorum,
498 2834 602 2863 usuris
627 2834 756 2862 omnino
781 2834 991 2867 cessantibus,
1017 2835 1143 2872 plenam

136 2887 390 2917 satisfactionem
421 2888 571 2917 exhibere
602 2889 761 2924 procuret.
794 2887 945 2925 Alioquin
976 2887 1007 2916 in
1039 2887 1143 2925 ipsum

136 2943 255 2970 extunc
298 2940 641 2970 excommunicationis
697 2939 891 2968 senientiam
936 2939 1143 2977 proferentes,

137 3003 208 3022 curn
226 3003 327 3032 usque
344 2994 383 3023 ad
402 2993 654 3023 satisfactionem
674 2992 865 3030 condignam
883 2992 1013 3030 singulis
1032 2993 1143 3021 (liebus

1231 403 1397 433 dominicis
1431 407 1464 434 et
1494 405 1629 440 festivis,
1664 407 1799 445 pulsatis
1834 408 1998 446 campanis
2033 411 2066 438 et
2100 411 2240 440 candelis

1231 456 1381 490 accensis
1403 459 1719 489 excommunicatum
1738 460 1865 498 publice
1885 461 2041 490 nuntietis
2061 464 2094 491 et
2112 462 2240 492 faciatis

1231 509 1273 538 ab
1300 509 1369 538 aliis
1396 519 1452 548 per
1478 511 1584 541 omnia
1612 512 1681 541 loca
1708 513 1740 541 in
1768 513 1884 551 quibus
1911 514 2061 552 expedire
2096 515 2242 545 videritis

1233 562 1385 596 nuntiari,
1411 563 1622 601 significando
1638 567 1717 594 tunc
1733 565 1793 594 sibi
1811 566 1951 604 quod,ex
1968 576 2032 605 quo
2049 576 2089 596 ex
2100 576 2243 596 commu-

1234 613 1359 643 nicatus
1374 615 1494 649 existit,
1513 625 1549 645 eo
1569 616 1638 654 ipso
1658 618 1699 646 ab
1720 618 1999 648 administratione
2027 620 2243 658 spiritualium

1234 668 1266 695 et
1286 667 1513 705 temporalium
1534 671 1583 697 est
1603 678 1786 707 suspensus.
1808 671 1880 700 Non
1902 671 2108 702 obstantibus
2129 673 2242 711 aliqui-

1235 718 1295 748 bus
1323 719 1437 749 litteris
1466 721 1516 750 vel
1544 721 1752 760 indulgentiis
1781 723 1906 761 prefato
1935 725 2174 764 archiepiscopo
2203 726 2245 755 ab

1235 772 1421 810 Apostolica
1437 774 1516 803 Sede
1528 774 1587 803 sub
1597 783 1801 813 quacumque
1815 775 1918 805 forma
1932 777 2104 806 verborum
2119 787 2246 808 conces-

1236 824 1278 854 sis
1299 826 1337 854 de
1358 826 1475 864 quibus
1495 827 1545 855 vel
1566 835 1703 865 quruam
1724 829 1834 857 tenore
1855 828 1982 866 plenam
2011 831 2043 858 et
2063 839 2247 868 expressam

1238 877 1270 906 in
1302 878 1418 907 nostris
1449 879 1564 908 litteris
1595 881 1744 917 oporteat
1774 880 1844 909 sieri
1875 882 2081 916 mentionem,
2112 886 2170 912 aut
2193 893 2250 921 per

1239 939 1320 968 quas
1342 939 1406 960 non
1428 940 1593 969 expressas
1615 933 1817 970 presentibus
1840 933 1987 971 impediri
2009 938 2117 972 posset
2139 936 2250 973 hujus-

1240 983 1328 1012 modi
1348 984 1495 1013 mandati
1515 984 1616 1013 nostri
1636 985 1783 1014 executio
1797 985 1848 1014 vel
1863 985 1994 1020 differri,
2017 995 2073 1016 seu
2093 987 2162 1016 aliis
2183 988 2252 1026 qui-

1241 1036 1382 1065 buslibet
1424 1036 1539 1065 litteris
1561 1046 1579 1066 a
1603 1037 1682 1066 Sede
1704 1038 1890 1075 Apostolica
1913 1038 2069 1068 hactenus
2091 1040 2151 1068 sub
2174 1050 2252 1078 qua-

1243 1097 1369 1126 cunque
1392 1088 1495 1118 forma
1518 1089 1550 1118 in
1574 1089 1718 1119 favorem
1742 1090 1878 1128 predicti
1900 1091 2131 1130 archiepiscopi
2154 1092 2254 1131 impe-

1242 1141 1338 1170 tratis
1364 1141 1414 1170 vel
1441 1141 1473 1170 in
1499 1144 1665 1180 posterum
1691 1143 1914 1180 impetrandis,
1936 1144 1996 1172 nisi
2019 1144 2129 1173 eedem
2156 1145 2255 1183 impe-

1244 1193 1359 1223 trande
1388 1194 1517 1232 plenam
1546 1197 1579 1223 et
1608 1204 1791 1233 expressam
1820 1195 1955 1225 fecerint
1984 1197 2023 1226 de
2052 1198 2254 1235 presentibus

1245 1246 1453 1281 mentionem,
1475 1247 1542 1276 sive
1574 1247 1600 1276 si
1631 1248 1734 1277 eidem
1766 1249 2006 1287 archiepiscopo
2037 1250 2089 1278 vel
2121 1250 2253 1288 quibus-

1246 1307 1373 1337 cunque
1391 1300 1533 1337 personis
1552 1300 1620 1329 aliis
1639 1310 1657 1330 a
1674 1301 1818 1339 predicto
1833 1301 1912 1331 Sede
1930 1301 1972 1330 sit
1989 1301 2152 1331 indultum
2172 1304 2258 1341 quod

1246 1352 1405 1386 interdici,
1428 1353 1580 1391 suspendi
1601 1354 1652 1382 vel
1674 1354 1946 1383 excommunicari
1968 1363 2032 1384 non
2054 1355 2180 1393 possint
2201 1358 2260 1384 aut

1248 1405 1340 1434 citari
1360 1414 1416 1443 per
1433 1405 1557 1435 litteras
1576 1406 1660 1435 dicte
1679 1406 1768 1435 Sedis
1786 1416 1848 1445 que
1866 1407 1905 1436 de
1921 1407 2049 1436 indulto
2075 1407 2262 1445 hujusmodi

1249 1457 1377 1496 plenam
1394 1460 1426 1487 et
1442 1467 1626 1496 expressam
1642 1468 1705 1488 non
1722 1458 1856 1488 fecerint
1871 1460 2080 1494 mentionem,
2097 1460 2164 1489 sive
2174 1461 2261 1498 quod

1249 1510 1342 1539 vobis
1364 1519 1382 1539 a
1406 1511 1493 1540 dicta
1517 1511 1597 1540 Sede
1620 1511 1738 1540 dicitur
1760 1520 1826 1540 esse
1849 1512 2013 1541 indultum
2036 1514 2073 1541 ut
2096 1513 2135 1541 de
2158 1513 2262 1542 causis

1251 1571 1313 1601 que
1339 1563 1431 1592 vobis
1458 1572 1514 1601 per
1539 1564 1639 1601 ipsius
1667 1564 1756 1593 Sedis
1782 1564 1906 1593 litteras
1934 1564 2186 1594 committuntur
2211 1574 2263 1595 co-

1250 1623 1400 1654 gnoscere
1427 1616 1547 1646 minine
1574 1617 1759 1651 teneamini,
1813 1617 1873 1646 nisi
1901 1617 1939 1646 de
1966 1617 2167 1656 indulgentia
2194 1618 2263 1656 ipsa

1250 1677 1290 1697 en
1309 1668 1353 1697 eis
1375 1668 1462 1698 facta
1485 1668 1582 1698 fuerit
1605 1669 1726 1698 mentio
1749 1669 1904 1708 specialiS,
1922 1672 1955 1699 et
1972 1670 2204 1699 constitutione
2227 1670 2267 1699 de

1252 1721 1378 1750 duabus
1404 1722 1498 1751 dietis
1524 1722 1611 1751 edita
1636 1722 1668 1751 in
1695 1723 1828 1752 concilio
1853 1723 2003 1761 generali.
2031 1722 2123 1759 Quod
2148 1723 2175 1752 si
2200 1732 2265 1752 non

1252 1773 1349 1803 ambo
1360 1777 1420 1804 etc.
1438 1775 1514 1804 Dat.
1531 1775 1678 1809 Viterbii,
1699 1775 1729 1803 II
1746 1775 1817 1804 idus
1831 1775 1912 1813 julii,
1929 1784 2014 1804 anno
2027 1777 2157 1814 quarto.
2171 1786 2183 1802 »

1333 1965 1422 1990 2634
1774 1965 1912 1997 Viterbe‚
1928 1965 1962 1991 11
1977 1965 2081 1998 juillet
2096 1964 2183 1991 1258.

1294 2018 1459 2051 Religiosis
1491 2018 1662 2045 Heremitis
1692 2018 1721 2045 S.
1746 2017 1858 2044 ,Jacobi
1882 2018 1919 2044 de
1943 2017 2065 2044 Saveno
2096 2017 2189 2050 juxta
2202 2017 2266 2044 Cir-

1253 2058 1359 2084 culum
1388 2058 1529 2084 civitatis
1558 2058 1763 2084 Bononiensis
1793 2057 1937 2084 concedit
1967 2058 2003 2083 ut
2032 2057 2205 2090 privilegiis
2234 2058 2266 2083 et

1252 2097 1457 2130 indulgentiis
1487 2097 1563 2131 ipsis
1595 2105 1613 2124 a
1645 2097 1723 2123 Sede
1754 2097 1938 2130 Apostolica
1970 2097 2123 2123 concessis
2155 2097 2202 2122 uti
2234 2098 2266 2122 et

1254 2138 1388 2170 gaudere
1411 2137 1542 2171 possint,
1566 2145 1629 2163 non
1652 2138 1800 2163 obstante
1823 2137 2050 2163 constitutione
2074 2136 2212 2170 episcopi
2235 2137 2266 2162 et

1254 2177 1386 2211 capituli
1407 2177 1664 2203 Bononiensium.
1689 2177 1787 2209 (ΗΕΘ.
1812 2177 1860 2207 25,
1885 2176 1906 2202 f.
1933 2176 1989 2202 148
2013 2180 2059 2207 VO,
2095 2183 2134 2202 an
2162 2176 2214 2208 IV,
2239 2184 2263 2202 c..

1297 2318 1341 2341 «..,
1368 2307 1468 2345 priori
1493 2308 1519 2335 et
1545 2306 1706 2335 conventui
1731 2306 1863 2344 fratrum
1889 2305 2118 2334 Heremitarum
2145 2304 2267 2334 ecclesie

1256 2360 1362 2390 Sancti
1389 2359 1501 2389 Jacobi
1528 2359 1563 2389 de
1591 2360 1708 2389 Saveno
1735 2358 1823 2397 juxta
1851 2358 2010 2388 Circulum
2045 2357 2179 2387 civitatis
2205 2357 2267 2386 Bo-

1254 2412 1426 2447 noniensis,
1448 2412 1569 2441 ordinis
1591 2412 1698 2441 Sancti
1718 2411 1903 2449 Auqustini.
1938 2410 2157 2440 Intelleximus
2179 2410 2265 2448 quod

1256 2466 1379 2494 dudum
1413 2465 1603 2494 venerabilis
1637 2465 1737 2494 frater
1771 2467 1911 2498 noster..⁵
1947 2463 2115 2502 episcopus
2159 2463 2266 2492 Bono-

1255 2518 1372 2547 niensis
1397 2521 1429 2547 et
1450 2517 1662 2547 Bononiensis
1708 2517 1837 2546 ecclesie
1861 2516 2050 2554 capitulum,
2076 2518 2152 2544 ante
2176 2515 2267 2544 unio-

1255 2580 1328 2600 nem
1348 2571 1469 2600 factam
1490 2571 1528 2600 de
1547 2570 1639 2599 vobis
1660 2579 1732 2599 cum
1752 2570 1821 2599 aliis
1841 2569 1940 2598 vestri
1960 2569 2079 2598 ordinis
2100 2568 2264 2601 fratribus,

1255 2633 1317 2653 non
1344 2624 1431 2662 prius
1457 2623 1815 2661 edificancii‘ssecdesiam
1834 2625 1976 2651 vestram
1992 2620 2154 2650 licentiam
2173 2620 2266 2649 vobis

1255 2677 1427 2706 concedere
1460 2677 1632 2705 voluerunt
1665 2685 1763 2714 quam
1796 2685 1863 2709 vos,
1898 2675 1985 2713 quod
2018 2673 2132 2702 fratres
2165 2673 2265 2710 ipsius

1255 2730 1383 2759 ecclesie
1412 2729 1548 2767 priorem
1578 2737 1673 2767 quem
1701 2728 1819 2766 eligent
1846 2728 1906 2756 sibi
1934 2736 1991 2765 pro
2020 2729 2175 2763 tempore,
2204 2725 2265 2762 ipsi

1254 2782 1403 2820 episcopo
1422 2785 1454 2811 et
1472 2782 1537 2810 suis
1555 2781 1789 2810 successoribus
1808 2780 2042 2818 presentabunt
2073 2787 2130 2816 pro
2149 2777 2266 2806 confir—

1255 2835 1406 2864 mationis
1425 2844 1555 2863 munere
1574 2834 1760 2865 obtinendo,
1781 2836 1811 2861 ct
1832 2832 1917 2871 quod
1937 2832 2021 2861 idem
2040 2831 2208 2869 episcopus
2227 2839 2264 2859 ac

1253 2897 1448 2917 successores
1475 2887 1544 2925 ejus
1571 2886 1724 2923 corrigere
1751 2896 1788 2915 ac
1814 2885 1944 2914 visitare
1972 2884 2110 2922 priorem
2137 2891 2174 2912 ac
2200 2882 2263 2912 fra-

1254 2943 1317 2970 tres
1337 2940 1480 2978 ejusdem
1502 2939 1629 2968 ecclesie
1650 2939 1704 2977 qui
1725 2948 1781 2977 pro
1801 2940 1945 2976 tempore
1964 2936 2084 2965 fuerint
2102 2938 2135 2965 et
2153 2935 2265 2974 punire

1253 3002 1310 3031 pro
1334 3002 1388 3021 sue
1412 2992 1591 3021 voluntatis
1615 2991 1706 3020 libito
1730 2991 1870 3024 valeant,
1905 2999 2027 3019 necnon
2060 2991 2093 3018 et
2125 2988 2265 3027 quedam
