<?xml version="1.0" encoding="UTF-8"?>
<!DOCTYPE html PUBLIC "-//W3C//DTD XHTML 1.0 Transitional//EN"
    "http://www.w3.org/TR/xhtml1/DTD/xhtml1-transitional.dtd">
<html xmlns="http://www.w3.org/1999/xhtml" xml:lang="en" lang="en">
 <head>
  <title>
</title>
<meta http-equiv="Content-Type" content="text/html;charset=utf-8" />
  <meta name='ocr-system' content='tesseract 3.04.00' />
  <meta name='ocr-capabilities' content='ocr_page ocr_carea ocr_par ocr_line ocrx_word'/>
</head>
<body>
  <div class='ocr_page' id='page_1' title='image "./lesregistresdegr02cathuoft_0339.png"; bbox 0 0 2477 3512; ppageno 0'>
   <div class='ocr_carea' id='block_1_1' title="bbox 0 3038 25 3512">
    <p class='ocr_par' dir='ltr' id='par_1_1' title="bbox 0 3038 25 3512">
     <span class='ocr_line' id='line_1_1' title="bbox 0 3038 25 3512; baseline 0 0"><span class='ocrx_word' id='word_1_1' title='bbox 0 3038 25 3512; x_wconf 95' lang='lat' dir='ltr'> </span> 
     </span>
    </p>
   </div>
   <div class='ocr_carea' id='block_1_2' title="bbox 953 305 2211 346">
    <p class='ocr_par' dir='ltr' id='par_1_2' title="bbox 953 305 2211 346">
     <span class='ocr_line' id='line_1_2' title="bbox 953 305 2211 346; baseline -0.002 -7"><span class='ocrx_word' id='word_1_2' title='bbox 953 305 1229 346; x_wconf 86' lang='lat' dir='ltr'>QUATRIEME</span> <span class='ocrx_word' id='word_1_3' title='bbox 1245 305 1406 338; x_wconf 90' lang='lat' dir='ltr'><strong>ANNEE</strong></span> <span class='ocrx_word' id='word_1_4' title='bbox 2149 306 2211 336; x_wconf 83' lang='lat'>803</span> 
     </span>
    </p>
   </div>
   <div class='ocr_carea' id='block_1_3' title="bbox 173 415 1014 447">
    <p class='ocr_par' dir='ltr' id='par_1_3' title="bbox 173 415 1014 447">
     <span class='ocr_line' id='line_1_3' title="bbox 173 415 1014 447; baseline -0.002 -5"><span class='ocrx_word' id='word_1_5' title='bbox 173 416 260 442; x_wconf 83' lang='lat'>2583</span> <span class='ocrx_word' id='word_1_6' title='bbox 632 416 769 447; x_wconf 84' lang='lat' dir='ltr'>Viterbe,</span> <span class='ocrx_word' id='word_1_7' title='bbox 790 415 826 442; x_wconf 87' lang='grc'>13</span> <span class='ocrx_word' id='word_1_8' title='bbox 844 415 909 442; x_wconf 89' lang='lat' dir='ltr'>mai</span> <span class='ocrx_word' id='word_1_9' title='bbox 927 415 1014 441; x_wconf 85' lang='lat'>1258.</span> 
     </span>
    </p>
   </div>
   <div class='ocr_carea' id='block_1_4' title="bbox 92 469 1095 621">
    <p class='ocr_par' dir='ltr' id='par_1_4' title="bbox 92 469 1095 621">
     <span class='ocr_line' id='line_1_4' title="bbox 134 469 1095 502; baseline -0.002 -7"><span class='ocrx_word' id='word_1_10' title='bbox 134 469 315 502; x_wconf 85' lang='lat' dir='ltr'>Praeposito</span> <span class='ocrx_word' id='word_1_11' title='bbox 345 469 560 500; x_wconf 78' lang='lat' dir='ltr'>Ambianensi,</span> <span class='ocrx_word' id='word_1_12' title='bbox 589 469 656 495; x_wconf 91' lang='lat' dir='ltr'>loco</span> <span class='ocrx_word' id='word_1_13' title='bbox 687 470 942 495; x_wconf 84' lang='lat' dir='ltr'>conservatorum</span> <span class='ocrx_word' id='word_1_14' title='bbox 972 475 1095 493; x_wconf 90' lang='lat' dir='ltr'>monas-</span> 
     </span>
     <span class='ocr_line' id='line_1_5' title="bbox 93 507 1095 542; baseline -0.003 -7"><span class='ocrx_word' id='word_1_15' title='bbox 93 509 164 535; x_wconf 85' lang='lat' dir='ltr'>terii</span> <span class='ocrx_word' id='word_1_16' title='bbox 196 508 430 541; x_wconf 86' lang='lat' dir='ltr'>Aquieintensis</span> <span class='ocrx_word' id='word_1_17' title='bbox 476 509 654 542; x_wconf 85' lang='lat' dir='ltr'>subrogato,</span> <span class='ocrx_word' id='word_1_18' title='bbox 690 508 822 534; x_wconf 89' lang='lat' dir='ltr'>mandat</span> <span class='ocrx_word' id='word_1_19' title='bbox 856 509 892 533; x_wconf 92' lang='lat' dir='ltr'>ut</span> <span class='ocrx_word' id='word_1_20' title='bbox 927 507 967 533; x_wconf 87' lang='lat' dir='ltr'>ad</span> <span class='ocrx_word' id='word_1_21' title='bbox 1001 507 1095 539; x_wconf 86' lang='lat' dir='ltr'>hujus</span> 
     </span>
     <span class='ocr_line' id='line_1_6' title="bbox 92 546 1094 621; baseline -0.002 -47"><span class='ocrx_word' id='word_1_22' title='bbox 92 548 275 614; x_wconf 47' lang='grc' dir='ltr'>ἓοηῗξξειὲἰ</span> <span class='ocrx_word' id='word_1_23' title='bbox 294 549 568 621; x_wconf 53' lang='grc' dir='ltr'>Ιοὲἑιῗεπνειῖίοηεηι</span> <span class='ocrx_word' id='word_1_24' title='bbox 593 548 753 582; x_wconf 87' lang='lat' dir='ltr'>procedat.</span> <span class='ocrx_word' id='word_1_25' title='bbox 780 548 877 581; x_wconf 62' lang='grc' dir='ltr'><strong>(ΒΕΘ.</strong></span> <span class='ocrx_word' id='word_1_26' title='bbox 904 547 951 579; x_wconf 88' lang='grc'>25,</span> <span class='ocrx_word' id='word_1_27' title='bbox 977 546 999 572; x_wconf 86' lang='lat' dir='ltr'>f.</span> <span class='ocrx_word' id='word_1_28' title='bbox 1027 546 1094 577; x_wconf 82' lang='grc'><strong>141,</strong></span> 
     </span>
    </p>
   </div>
   <div class='ocr_carea' id='block_1_5' title="bbox 90 689 1105 1681">
    <p class='ocr_par' dir='ltr' id='par_1_5' title="bbox 90 689 1105 1681">
     <span class='ocr_line' id='line_1_7' title="bbox 135 689 1096 730; baseline -0.001 -11"><span class='ocrx_word' id='word_1_29' title='bbox 135 704 146 718; x_wconf 89' lang='lat'>«</span> <span class='ocrx_word' id='word_1_30' title='bbox 161 715 190 726; x_wconf 89' lang='lat'>..‚</span> <span class='ocrx_word' id='word_1_31' title='bbox 212 691 366 730; x_wconf 80' lang='lat' dir='ltr'>preposito</span> <span class='ocrx_word' id='word_1_32' title='bbox 388 691 606 720; x_wconf 81' lang='lat' dir='ltr'>Ambiunensi.</span> <span class='ocrx_word' id='word_1_33' title='bbox 630 690 720 720; x_wconf 85' lang='lat' dir='ltr'>Sicut</span> <span class='ocrx_word' id='word_1_34' title='bbox 742 690 849 719; x_wconf 89' lang='lat' dir='ltr'>dilecti</span> <span class='ocrx_word' id='word_1_35' title='bbox 870 689 961 723; x_wconf 82' lang='lat' dir='ltr'>filii..,</span> <span class='ocrx_word' id='word_1_36' title='bbox 996 689 1096 718; x_wconf 89' lang='lat' dir='ltr'>abbas</span> 
     </span>
     <span class='ocr_line' id='line_1_8' title="bbox 92 741 1097 781; baseline -0.003 -7"><span class='ocrx_word' id='word_1_37' title='bbox 92 747 125 774; x_wconf 91' lang='lat' dir='ltr'>et</span> <span class='ocrx_word' id='word_1_38' title='bbox 150 746 327 774; x_wconf 90' lang='lat' dir='ltr'>conventus</span> <span class='ocrx_word' id='word_1_39' title='bbox 352 743 537 772; x_wconf 90' lang='lat' dir='ltr'>monasterii</span> <span class='ocrx_word' id='word_1_40' title='bbox 561 743 810 781; x_wconf 87' lang='lat' dir='ltr'>Aquicintensis,</span> <span class='ocrx_word' id='word_1_41' title='bbox 836 742 954 772; x_wconf 83' lang='lat' dir='ltr'>ordinis</span> <span class='ocrx_word' id='word_1_42' title='bbox 988 741 1097 772; x_wconf 80' lang='lat' dir='ltr'>Sancti</span> 
     </span>
     <span class='ocr_line' id='line_1_9' title="bbox 90 796 1098 833; baseline -0.002 -7"><span class='ocrx_word' id='word_1_43' title='bbox 90 797 268 830; x_wconf 87' lang='lat' dir='ltr'>Benedicti,</span> <span class='ocrx_word' id='word_1_44' title='bbox 293 796 516 825; x_wconf 90' lang='lat' dir='ltr'>Atrebatensis</span> <span class='ocrx_word' id='word_1_45' title='bbox 541 796 684 830; x_wconf 89' lang='lat' dir='ltr'>diocesis,</span> <span class='ocrx_word' id='word_1_46' title='bbox 710 796 801 825; x_wconf 88' lang='lat' dir='ltr'>nobis</span> <span class='ocrx_word' id='word_1_47' title='bbox 825 804 982 833; x_wconf 76' lang='lat' dir='ltr'>exponere</span> <span class='ocrx_word' id='word_1_48' title='bbox 1008 804 1098 824; x_wconf 91' lang='lat' dir='ltr'>cura-</span> 
     </span>
     <span class='ocr_line' id='line_1_10' title="bbox 92 848 1098 886; baseline -0.002 -7"><span class='ocrx_word' id='word_1_49' title='bbox 92 852 242 883; x_wconf 86' lang='lat' dir='ltr'>verunt..‚</span> <span class='ocrx_word' id='word_1_50' title='bbox 268 849 377 879; x_wconf 84' lang='lat' dir='ltr'>Sancti</span> <span class='ocrx_word' id='word_1_51' title='bbox 400 849 535 878; x_wconf 82' lang='lat' dir='ltr'>Auberti</span> <span class='ocrx_word' id='word_1_52' title='bbox 559 851 636 883; x_wconf 91' lang='lat' dir='ltr'>et‚..,</span> <span class='ocrx_word' id='word_1_53' title='bbox 662 849 771 878; x_wconf 80' lang='lat' dir='ltr'>Sancti</span> <span class='ocrx_word' id='word_1_54' title='bbox 795 848 936 886; x_wconf 89' lang='lat' dir='ltr'>Sepulcri</span> <span class='ocrx_word' id='word_1_55' title='bbox 971 857 1098 877; x_wconf 90' lang='lat' dir='ltr'>monas-</span> 
     </span>
     <span class='ocr_line' id='line_1_11' title="bbox 96 901 1099 940; baseline 0 -10"><span class='ocrx_word' id='word_1_56' title='bbox 96 903 246 932; x_wconf 72' lang='lat' dir='ltr'>:enorum</span> <span class='ocrx_word' id='word_1_57' title='bbox 273 902 418 935; x_wconf 84' lang='lat' dir='ltr'>abbates,</span> <span class='ocrx_word' id='word_1_58' title='bbox 447 911 516 936; x_wconf 84' lang='lat' dir='ltr'>ac..‚</span> <span class='ocrx_word' id='word_1_59' title='bbox 546 902 631 940; x_wconf 85' lang='lat' dir='ltr'>prior</span> <span class='ocrx_word' id='word_1_60' title='bbox 670 901 779 931; x_wconf 82' lang='lat' dir='ltr'>Sancti</span> <span class='ocrx_word' id='word_1_61' title='bbox 814 901 950 930; x_wconf 89' lang='lat' dir='ltr'>Auberti</span> <span class='ocrx_word' id='word_1_62' title='bbox 989 901 1099 930; x_wconf 90' lang='lat' dir='ltr'>Came-</span> 
     </span>
     <span class='ocr_line' id='line_1_12' title="bbox 95 954 1100 993; baseline -0.002 -8"><span class='ocrx_word' id='word_1_63' title='bbox 95 955 231 985; x_wconf 78' lang='lat' dir='ltr'>racensis</span> <span class='ocrx_word' id='word_1_64' title='bbox 252 957 328 984; x_wconf 87' lang='lat' dir='ltr'>sunt</span> <span class='ocrx_word' id='word_1_65' title='bbox 349 955 393 984; x_wconf 88' lang='lat' dir='ltr'>eis</span> <span class='ocrx_word' id='word_1_66' title='bbox 415 957 527 984; x_wconf 87' lang='lat' dir='ltr'>contra</span> <span class='ocrx_word' id='word_1_67' title='bbox 549 957 726 993; x_wconf 91' lang='lat' dir='ltr'>raptorum,</span> <span class='ocrx_word' id='word_1_68' title='bbox 749 954 927 992; x_wconf 83' lang='lat' dir='ltr'>predonum</span> <span class='ocrx_word' id='word_1_69' title='bbox 949 957 981 983; x_wconf 92' lang='lat' dir='ltr'>et</span> <span class='ocrx_word' id='word_1_70' title='bbox 1003 954 1100 983; x_wconf 90' lang='lat' dir='ltr'>male-</span> 
     </span>
     <span class='ocr_line' id='line_1_13' title="bbox 94 1007 1101 1046; baseline -0.002 -8"><span class='ocrx_word' id='word_1_71' title='bbox 94 1008 252 1038; x_wconf 71' lang='lat' dir='ltr'>sectorum</span> <span class='ocrx_word' id='word_1_72' title='bbox 274 1008 344 1046; x_wconf 87' lang='lat' dir='ltr'>(sic)</span> <span class='ocrx_word' id='word_1_73' title='bbox 365 1007 532 1036; x_wconf 89' lang='lat' dir='ltr'>audatiam</span> <span class='ocrx_word' id='word_1_74' title='bbox 554 1016 591 1036; x_wconf 89' lang='lat' dir='ltr'>ac</span> <span class='ocrx_word' id='word_1_75' title='bbox 613 1007 711 1036; x_wconf 89' lang='lat' dir='ltr'>etiam</span> <span class='ocrx_word' id='word_1_76' title='bbox 733 1016 828 1045; x_wconf 92' lang='lat' dir='ltr'>super</span> <span class='ocrx_word' id='word_1_77' title='bbox 848 1007 1020 1045; x_wconf 85' lang='lat' dir='ltr'>privilegiis</span> <span class='ocrx_word' id='word_1_78' title='bbox 1042 1007 1101 1036; x_wconf 91' lang='lat' dir='ltr'>eis-</span> 
     </span>
     <span class='ocr_line' id='line_1_14' title="bbox 93 1060 1098 1098; baseline -0.001 -8"><span class='ocrx_word' id='word_1_79' title='bbox 93 1061 166 1090; x_wconf 85' lang='lat' dir='ltr'>dem</span> <span class='ocrx_word' id='word_1_80' title='bbox 201 1061 242 1090; x_wconf 93' lang='lat' dir='ltr'>ab</span> <span class='ocrx_word' id='word_1_81' title='bbox 276 1060 462 1098; x_wconf 89' lang='lat' dir='ltr'>Apostolica</span> <span class='ocrx_word' id='word_1_82' title='bbox 499 1060 578 1090; x_wconf 90' lang='lat' dir='ltr'>Sede</span> <span class='ocrx_word' id='word_1_83' title='bbox 613 1060 770 1089; x_wconf 85' lang='lat' dir='ltr'>concessis</span> <span class='ocrx_word' id='word_1_84' title='bbox 806 1063 1045 1089; x_wconf 80' lang='lat' dir='ltr'>conservatores</span> <span class='ocrx_word' id='word_1_85' title='bbox 1080 1069 1098 1090; x_wconf 89' lang='lat' dir='ltr'>a</span> 
     </span>
     <span class='ocr_line' id='line_1_15' title="bbox 94 1113 1100 1152; baseline -0.002 -8"><span class='ocrx_word' id='word_1_86' title='bbox 94 1114 173 1144; x_wconf 88' lang='lat' dir='ltr'>Sede</span> <span class='ocrx_word' id='word_1_87' title='bbox 196 1114 353 1152; x_wconf 89' lang='lat' dir='ltr'>deputata</span> <span class='ocrx_word' id='word_1_88' title='bbox 376 1114 446 1151; x_wconf 87' lang='lat' dir='ltr'>(sic)</span> <span class='ocrx_word' id='word_1_89' title='bbox 469 1113 624 1151; x_wconf 90' lang='lat' dir='ltr'>predicta,</span> <span class='ocrx_word' id='word_1_90' title='bbox 647 1122 760 1142; x_wconf 90' lang='lat' dir='ltr'>verum</span> <span class='ocrx_word' id='word_1_91' title='bbox 783 1113 858 1151; x_wconf 92' lang='lat' dir='ltr'>quia</span> <span class='ocrx_word' id='word_1_92' title='bbox 880 1113 976 1142; x_wconf 92' lang='lat' dir='ltr'>iidem</span> <span class='ocrx_word' id='word_1_93' title='bbox 999 1113 1100 1142; x_wconf 91' lang='lat' dir='ltr'>abbas</span> 
     </span>
     <span class='ocr_line' id='line_1_16' title="bbox 92 1163 1101 1204; baseline -0.001 -8"><span class='ocrx_word' id='word_1_94' title='bbox 92 1169 125 1196; x_wconf 88' lang='lat' dir='ltr'>et</span> <span class='ocrx_word' id='word_1_95' title='bbox 148 1163 326 1196; x_wconf 86' lang='lat' dir='ltr'>conventus</span> <span class='ocrx_word' id='word_1_96' title='bbox 350 1166 606 1204; x_wconf 69' lang='lat' dir='ltr'>Aquicffltenses,</span> <span class='ocrx_word' id='word_1_97' title='bbox 631 1168 728 1204; x_wconf 89' lang='lat' dir='ltr'>prout</span> <span class='ocrx_word' id='word_1_98' title='bbox 751 1168 908 1199; x_wconf 90' lang='lat' dir='ltr'>asserunt,</span> <span class='ocrx_word' id='word_1_99' title='bbox 934 1175 1101 1195; x_wconf 87' lang='lat' dir='ltr'>conserva-</span> 
     </span>
     <span class='ocr_line' id='line_1_17' title="bbox 91 1219 1100 1258; baseline -0.001 -9"><span class='ocrx_word' id='word_1_100' title='bbox 91 1222 199 1249; x_wconf 90' lang='lat' dir='ltr'>torum</span> <span class='ocrx_word' id='word_1_101' title='bbox 224 1219 367 1258; x_wconf 92' lang='lat' dir='ltr'>ipsorum</span> <span class='ocrx_word' id='word_1_102' title='bbox 393 1219 519 1257; x_wconf 88' lang='lat' dir='ltr'>copiam</span> <span class='ocrx_word' id='word_1_103' title='bbox 544 1219 708 1248; x_wconf 88' lang='lat' dir='ltr'>interdum</span> <span class='ocrx_word' id='word_1_104' title='bbox 734 1219 850 1248; x_wconf 89' lang='lat' dir='ltr'>habere</span> <span class='ocrx_word' id='word_1_105' title='bbox 865 1228 927 1248; x_wconf 91' lang='lat' dir='ltr'>non</span> <span class='ocrx_word' id='word_1_106' title='bbox 954 1221 1100 1257; x_wconf 88' lang='lat' dir='ltr'>possunt,</span> 
     </span>
     <span class='ocr_line' id='line_1_18' title="bbox 92 1272 1103 1310; baseline -0.001 -8"><span class='ocrx_word' id='word_1_107' title='bbox 92 1273 184 1302; x_wconf 91' lang='lat' dir='ltr'>nobis</span> <span class='ocrx_word' id='word_1_108' title='bbox 210 1272 373 1301; x_wconf 91' lang='lat' dir='ltr'>humiliter</span> <span class='ocrx_word' id='word_1_109' title='bbox 397 1272 620 1310; x_wconf 75' lang='lat' dir='ltr'>supplicarunt</span> <span class='ocrx_word' id='word_1_110' title='bbox 646 1274 683 1301; x_wconf 90' lang='lat' dir='ltr'>ut</span> <span class='ocrx_word' id='word_1_111' title='bbox 707 1272 875 1310; x_wconf 90' lang='lat' dir='ltr'>providere</span> <span class='ocrx_word' id='word_1_112' title='bbox 900 1272 975 1310; x_wconf 91' lang='lat' dir='ltr'>ipsis</span> <span class='ocrx_word' id='word_1_113' title='bbox 1008 1281 1103 1310; x_wconf 86' lang='lat' dir='ltr'>super</span> 
     </span>
     <span class='ocr_line' id='line_1_19' title="bbox 92 1325 1102 1364; baseline -0.002 -9"><span class='ocrx_word' id='word_1_114' title='bbox 92 1326 152 1355; x_wconf 89' lang='lat' dir='ltr'>hoc</span> <span class='ocrx_word' id='word_1_115' title='bbox 169 1328 304 1364; x_wconf 89' lang='lat' dir='ltr'>paterna</span> <span class='ocrx_word' id='word_1_116' title='bbox 322 1325 537 1354; x_wconf 90' lang='lat' dir='ltr'>sollicitudine</span> <span class='ocrx_word' id='word_1_117' title='bbox 555 1334 749 1354; x_wconf 70' lang='lat' dir='ltr'>curaremus</span> <span class='ocrx_word' id='word_1_118' title='bbox 770 1326 838 1354; x_wconf 90' lang='lat' dir='ltr'>Nos</span> <span class='ocrx_word' id='word_1_119' title='bbox 856 1325 966 1363; x_wconf 87' lang='lat' dir='ltr'>itaque</span> <span class='ocrx_word' id='word_1_120' title='bbox 984 1327 1015 1354; x_wconf 93' lang='lat' dir='ltr'>te</span> <span class='ocrx_word' id='word_1_121' title='bbox 1033 1325 1102 1354; x_wconf 92' lang='lat' dir='ltr'>loco</span> 
     </span>
     <span class='ocr_line' id='line_1_20' title="bbox 93 1377 1102 1416; baseline -0.002 -8"><span class='ocrx_word' id='word_1_122' title='bbox 93 1379 254 1408; x_wconf 89' lang='lat' dir='ltr'>dictorum</span> <span class='ocrx_word' id='word_1_123' title='bbox 283 1380 548 1408; x_wconf 90' lang='lat' dir='ltr'>conservatorum</span> <span class='ocrx_word' id='word_1_124' title='bbox 576 1378 608 1407; x_wconf 89' lang='lat' dir='ltr'>in</span> <span class='ocrx_word' id='word_1_125' title='bbox 637 1378 822 1416; x_wconf 86' lang='lat' dir='ltr'>hujusmodi</span> <span class='ocrx_word' id='word_1_126' title='bbox 851 1377 1102 1407; x_wconf 84' lang='lat' dir='ltr'>conservationis</span> 
     </span>
     <span class='ocr_line' id='line_1_21' title="bbox 94 1430 1103 1470; baseline -0.002 -9"><span class='ocrx_word' id='word_1_127' title='bbox 94 1432 223 1470; x_wconf 86' lang='lat' dir='ltr'>negotio</span> <span class='ocrx_word' id='word_1_128' title='bbox 262 1432 485 1469; x_wconf 83' lang='lat' dir='ltr'>subrogantes,</span> <span class='ocrx_word' id='word_1_129' title='bbox 526 1431 718 1460; x_wconf 88' lang='lat' dir='ltr'>mandamus</span> <span class='ocrx_word' id='word_1_130' title='bbox 758 1430 911 1469; x_wconf 87' lang='lat' dir='ltr'>quatinus</span> <span class='ocrx_word' id='word_1_131' title='bbox 951 1430 1103 1468; x_wconf 88' lang='lat' dir='ltr'>predictis</span> 
     </span>
     <span class='ocr_line' id='line_1_22' title="bbox 95 1483 1103 1522; baseline -0.002 -8"><span class='ocrx_word' id='word_1_132' title='bbox 95 1484 208 1514; x_wconf 89' lang='lat' dir='ltr'>abbati</span> <span class='ocrx_word' id='word_1_133' title='bbox 224 1486 257 1513; x_wconf 87' lang='lat' dir='ltr'>et</span> <span class='ocrx_word' id='word_1_134' title='bbox 274 1484 459 1517; x_wconf 89' lang='lat' dir='ltr'>conventui,</span> <span class='ocrx_word' id='word_1_135' title='bbox 479 1483 630 1522; x_wconf 88' lang='lat' dir='ltr'>oportuni</span> <span class='ocrx_word' id='word_1_136' title='bbox 647 1484 785 1522; x_wconf 89' lang='lat' dir='ltr'>presidio</span> <span class='ocrx_word' id='word_1_137' title='bbox 803 1483 922 1512; x_wconf 87' lang='lat' dir='ltr'>favoris</span> <span class='ocrx_word' id='word_1_138' title='bbox 940 1483 1103 1518; x_wconf 86' lang='lat' dir='ltr'>assistens,</span> 
     </span>
     <span class='ocr_line' id='line_1_23' title="bbox 97 1536 1103 1575; baseline -0.001 -9"><span class='ocrx_word' id='word_1_139' title='bbox 97 1538 138 1567; x_wconf 88' lang='lat' dir='ltr'>ad</span> <span class='ocrx_word' id='word_1_140' title='bbox 159 1537 436 1566; x_wconf 89' lang='lat' dir='ltr'>conservationem</span> <span class='ocrx_word' id='word_1_141' title='bbox 456 1537 599 1575; x_wconf 90' lang='lat' dir='ltr'>ipsorum</span> <span class='ocrx_word' id='word_1_142' title='bbox 620 1536 774 1574; x_wconf 86' lang='lat' dir='ltr'>procedas</span> <span class='ocrx_word' id='word_1_143' title='bbox 793 1536 888 1574; x_wconf 83' lang='lat' dir='ltr'>juxta</span> <span class='ocrx_word' id='word_1_144' title='bbox 910 1536 1103 1566; x_wconf 88' lang='lat' dir='ltr'>directarum</span> 
     </span>
     <span class='ocr_line' id='line_1_24' title="bbox 97 1589 1105 1628; baseline -0.001 -9"><span class='ocrx_word' id='word_1_145' title='bbox 97 1590 138 1619; x_wconf 91' lang='lat' dir='ltr'>ad</span> <span class='ocrx_word' id='word_1_146' title='bbox 160 1590 294 1619; x_wconf 89' lang='lat' dir='ltr'>abbates</span> <span class='ocrx_word' id='word_1_147' title='bbox 315 1592 348 1619; x_wconf 90' lang='lat' dir='ltr'>et</span> <span class='ocrx_word' id='word_1_148' title='bbox 369 1589 506 1628; x_wconf 89' lang='lat' dir='ltr'>priorem</span> <span class='ocrx_word' id='word_1_149' title='bbox 527 1589 688 1628; x_wconf 87' lang='lat' dir='ltr'>predictos</span> <span class='ocrx_word' id='word_1_150' title='bbox 708 1589 807 1628; x_wconf 90' lang='lat' dir='ltr'>ipsius</span> <span class='ocrx_word' id='word_1_151' title='bbox 830 1589 918 1619; x_wconf 88' lang='lat' dir='ltr'>Sedis</span> <span class='ocrx_word' id='word_1_152' title='bbox 940 1590 1105 1619; x_wconf 91' lang='lat' dir='ltr'>continen-</span> 
     </span>
     <span class='ocr_line' id='line_1_25' title="bbox 97 1642 1103 1681; baseline 0 -10"><span class='ocrx_word' id='word_1_153' title='bbox 97 1643 177 1672; x_wconf 88' lang='lat' dir='ltr'>tiam</span> <span class='ocrx_word' id='word_1_154' title='bbox 188 1643 380 1672; x_wconf 87' lang='lat' dir='ltr'>litterarum.</span> <span class='ocrx_word' id='word_1_155' title='bbox 393 1643 460 1672; x_wconf 91' lang='lat' dir='ltr'>Dat</span> <span class='ocrx_word' id='word_1_156' title='bbox 471 1642 618 1676; x_wconf 85' lang='lat' dir='ltr'>Viterbii‚</span> <span class='ocrx_word' id='word_1_157' title='bbox 635 1642 683 1671; x_wconf 93' lang='lat' dir='ltr'>III</span> <span class='ocrx_word' id='word_1_158' title='bbox 695 1642 767 1671; x_wconf 90' lang='lat' dir='ltr'>idus</span> <span class='ocrx_word' id='word_1_159' title='bbox 779 1642 865 1676; x_wconf 86' lang='lat' dir='ltr'>maii,</span> <span class='ocrx_word' id='word_1_160' title='bbox 879 1651 963 1672; x_wconf 91' lang='lat' dir='ltr'>anno</span> <span class='ocrx_word' id='word_1_161' title='bbox 976 1645 1103 1681; x_wconf 85' lang='lat' dir='ltr'>quarto.</span> 
     </span>
    </p>
   </div>
   <div class='ocr_carea' id='block_1_6' title="bbox 176 1834 1023 1866">
    <p class='ocr_par' dir='ltr' id='par_1_6' title="bbox 176 1834 1023 1866">
     <span class='ocr_line' id='line_1_26' title="bbox 176 1834 1023 1866; baseline 0 -5"><span class='ocrx_word' id='word_1_162' title='bbox 176 1835 264 1861; x_wconf 83' lang='lat'><strong>2584</strong></span> <span class='ocrx_word' id='word_1_163' title='bbox 626 1835 764 1866; x_wconf 89' lang='lat' dir='ltr'>Viterbe,</span> <span class='ocrx_word' id='word_1_164' title='bbox 785 1835 820 1861; x_wconf 88' lang='lat'>18</span> <span class='ocrx_word' id='word_1_165' title='bbox 839 1835 917 1861; x_wconf 87' lang='lat' dir='ltr'>avril</span> <span class='ocrx_word' id='word_1_166' title='bbox 937 1834 1023 1861; x_wconf 86' lang='lat'>1258.</span> 
     </span>
    </p>
   </div>
   <div class='ocr_carea' id='block_1_7' title="bbox 97 1888 1104 2040">
    <p class='ocr_par' dir='ltr' id='par_1_7' title="bbox 97 1888 1104 2040">
     <span class='ocr_line' id='line_1_27' title="bbox 138 1888 1104 1921; baseline -0.002 -6"><span class='ocrx_word' id='word_1_167' title='bbox 138 1888 271 1916; x_wconf 87' lang='lat' dir='ltr'>Causam</span> <span class='ocrx_word' id='word_1_168' title='bbox 297 1888 379 1914; x_wconf 88' lang='lat' dir='ltr'>inter</span> <span class='ocrx_word' id='word_1_169' title='bbox 404 1888 571 1921; x_wconf 83' lang='lat' dir='ltr'>Hugonem</span> <span class='ocrx_word' id='word_1_170' title='bbox 596 1889 627 1914; x_wconf 88' lang='lat' dir='ltr'>et</span> <span class='ocrx_word' id='word_1_171' title='bbox 652 1888 862 1914; x_wconf 88' lang='lat' dir='ltr'>Bertrandum</span> <span class='ocrx_word' id='word_1_172' title='bbox 889 1895 981 1921; x_wconf 89' lang='lat' dir='ltr'>super</span> <span class='ocrx_word' id='word_1_173' title='bbox 1004 1888 1104 1914; x_wconf 91' lang='lat' dir='ltr'>nomi-</span> 
     </span>
     <span class='ocr_line' id='line_1_28' title="bbox 97 1927 1104 1961; baseline -0.001 -7"><span class='ocrx_word' id='word_1_174' title='bbox 97 1929 224 1955; x_wconf 85' lang='lat' dir='ltr'>natione</span> <span class='ocrx_word' id='word_1_175' title='bbox 245 1928 371 1954; x_wconf 88' lang='lat' dir='ltr'>abbatis</span> <span class='ocrx_word' id='word_1_176' title='bbox 392 1928 574 1954; x_wconf 87' lang='lat' dir='ltr'>monasterii</span> <span class='ocrx_word' id='word_1_177' title='bbox 597 1927 813 1954; x_wconf 87' lang='lat' dir='ltr'>Issiodorensis</span> <span class='ocrx_word' id='word_1_178' title='bbox 833 1929 1008 1953; x_wconf 87' lang='lat' dir='ltr'>vertentem</span> <span class='ocrx_word' id='word_1_179' title='bbox 1025 1928 1104 1961; x_wconf 89' lang='lat' dir='ltr'>epis—</span> 
     </span>
     <span class='ocr_line' id='line_1_29' title="bbox 97 1967 1102 2040; baseline -0.001 -46"><span class='ocrx_word' id='word_1_180' title='bbox 97 1968 581 2040; x_wconf 49' lang='lat' dir='ltr'>gzponlsxnigiexligi731udiendam</span> <span class='ocrx_word' id='word_1_181' title='bbox 604 1967 788 1994; x_wconf 84' lang='lat' dir='ltr'>committit.</span> <span class='ocrx_word' id='word_1_182' title='bbox 806 1967 903 2000; x_wconf 82' lang='lat' dir='ltr'>(REG.</span> <span class='ocrx_word' id='word_1_183' title='bbox 917 1967 964 1998; x_wconf 89' lang='lat'>25,</span> <span class='ocrx_word' id='word_1_184' title='bbox 988 1967 1009 1993; x_wconf 83' lang='lat' dir='ltr'>f.</span> <span class='ocrx_word' id='word_1_185' title='bbox 1036 1967 1102 1999; x_wconf 85' lang='grc'><strong>141,</strong></span> 
     </span>
    </p>

    <p class='ocr_par' dir='ltr' id='par_1_8' title="bbox 141 2027 387 2039">
     <span class='ocr_line' id='line_1_30' title="bbox 141 2027 387 2039; baseline 0 -7"><span class='ocrx_word' id='word_1_186' title='bbox 141 2027 147 2032; x_wconf 93' lang='grc'><strong>.</strong></span> <span class='ocrx_word' id='word_1_187' title='bbox 226 2027 233 2039; x_wconf 85' lang='grc'><strong>,</strong></span> <span class='ocrx_word' id='word_1_188' title='bbox 283 2027 288 2032; x_wconf 95' lang='grc'><strong>.</strong></span> <span class='ocrx_word' id='word_1_189' title='bbox 382 2027 387 2032; x_wconf 91' lang='grc'><strong>.</strong></span> 
     </span>
    </p>
   </div>
   <div class='ocr_carea' id='block_1_8' title="bbox 95 2110 1106 3048">
    <p class='ocr_par' dir='ltr' id='par_1_9' title="bbox 95 2110 1106 3048">
     <span class='ocr_line' id='line_1_31' title="bbox 138 2110 1102 2150; baseline 0.002 -12"><span class='ocrx_word' id='word_1_190' title='bbox 138 2122 194 2145; x_wconf 75' lang='grc'><strong>«..,</strong></span> <span class='ocrx_word' id='word_1_191' title='bbox 220 2111 362 2150; x_wconf 82' lang='lat' dir='ltr'>episcopo</span> <span class='ocrx_word' id='word_1_192' title='bbox 387 2110 563 2140; x_wconf 83' lang='lat' dir='ltr'>Aniciensi.</span> <span class='ocrx_word' id='word_1_193' title='bbox 590 2111 734 2140; x_wconf 86' lang='lat' dir='ltr'>Dilectus</span> <span class='ocrx_word' id='word_1_194' title='bbox 759 2110 844 2140; x_wconf 83' lang='lat' dir='ltr'>filius</span> <span class='ocrx_word' id='word_1_195' title='bbox 870 2111 975 2148; x_wconf 91' lang='lat' dir='ltr'>Hugo,</span> <span class='ocrx_word' id='word_1_196' title='bbox 1001 2111 1102 2140; x_wconf 88' lang='lat' dir='ltr'>abbas</span> 
     </span>
     <span class='ocr_line' id='line_1_32' title="bbox 96 2163 1103 2198; baseline -0.001 -5"><span class='ocrx_word' id='word_1_197' title='bbox 96 2163 282 2193; x_wconf 86' lang='lat' dir='ltr'>monasterii</span> <span class='ocrx_word' id='word_1_198' title='bbox 299 2163 530 2198; x_wconf 90' lang='lat' dir='ltr'>Issiodorensis‚</span> <span class='ocrx_word' id='word_1_199' title='bbox 547 2163 666 2193; x_wconf 89' lang='lat' dir='ltr'>ordinis</span> <span class='ocrx_word' id='word_1_200' title='bbox 683 2163 793 2193; x_wconf 91' lang='lat' dir='ltr'>Sancti</span> <span class='ocrx_word' id='word_1_201' title='bbox 812 2163 989 2197; x_wconf 84' lang='lat' dir='ltr'>Benedicti,</span> <span class='ocrx_word' id='word_1_202' title='bbox 1012 2163 1103 2193; x_wconf 90' lang='lat' dir='ltr'>nobis</span> 
     </span>
     <span class='ocr_line' id='line_1_33' title="bbox 96 2216 1102 2255; baseline -0.001 -9"><span class='ocrx_word' id='word_1_203' title='bbox 96 2216 275 2255; x_wconf 85' lang='lat' dir='ltr'>significare</span> <span class='ocrx_word' id='word_1_204' title='bbox 291 2217 417 2246; x_wconf 89' lang='lat' dir='ltr'>curavit</span> <span class='ocrx_word' id='word_1_205' title='bbox 435 2217 520 2255; x_wconf 92' lang='lat' dir='ltr'>quod</span> <span class='ocrx_word' id='word_1_206' title='bbox 538 2225 611 2246; x_wconf 89' lang='lat' dir='ltr'>curn</span> <span class='ocrx_word' id='word_1_207' title='bbox 627 2216 818 2246; x_wconf 89' lang='lat' dir='ltr'>venerabilis</span> <span class='ocrx_word' id='word_1_208' title='bbox 845 2216 946 2246; x_wconf 84' lang='lat' dir='ltr'>frater</span> <span class='ocrx_word' id='word_1_209' title='bbox 962 2218 1102 2252; x_wconf 81' lang='lat' dir='ltr'>noster..‚</span> 
     </span>
     <span class='ocr_line' id='line_1_34' title="bbox 97 2269 1103 2308; baseline -0.001 -9"><span class='ocrx_word' id='word_1_210' title='bbox 97 2269 366 2299; x_wconf 84' lang='lat' dir='ltr'>claromontensis</span> <span class='ocrx_word' id='word_1_211' title='bbox 384 2270 562 2308; x_wconf 87' lang='lat' dir='ltr'>episcopus,</span> <span class='ocrx_word' id='word_1_212' title='bbox 581 2269 641 2299; x_wconf 92' lang='lat' dir='ltr'>loci</span> <span class='ocrx_word' id='word_1_213' title='bbox 660 2270 857 2303; x_wconf 88' lang='lat' dir='ltr'>diocesanus,</span> <span class='ocrx_word' id='word_1_214' title='bbox 874 2270 1103 2305; x_wconf 88' lang='lat' dir='ltr'>Bertrandum,</span> 
     </span>
     <span class='ocr_line' id='line_1_35' title="bbox 97 2322 1103 2361; baseline -0.001 -9"><span class='ocrx_word' id='word_1_215' title='bbox 97 2323 261 2361; x_wconf 91' lang='lat' dir='ltr'>quondam</span> <span class='ocrx_word' id='word_1_216' title='bbox 291 2323 444 2352; x_wconf 88' lang='lat' dir='ltr'>abbatem</span> <span class='ocrx_word' id='word_1_217' title='bbox 475 2322 552 2351; x_wconf 90' lang='lat' dir='ltr'>dicti</span> <span class='ocrx_word' id='word_1_218' title='bbox 583 2322 780 2355; x_wconf 90' lang='lat' dir='ltr'>monasterii,</span> <span class='ocrx_word' id='word_1_219' title='bbox 811 2323 875 2351; x_wconf 89' lang='lat' dir='ltr'>suis</span> <span class='ocrx_word' id='word_1_220' title='bbox 906 2322 1018 2361; x_wconf 89' lang='lat' dir='ltr'>culpiis</span> <span class='ocrx_word' id='word_1_221' title='bbox 1049 2332 1103 2351; x_wconf 87' lang='lat' dir='ltr'>ex-</span> 
     </span>
     <span class='ocr_line' id='line_1_36' title="bbox 96 2375 1103 2414; baseline 0 -10"><span class='ocrx_word' id='word_1_222' title='bbox 96 2375 256 2414; x_wconf 87' lang='lat' dir='ltr'>gentibus,</span> <span class='ocrx_word' id='word_1_223' title='bbox 284 2376 325 2405; x_wconf 92' lang='lat' dir='ltr'>ab</span> <span class='ocrx_word' id='word_1_224' title='bbox 352 2375 451 2414; x_wconf 91' lang='lat' dir='ltr'>ipsius</span> <span class='ocrx_word' id='word_1_225' title='bbox 478 2375 629 2413; x_wconf 88' lang='lat' dir='ltr'>regimine</span> <span class='ocrx_word' id='word_1_226' title='bbox 656 2375 891 2405; x_wconf 87' lang='lat' dir='ltr'>sententialiter</span> <span class='ocrx_word' id='word_1_227' title='bbox 917 2375 1103 2411; x_wconf 88' lang='lat' dir='ltr'>amovisset,</span> 
     </span>
     <span class='ocr_line' id='line_1_37' title="bbox 97 2428 1103 2467; baseline 0 -10"><span class='ocrx_word' id='word_1_228' title='bbox 97 2429 199 2467; x_wconf 90' lang='lat' dir='ltr'>priore</span> <span class='ocrx_word' id='word_1_229' title='bbox 227 2430 261 2458; x_wconf 92' lang='lat' dir='ltr'>et</span> <span class='ocrx_word' id='word_1_230' title='bbox 289 2431 451 2458; x_wconf 88' lang='lat' dir='ltr'>conventu</span> <span class='ocrx_word' id='word_1_231' title='bbox 479 2428 578 2466; x_wconf 92' lang='lat' dir='ltr'>ipsius</span> <span class='ocrx_word' id='word_1_232' title='bbox 607 2428 793 2458; x_wconf 90' lang='lat' dir='ltr'>monasterii</span> <span class='ocrx_word' id='word_1_233' title='bbox 822 2437 885 2457; x_wconf 91' lang='lat' dir='ltr'>non</span> <span class='ocrx_word' id='word_1_234' title='bbox 915 2429 1103 2458; x_wconf 90' lang='lat' dir='ltr'>curantibus</span> 
     </span>
     <span class='ocr_line' id='line_1_38' title="bbox 96 2481 1105 2520; baseline 0 -10"><span class='ocrx_word' id='word_1_235' title='bbox 96 2481 156 2511; x_wconf 90' lang='lat' dir='ltr'>sibi</span> <span class='ocrx_word' id='word_1_236' title='bbox 176 2481 343 2520; x_wconf 88' lang='lat' dir='ltr'>providere</span> <span class='ocrx_word' id='word_1_237' title='bbox 363 2481 401 2510; x_wconf 93' lang='lat' dir='ltr'>de</span> <span class='ocrx_word' id='word_1_238' title='bbox 420 2481 539 2510; x_wconf 88' lang='lat' dir='ltr'>abbate</span> <span class='ocrx_word' id='word_1_239' title='bbox 559 2481 641 2510; x_wconf 81' lang='lat' dir='ltr'>infra</span> <span class='ocrx_word' id='word_1_240' title='bbox 661 2483 790 2520; x_wconf 89' lang='lat' dir='ltr'>tempus</span> <span class='ocrx_word' id='word_1_241' title='bbox 809 2490 828 2510; x_wconf 92' lang='lat' dir='ltr'>a</span> <span class='ocrx_word' id='word_1_242' title='bbox 848 2481 1024 2511; x_wconf 89' lang='lat' dir='ltr'>canonibus</span> <span class='ocrx_word' id='word_1_243' title='bbox 1044 2481 1105 2510; x_wconf 87' lang='lat' dir='ltr'>dif-</span> 
     </span>
     <span class='ocr_line' id='line_1_39' title="bbox 96 2533 1102 2573; baseline 0 -10"><span class='ocrx_word' id='word_1_244' title='bbox 96 2533 238 2568; x_wconf 83' lang='lat' dir='ltr'>finitum,</span> <span class='ocrx_word' id='word_1_245' title='bbox 266 2534 340 2563; x_wconf 89' lang='lat' dir='ltr'>licet</span> <span class='ocrx_word' id='word_1_246' title='bbox 368 2534 485 2572; x_wconf 88' lang='lat' dir='ltr'>pluries</span> <span class='ocrx_word' id='word_1_247' title='bbox 512 2534 553 2563; x_wconf 90' lang='lat' dir='ltr'>ad</span> <span class='ocrx_word' id='word_1_248' title='bbox 583 2534 642 2563; x_wconf 91' lang='lat' dir='ltr'>hoc</span> <span class='ocrx_word' id='word_1_249' title='bbox 670 2543 726 2572; x_wconf 92' lang='lat' dir='ltr'>per</span> <span class='ocrx_word' id='word_1_250' title='bbox 753 2535 889 2563; x_wconf 86' lang='lat' dir='ltr'>eundern</span> <span class='ocrx_word' id='word_1_251' title='bbox 918 2534 1102 2573; x_wconf 90' lang='lat' dir='ltr'>episcopum</span> 
     </span>
     <span class='ocr_line' id='line_1_40' title="bbox 97 2586 1104 2625; baseline 0 -9"><span class='ocrx_word' id='word_1_252' title='bbox 97 2587 212 2616; x_wconf 88' lang='lat' dir='ltr'>moniti</span> <span class='ocrx_word' id='word_1_253' title='bbox 258 2586 378 2616; x_wconf 82' lang='lat' dir='ltr'>fuerint</span> <span class='ocrx_word' id='word_1_254' title='bbox 401 2589 433 2616; x_wconf 89' lang='lat' dir='ltr'>et</span> <span class='ocrx_word' id='word_1_255' title='bbox 458 2587 626 2625; x_wconf 85' lang='lat' dir='ltr'>diligenter</span> <span class='ocrx_word' id='word_1_256' title='bbox 648 2587 783 2621; x_wconf 87' lang='lat' dir='ltr'>inducti,</span> <span class='ocrx_word' id='word_1_257' title='bbox 808 2587 913 2616; x_wconf 89' lang='lat' dir='ltr'>dictus</span> <span class='ocrx_word' id='word_1_258' title='bbox 937 2587 1104 2625; x_wconf 89' lang='lat' dir='ltr'>episcopus</span> 
     </span>
     <span class='ocr_line' id='line_1_41' title="bbox 97 2640 1104 2679; baseline 0 -10"><span class='ocrx_word' id='word_1_259' title='bbox 97 2640 234 2669; x_wconf 88' lang='lat' dir='ltr'>eundem</span> <span class='ocrx_word' id='word_1_260' title='bbox 262 2640 443 2679; x_wconf 86' lang='lat' dir='ltr'>Hugonem,</span> <span class='ocrx_word' id='word_1_261' title='bbox 470 2641 567 2677; x_wconf 90' lang='lat' dir='ltr'>prout</span> <span class='ocrx_word' id='word_1_262' title='bbox 594 2640 765 2678; x_wconf 86' lang='lat' dir='ltr'>spectabat</span> <span class='ocrx_word' id='word_1_263' title='bbox 791 2640 831 2669; x_wconf 90' lang='lat' dir='ltr'>ad</span> <span class='ocrx_word' id='word_1_264' title='bbox 860 2649 943 2674; x_wconf 85' lang='lat' dir='ltr'>eum,</span> <span class='ocrx_word' id='word_1_265' title='bbox 971 2640 1104 2678; x_wconf 83' lang='lat' dir='ltr'>prefecit</span> 
     </span>
     <span class='ocr_line' id='line_1_42' title="bbox 95 2680 1105 2726; baseline 0 -4"><span class='ocrx_word' id='word_1_266' title='bbox 95 2691 129 2721; x_wconf 87' lang='lat' dir='ltr'>in</span> <span class='ocrx_word' id='word_1_267' title='bbox 156 2693 309 2722; x_wconf 90' lang='lat' dir='ltr'>abbatem</span> <span class='ocrx_word' id='word_1_268' title='bbox 337 2692 522 2722; x_wconf 89' lang='lat' dir='ltr'>monasterii</span> <span class='ocrx_word' id='word_1_269' title='bbox 549 2693 729 2722; x_wconf 89' lang='lat' dir='ltr'>memorati.</span> <span class='ocrx_word' id='word_1_270' title='bbox 758 2680 837 2722; x_wconf 85' lang='lat' dir='ltr'>Cum</span> <span class='ocrx_word' id='word_1_271' title='bbox 865 2695 985 2726; x_wconf 85' lang='lat' dir='ltr'>autem,</span> <span class='ocrx_word' id='word_1_272' title='bbox 1014 2702 1105 2723; x_wconf 87' lang='lat' dir='ltr'>occa-</span> 
     </span>
     <span class='ocr_line' id='line_1_43' title="bbox 98 2744 1105 2785; baseline 0.001 -11"><span class='ocrx_word' id='word_1_273' title='bbox 98 2744 185 2775; x_wconf 89' lang='lat' dir='ltr'>sione</span> <span class='ocrx_word' id='word_1_274' title='bbox 217 2746 454 2785; x_wconf 83' lang='lat' dir='ltr'>premissorum,</span> <span class='ocrx_word' id='word_1_275' title='bbox 487 2746 528 2774; x_wconf 91' lang='lat' dir='ltr'>ab</span> <span class='ocrx_word' id='word_1_276' title='bbox 560 2745 679 2774; x_wconf 84' lang='lat' dir='ltr'>eisdem</span> <span class='ocrx_word' id='word_1_277' title='bbox 712 2745 860 2784; x_wconf 86' lang='lat' dir='ltr'>episcopo</span> <span class='ocrx_word' id='word_1_278' title='bbox 904 2747 1041 2784; x_wconf 89' lang='lat' dir='ltr'>Hugone</span> <span class='ocrx_word' id='word_1_279' title='bbox 1073 2748 1105 2775; x_wconf 89' lang='lat' dir='ltr'>et</span> 
     </span>
     <span class='ocr_line' id='line_1_44' title="bbox 97 2797 1105 2836; baseline 0.001 -10"><span class='ocrx_word' id='word_1_280' title='bbox 97 2797 276 2828; x_wconf 87' lang='lat' dir='ltr'>Bertrando</span> <span class='ocrx_word' id='word_1_281' title='bbox 321 2799 444 2827; x_wconf 88' lang='lat' dir='ltr'>diverse</span> <span class='ocrx_word' id='word_1_282' title='bbox 469 2798 575 2827; x_wconf 87' lang='lat' dir='ltr'>littere</span> <span class='ocrx_word' id='word_1_283' title='bbox 600 2798 640 2827; x_wconf 92' lang='lat' dir='ltr'>ad</span> <span class='ocrx_word' id='word_1_284' title='bbox 668 2798 809 2827; x_wconf 88' lang='lat' dir='ltr'>diversos</span> <span class='ocrx_word' id='word_1_285' title='bbox 834 2799 956 2836; x_wconf 82' lang='lat' dir='ltr'>judices</span> <span class='ocrx_word' id='word_1_286' title='bbox 981 2808 998 2828; x_wconf 91' lang='lat' dir='ltr'>a</span> <span class='ocrx_word' id='word_1_287' title='bbox 1026 2799 1105 2829; x_wconf 86' lang='lat' dir='ltr'>Sede</span> 
     </span>
     <span class='ocr_line' id='line_1_45' title="bbox 99 2850 1105 2890; baseline 0.001 -10"><span class='ocrx_word' id='word_1_288' title='bbox 99 2850 294 2888; x_wconf 86' lang='lat' dir='ltr'>Apostolica,</span> <span class='ocrx_word' id='word_1_289' title='bbox 319 2851 402 2880; x_wconf 92' lang='lat' dir='ltr'>sicut</span> <span class='ocrx_word' id='word_1_290' title='bbox 426 2851 618 2889; x_wconf 82' lang='lat' dir='ltr'>accepimus,</span> <span class='ocrx_word' id='word_1_291' title='bbox 644 2851 709 2880; x_wconf 87' lang='lat' dir='ltr'>sint</span> <span class='ocrx_word' id='word_1_292' title='bbox 734 2851 867 2880; x_wconf 88' lang='lat' dir='ltr'>obtente</span> <span class='ocrx_word' id='word_1_293' title='bbox 891 2854 924 2881; x_wconf 88' lang='lat' dir='ltr'>et</span> <span class='ocrx_word' id='word_1_294' title='bbox 948 2861 1010 2881; x_wconf 89' lang='lat' dir='ltr'>non</span> <span class='ocrx_word' id='word_1_295' title='bbox 1037 2861 1105 2890; x_wconf 86' lang='lat' dir='ltr'>spe-</span> 
     </span>
     <span class='ocr_line' id='line_1_46' title="bbox 100 2903 1106 2943; baseline 0.001 -10"><span class='ocrx_word' id='word_1_296' title='bbox 100 2905 187 2933; x_wconf 84' lang='lat' dir='ltr'>retur</span> <span class='ocrx_word' id='word_1_297' title='bbox 203 2904 289 2942; x_wconf 87' lang='lat' dir='ltr'>quod</span> <span class='ocrx_word' id='word_1_298' title='bbox 307 2912 401 2933; x_wconf 88' lang='lat' dir='ltr'>causa</span> <span class='ocrx_word' id='word_1_299' title='bbox 420 2904 605 2942; x_wconf 86' lang='lat' dir='ltr'>hujusmodi</span> <span class='ocrx_word' id='word_1_300' title='bbox 622 2903 724 2942; x_wconf 82' lang='lat' dir='ltr'>possit</span> <span class='ocrx_word' id='word_1_301' title='bbox 739 2906 810 2933; x_wconf 86' lang='lat' dir='ltr'>turn</span> <span class='ocrx_word' id='word_1_302' title='bbox 827 2907 959 2943; x_wconf 88' lang='lat' dir='ltr'>propter</span> <span class='ocrx_word' id='word_1_303' title='bbox 975 2905 1106 2934; x_wconf 70' lang='lat' dir='ltr'>divorsi—</span> 
     </span>
     <span class='ocr_line' id='line_1_47' title="bbox 98 2956 1105 2995; baseline 0.001 -10"><span class='ocrx_word' id='word_1_304' title='bbox 98 2958 201 2985; x_wconf 87' lang='lat' dir='ltr'>tatem</span> <span class='ocrx_word' id='word_1_305' title='bbox 227 2956 407 2986; x_wconf 88' lang='lat' dir='ltr'>litterarum</span> <span class='ocrx_word' id='word_1_306' title='bbox 431 2957 573 2995; x_wconf 84' lang='lat' dir='ltr'>ipsarum</span> <span class='ocrx_word' id='word_1_307' title='bbox 599 2959 631 2986; x_wconf 92' lang='lat' dir='ltr'>et</span> <span class='ocrx_word' id='word_1_308' title='bbox 657 2966 821 2995; x_wconf 85' lang='lat' dir='ltr'>processus</span> <span class='ocrx_word' id='word_1_309' title='bbox 847 2957 952 2986; x_wconf 86' lang='lat' dir='ltr'>varios</span> <span class='ocrx_word' id='word_1_310' title='bbox 977 2958 1105 2987; x_wconf 86' lang='lat' dir='ltr'>habitos</span> 
     </span>
     <span class='ocr_line' id='line_1_48' title="bbox 100 3009 1103 3048; baseline 0.002 -10"><span class='ocrx_word' id='word_1_311' title='bbox 100 3018 156 3047; x_wconf 89' lang='lat' dir='ltr'>per</span> <span class='ocrx_word' id='word_1_312' title='bbox 181 3009 319 3043; x_wconf 87' lang='lat' dir='ltr'>easdem,</span> <span class='ocrx_word' id='word_1_313' title='bbox 348 3012 418 3038; x_wconf 87' lang='lat' dir='ltr'>tum</span> <span class='ocrx_word' id='word_1_314' title='bbox 445 3012 576 3048; x_wconf 87' lang='lat' dir='ltr'>propter</span> <span class='ocrx_word' id='word_1_315' title='bbox 602 3010 782 3048; x_wconf 83' lang='lat' dir='ltr'>potentiam</span> <span class='ocrx_word' id='word_1_316' title='bbox 811 3010 909 3048; x_wconf 89' lang='lat' dir='ltr'>ipsius</span> <span class='ocrx_word' id='word_1_317' title='bbox 933 3010 1103 3040; x_wconf 82' lang='lat' dir='ltr'>Bertrandi</span> 
     </span>
    </p>
   </div>
   <div class='ocr_carea' id='block_1_9' title="bbox 1146 427 1153 1100">
    <p class='ocr_par' dir='ltr' id='par_1_10' title="bbox 1146 427 1153 1100">
     <span class='ocr_line' id='line_1_49' title="bbox 1146 427 1153 1100; baseline 0 0"><span class='ocrx_word' id='word_1_318' title='bbox 1146 427 1153 1100; x_wconf 95' lang='lat' dir='ltr'> </span> 
     </span>
    </p>
   </div>
   <div class='ocr_carea' id='block_1_10' title="bbox 1146 427 1157 1654">
    <p class='ocr_par' dir='ltr' id='par_1_11' title="bbox 1146 427 1157 1654">
     <span class='ocr_line' id='line_1_50' title="bbox 1146 427 1157 1654; baseline 0 0"><span class='ocrx_word' id='word_1_319' title='bbox 1146 427 1157 1654; x_wconf 95' lang='lat' dir='ltr'> </span> 
     </span>
    </p>
   </div>
   <div class='ocr_carea' id='block_1_11' title="bbox 1201 411 2222 1453">
    <p class='ocr_par' dir='ltr' id='par_1_12' title="bbox 1201 411 2212 872">
     <span class='ocr_line' id='line_1_51' title="bbox 1201 411 2211 450; baseline 0.001 -10"><span class='ocrx_word' id='word_1_320' title='bbox 1201 412 1235 441; x_wconf 89' lang='lat' dir='ltr'>in</span> <span class='ocrx_word' id='word_1_321' title='bbox 1256 411 1316 441; x_wconf 91' lang='lat' dir='ltr'>illis</span> <span class='ocrx_word' id='word_1_322' title='bbox 1338 412 1484 450; x_wconf 89' lang='lat' dir='ltr'>partibus</span> <span class='ocrx_word' id='word_1_323' title='bbox 1506 412 1680 447; x_wconf 90' lang='lat' dir='ltr'>terminari,</span> <span class='ocrx_word' id='word_1_324' title='bbox 1703 412 1895 442; x_wconf 87' lang='lat' dir='ltr'>mandamus</span> <span class='ocrx_word' id='word_1_325' title='bbox 1917 412 2070 450; x_wconf 90' lang='lat' dir='ltr'>quatinus</span> <span class='ocrx_word' id='word_1_326' title='bbox 2091 412 2211 441; x_wconf 86' lang='lat' dir='ltr'>faciens</span> 
     </span>
     <span class='ocr_line' id='line_1_52' title="bbox 1202 464 2210 503; baseline 0 -9"><span class='ocrx_word' id='word_1_327' title='bbox 1202 464 1261 493; x_wconf 89' lang='lat' dir='ltr'>tibi</span> <span class='ocrx_word' id='word_1_328' title='bbox 1294 465 1455 503; x_wconf 79' lang='lat' dir='ltr'>predIctas</span> <span class='ocrx_word' id='word_1_329' title='bbox 1487 465 1611 494; x_wconf 90' lang='lat' dir='ltr'>litteras</span> <span class='ocrx_word' id='word_1_330' title='bbox 1644 467 1677 494; x_wconf 90' lang='lat' dir='ltr'>et</span> <span class='ocrx_word' id='word_1_331' title='bbox 1708 474 1874 503; x_wconf 87' lang='lat' dir='ltr'>processus</span> <span class='ocrx_word' id='word_1_332' title='bbox 1907 473 1964 503; x_wconf 87' lang='lat' dir='ltr'>per</span> <span class='ocrx_word' id='word_1_333' title='bbox 1996 474 2048 494; x_wconf 88' lang='lat' dir='ltr'>eos</span> <span class='ocrx_word' id='word_1_334' title='bbox 2082 464 2210 494; x_wconf 87' lang='lat' dir='ltr'>habitos</span> 
     </span>
     <span class='ocr_line' id='line_1_53' title="bbox 1202 517 2212 555; baseline 0 -9"><span class='ocrx_word' id='word_1_335' title='bbox 1202 517 1355 551; x_wconf 87' lang='lat' dir='ltr'>exhiberi,</span> <span class='ocrx_word' id='word_1_336' title='bbox 1382 518 1564 547; x_wconf 89' lang='lat' dir='ltr'>detentores</span> <span class='ocrx_word' id='word_1_337' title='bbox 1589 519 1630 547; x_wconf 89' lang='lat' dir='ltr'>ad</span> <span class='ocrx_word' id='word_1_338' title='bbox 1655 518 1887 547; x_wconf 86' lang='lat' dir='ltr'>exhibitionem</span> <span class='ocrx_word' id='word_1_339' title='bbox 1905 517 2058 555; x_wconf 89' lang='lat' dir='ltr'>ipsorum,</span> <span class='ocrx_word' id='word_1_340' title='bbox 2080 517 2212 546; x_wconf 89' lang='lat' dir='ltr'>monitis</span> 
     </span>
     <span class='ocr_line' id='line_1_54' title="bbox 1203 570 2211 609; baseline -0.001 -10"><span class='ocrx_word' id='word_1_341' title='bbox 1203 570 1374 608; x_wconf 90' lang='lat' dir='ltr'>premissis,</span> <span class='ocrx_word' id='word_1_342' title='bbox 1415 580 1470 609; x_wconf 89' lang='lat' dir='ltr'>per</span> <span class='ocrx_word' id='word_1_343' title='bbox 1510 580 1676 600; x_wconf 89' lang='lat' dir='ltr'>censuram</span> <span class='ocrx_word' id='word_1_344' title='bbox 1710 570 1968 604; x_wconf 88' lang='lat' dir='ltr'>ecclesiasticam,</span> <span class='ocrx_word' id='word_1_345' title='bbox 1995 570 2211 608; x_wconf 89' lang='lat' dir='ltr'>appellatione</span> 
     </span>
     <span class='ocr_line' id='line_1_55' title="bbox 1203 622 2210 662; baseline 0 -10"><span class='ocrx_word' id='word_1_346' title='bbox 1203 623 1383 661; x_wconf 88' lang='lat' dir='ltr'>postposita</span> <span class='ocrx_word' id='word_1_347' title='bbox 1403 623 1632 662; x_wconf 89' lang='lat' dir='ltr'>compellendo,</span> <span class='ocrx_word' id='word_1_348' title='bbox 1656 623 1780 652; x_wconf 90' lang='lat' dir='ltr'>vocatis</span> <span class='ocrx_word' id='word_1_349' title='bbox 1809 623 1864 661; x_wconf 90' lang='lat' dir='ltr'>qui</span> <span class='ocrx_word' id='word_1_350' title='bbox 1898 622 2019 652; x_wconf 80' lang='lat' dir='ltr'>fuerint</span> <span class='ocrx_word' id='word_1_351' title='bbox 2044 622 2210 655; x_wconf 84' lang='lat' dir='ltr'>evocandi,</span> 
     </span>
     <span class='ocr_line' id='line_1_56' title="bbox 1203 675 2210 714; baseline -0.001 -9"><span class='ocrx_word' id='word_1_352' title='bbox 1203 676 1315 705; x_wconf 83' lang='lat' dir='ltr'>audias</span> <span class='ocrx_word' id='word_1_353' title='bbox 1335 684 1465 705; x_wconf 90' lang='lat' dir='ltr'>causam</span> <span class='ocrx_word' id='word_1_354' title='bbox 1484 678 1517 705; x_wconf 92' lang='lat' dir='ltr'>et</span> <span class='ocrx_word' id='word_1_355' title='bbox 1536 685 1607 705; x_wconf 91' lang='lat' dir='ltr'>eam</span> <span class='ocrx_word' id='word_1_356' title='bbox 1626 675 1708 705; x_wconf 80' lang='lat' dir='ltr'>infra</span> <span class='ocrx_word' id='word_1_357' title='bbox 1729 677 1870 714; x_wconf 89' lang='lat' dir='ltr'>quinque</span> <span class='ocrx_word' id='word_1_358' title='bbox 1890 676 2048 704; x_wconf 89' lang='lat' dir='ltr'>mensium</span> <span class='ocrx_word' id='word_1_359' title='bbox 2068 675 2210 714; x_wconf 88' lang='lat' dir='ltr'>spatium</span> 
     </span>
     <span class='ocr_line' id='line_1_57' title="bbox 1203 728 2210 767; baseline 0.001 -11"><span class='ocrx_word' id='word_1_360' title='bbox 1203 728 1323 766; x_wconf 89' lang='lat' dir='ltr'>judicio</span> <span class='ocrx_word' id='word_1_361' title='bbox 1335 729 1395 762; x_wconf 89' lang='lat' dir='ltr'>vel,</span> <span class='ocrx_word' id='word_1_362' title='bbox 1407 729 1433 757; x_wconf 91' lang='lat' dir='ltr'>si</span> <span class='ocrx_word' id='word_1_363' title='bbox 1445 729 1483 758; x_wconf 89' lang='lat' dir='ltr'>de</span> <span class='ocrx_word' id='word_1_364' title='bbox 1494 729 1636 767; x_wconf 88' lang='lat' dir='ltr'>ipsorum</span> <span class='ocrx_word' id='word_1_365' title='bbox 1648 729 1818 757; x_wconf 88' lang='lat' dir='ltr'>voluntate</span> <span class='ocrx_word' id='word_1_366' title='bbox 1830 728 2028 766; x_wconf 87' lang='lat' dir='ltr'>processerit,</span> <span class='ocrx_word' id='word_1_367' title='bbox 2041 728 2210 757; x_wconf 88' lang='lat' dir='ltr'>concordia</span> 
     </span>
     <span class='ocr_line' id='line_1_58' title="bbox 1203 780 2212 819; baseline 0 -9"><span class='ocrx_word' id='word_1_368' title='bbox 1203 781 1376 810; x_wconf 86' lang='lat' dir='ltr'>terminare</span> <span class='ocrx_word' id='word_1_369' title='bbox 1395 790 1554 819; x_wconf 87' lang='lat' dir='ltr'>procures,</span> <span class='ocrx_word' id='word_1_370' title='bbox 1575 780 1694 810; x_wconf 76' lang='lat' dir='ltr'>faciens</span> <span class='ocrx_word' id='word_1_371' title='bbox 1714 781 1800 819; x_wconf 91' lang='lat' dir='ltr'>quod</span> <span class='ocrx_word' id='word_1_372' title='bbox 1821 781 1996 810; x_wconf 87' lang='lat' dir='ltr'>decreveris</span> <span class='ocrx_word' id='word_1_373' title='bbox 2016 781 2212 810; x_wconf 88' lang='lat' dir='ltr'>auctoritate</span> 
     </span>
     <span class='ocr_line' id='line_1_59' title="bbox 1205 834 2211 872; baseline 0 -10"><span class='ocrx_word' id='word_1_374' title='bbox 1205 836 1314 863; x_wconf 85' lang='lat' dir='ltr'>nostra</span> <span class='ocrx_word' id='word_1_375' title='bbox 1333 834 1470 863; x_wconf 82' lang='lat' dir='ltr'>firmiter</span> <span class='ocrx_word' id='word_1_376' title='bbox 1488 834 1661 863; x_wconf 82' lang='lat' dir='ltr'>observari.</span> <span class='ocrx_word' id='word_1_377' title='bbox 1681 834 1791 862; x_wconf 85' lang='lat' dir='ltr'>Testes</span> <span class='ocrx_word' id='word_1_378' title='bbox 1810 836 1871 862; x_wconf 80' lang='lat' dir='ltr'>etc.</span> <span class='ocrx_word' id='word_1_379' title='bbox 1892 843 1992 872; x_wconf 86' lang='lat' dir='ltr'>usque</span> <span class='ocrx_word' id='word_1_380' title='bbox 2008 844 2013 863; x_wconf 89' lang='lat'>:</span> <span class='ocrx_word' id='word_1_381' title='bbox 2035 834 2211 872; x_wconf 80' lang='lat' dir='ltr'>perhibere.</span> 
     </span>
    </p>

    <p class='ocr_par' dir='ltr' id='par_1_13' title="bbox 1206 886 2222 1453">
     <span class='ocr_line' id='line_1_60' title="bbox 1246 886 2213 925; baseline 0.001 -10"><span class='ocrx_word' id='word_1_382' title='bbox 1246 887 1408 925; x_wconf 88' lang='lat' dir='ltr'>Allioquin</span> <span class='ocrx_word' id='word_1_383' title='bbox 1432 889 1552 915; x_wconf 83' lang='lat' dir='ltr'>extunc</span> <span class='ocrx_word' id='word_1_384' title='bbox 1575 886 1678 924; x_wconf 88' lang='lat' dir='ltr'>ipsam</span> <span class='ocrx_word' id='word_1_385' title='bbox 1700 887 1893 915; x_wconf 86' lang='lat' dir='ltr'>instructam</span> <span class='ocrx_word' id='word_1_386' title='bbox 1916 887 1967 915; x_wconf 89' lang='lat' dir='ltr'>vel</span> <span class='ocrx_word' id='word_1_387' title='bbox 1992 896 2054 915; x_wconf 88' lang='lat' dir='ltr'>non</span> <span class='ocrx_word' id='word_1_388' title='bbox 2078 887 2213 916; x_wconf 87' lang='lat' dir='ltr'>instruc-</span> 
     </span>
     <span class='ocr_line' id='line_1_61' title="bbox 1206 939 2213 977; baseline 0.001 -9"><span class='ocrx_word' id='word_1_389' title='bbox 1206 941 1274 968; x_wconf 88' lang='lat' dir='ltr'>tam</span> <span class='ocrx_word' id='word_1_390' title='bbox 1308 940 1350 968; x_wconf 91' lang='lat' dir='ltr'>ad</span> <span class='ocrx_word' id='word_1_391' title='bbox 1384 940 1567 977; x_wconf 86' lang='lat' dir='ltr'>Apostolice</span> <span class='ocrx_word' id='word_1_392' title='bbox 1603 939 1691 969; x_wconf 88' lang='lat' dir='ltr'>Sedis</span> <span class='ocrx_word' id='word_1_393' title='bbox 1726 939 1873 968; x_wconf 84' lang='lat' dir='ltr'>remittas</span> <span class='ocrx_word' id='word_1_394' title='bbox 1907 948 2053 973; x_wconf 81' lang='lat' dir='ltr'>examen,</span> <span class='ocrx_word' id='word_1_395' title='bbox 2089 939 2213 977; x_wconf 81' lang='lat' dir='ltr'>prefixo</span> 
     </span>
     <span class='ocr_line' id='line_1_62' title="bbox 1206 991 2213 1030; baseline 0 -9"><span class='ocrx_word' id='word_1_396' title='bbox 1206 993 1352 1030; x_wconf 88' lang='lat' dir='ltr'>partibus</span> <span class='ocrx_word' id='word_1_397' title='bbox 1365 992 1502 1021; x_wconf 87' lang='lat' dir='ltr'>termino</span> <span class='ocrx_word' id='word_1_398' title='bbox 1516 992 1610 1021; x_wconf 90' lang='lat' dir='ltr'>unius</span> <span class='ocrx_word' id='word_1_399' title='bbox 1630 992 1747 1020; x_wconf 87' lang='lat' dir='ltr'>mensis</span> <span class='ocrx_word' id='word_1_400' title='bbox 1760 994 1793 1020; x_wconf 85' lang='lat' dir='ltr'>et</span> <span class='ocrx_word' id='word_1_401' title='bbox 1806 991 1941 1025; x_wconf 88' lang='lat' dir='ltr'>dimidii,</span> <span class='ocrx_word' id='word_1_402' title='bbox 1956 992 2058 1020; x_wconf 88' lang='lat' dir='ltr'>dictos</span> <span class='ocrx_word' id='word_1_403' title='bbox 2072 992 2213 1030; x_wconf 88' lang='lat' dir='ltr'>quinque</span> 
     </span>
     <span class='ocr_line' id='line_1_63' title="bbox 1207 1045 2215 1083; baseline -0.001 -9"><span class='ocrx_word' id='word_1_404' title='bbox 1207 1054 1330 1074; x_wconf 87' lang='lat' dir='ltr'>menses</span> <span class='ocrx_word' id='word_1_405' title='bbox 1364 1045 1550 1074; x_wconf 88' lang='lat' dir='ltr'>immediate</span> <span class='ocrx_word' id='word_1_406' title='bbox 1578 1045 1752 1083; x_wconf 86' lang='lat' dir='ltr'>sequentis,</span> <span class='ocrx_word' id='word_1_407' title='bbox 1781 1054 1844 1083; x_wconf 91' lang='lat' dir='ltr'>quo</span> <span class='ocrx_word' id='word_1_408' title='bbox 1872 1053 1927 1082; x_wconf 85' lang='lat' dir='ltr'>per</span> <span class='ocrx_word' id='word_1_409' title='bbox 1945 1053 1977 1073; x_wconf 92' lang='lat' dir='ltr'>se</span> <span class='ocrx_word' id='word_1_410' title='bbox 1997 1045 2047 1073; x_wconf 90' lang='lat' dir='ltr'>vel</span> <span class='ocrx_word' id='word_1_411' title='bbox 2066 1054 2215 1082; x_wconf 88' lang='lat' dir='ltr'>procura-</span> 
     </span>
     <span class='ocr_line' id='line_1_64' title="bbox 1207 1097 2213 1135; baseline 0 -9"><span class='ocrx_word' id='word_1_412' title='bbox 1207 1100 1291 1127; x_wconf 88' lang='lat' dir='ltr'>tores</span> <span class='ocrx_word' id='word_1_413' title='bbox 1329 1098 1471 1135; x_wconf 87' lang='lat' dir='ltr'>ydoneos</span> <span class='ocrx_word' id='word_1_414' title='bbox 1511 1106 1584 1126; x_wconf 89' lang='lat' dir='ltr'>cum</span> <span class='ocrx_word' id='word_1_415' title='bbox 1622 1098 1771 1126; x_wconf 89' lang='lat' dir='ltr'>omnibus</span> <span class='ocrx_word' id='word_1_416' title='bbox 1809 1097 1889 1126; x_wconf 88' lang='lat' dir='ltr'>actis</span> <span class='ocrx_word' id='word_1_417' title='bbox 1930 1099 1963 1125; x_wconf 86' lang='lat' dir='ltr'>et</span> <span class='ocrx_word' id='word_1_418' title='bbox 2004 1097 2213 1126; x_wconf 73' lang='lat' dir='ltr'>munimentis</span> 
     </span>
     <span class='ocr_line' id='line_1_65' title="bbox 1207 1150 2217 1188; baseline -0.001 -9"><span class='ocrx_word' id='word_1_419' title='bbox 1207 1159 1338 1180; x_wconf 87' lang='lat' dir='ltr'>causam</span> <span class='ocrx_word' id='word_1_420' title='bbox 1360 1150 1545 1188; x_wconf 88' lang='lat' dir='ltr'>hujusmodi</span> <span class='ocrx_word' id='word_1_421' title='bbox 1568 1150 1829 1188; x_wconf 88' lang='lat' dir='ltr'>contingentibus</span> <span class='ocrx_word' id='word_1_422' title='bbox 1852 1150 2065 1188; x_wconf 84' lang='lat' dir='ltr'>peremptorie</span> <span class='ocrx_word' id='word_1_423' title='bbox 2087 1159 2217 1188; x_wconf 88' lang='lat' dir='ltr'>compa-</span> 
     </span>
     <span class='ocr_line' id='line_1_66' title="bbox 1207 1203 2218 1241; baseline -0.001 -9"><span class='ocrx_word' id='word_1_424' title='bbox 1207 1206 1300 1232; x_wconf 90' lang='lat' dir='ltr'>reant</span> <span class='ocrx_word' id='word_1_425' title='bbox 1318 1212 1425 1232; x_wconf 90' lang='lat' dir='ltr'>coram</span> <span class='ocrx_word' id='word_1_426' title='bbox 1445 1204 1547 1237; x_wconf 85' lang='lat' dir='ltr'>nobis,</span> <span class='ocrx_word' id='word_1_427' title='bbox 1567 1203 1691 1232; x_wconf 87' lang='lat' dir='ltr'>facture</span> <span class='ocrx_word' id='word_1_428' title='bbox 1709 1212 1747 1232; x_wconf 89' lang='lat' dir='ltr'>ac</span> <span class='ocrx_word' id='word_1_429' title='bbox 1766 1205 1931 1241; x_wconf 88' lang='lat' dir='ltr'>recepture</span> <span class='ocrx_word' id='word_1_430' title='bbox 1950 1212 2045 1241; x_wconf 88' lang='lat' dir='ltr'>super</span> <span class='ocrx_word' id='word_1_431' title='bbox 2058 1203 2118 1232; x_wconf 92' lang='lat' dir='ltr'>hoc</span> <span class='ocrx_word' id='word_1_432' title='bbox 2132 1203 2218 1241; x_wconf 92' lang='lat' dir='ltr'>quod</span> 
     </span>
     <span class='ocr_line' id='line_1_67' title="bbox 1209 1255 2218 1294; baseline -0.001 -9"><span class='ocrx_word' id='word_1_433' title='bbox 1209 1256 1381 1285; x_wconf 84' lang='lat' dir='ltr'>dictaverit</span> <span class='ocrx_word' id='word_1_434' title='bbox 1397 1256 1474 1285; x_wconf 84' lang='lat' dir='ltr'>ordo</span> <span class='ocrx_word' id='word_1_435' title='bbox 1490 1256 1579 1294; x_wconf 83' lang='lat' dir='ltr'>J&#39;uris.</span> <span class='ocrx_word' id='word_1_436' title='bbox 1599 1256 1692 1285; x_wconf 90' lang='lat' dir='ltr'>Diem</span> <span class='ocrx_word' id='word_1_437' title='bbox 1708 1265 1784 1285; x_wconf 87' lang='lat' dir='ltr'>vero</span> <span class='ocrx_word' id='word_1_438' title='bbox 1802 1255 1965 1285; x_wconf 86' lang='lat' dir='ltr'>citationis</span> <span class='ocrx_word' id='word_1_439' title='bbox 1982 1258 2014 1285; x_wconf 89' lang='lat' dir='ltr'>et</span> <span class='ocrx_word' id='word_1_440' title='bbox 2030 1255 2168 1285; x_wconf 86' lang='lat' dir='ltr'>formam</span> <span class='ocrx_word' id='word_1_441' title='bbox 2185 1258 2218 1285; x_wconf 87' lang='lat' dir='ltr'>et</span> 
     </span>
     <span class='ocr_line' id='line_1_68' title="bbox 1208 1309 2218 1348; baseline -0.001 -10"><span class='ocrx_word' id='word_1_442' title='bbox 1208 1309 1362 1348; x_wconf 89' lang='lat' dir='ltr'>quicquid</span> <span class='ocrx_word' id='word_1_443' title='bbox 1392 1309 1466 1338; x_wconf 88' lang='lat' dir='ltr'>inde</span> <span class='ocrx_word' id='word_1_444' title='bbox 1496 1309 1607 1338; x_wconf 80' lang='lat' dir='ltr'>seceris</span> <span class='ocrx_word' id='word_1_445' title='bbox 1638 1309 1729 1338; x_wconf 87' lang='lat' dir='ltr'>nobis</span> <span class='ocrx_word' id='word_1_446' title='bbox 1759 1318 1815 1347; x_wconf 91' lang='lat' dir='ltr'>per</span> <span class='ocrx_word' id='word_1_447' title='bbox 1845 1311 1918 1337; x_wconf 88' lang='lat' dir='ltr'>tuas</span> <span class='ocrx_word' id='word_1_448' title='bbox 1949 1309 2073 1338; x_wconf 83' lang='lat' dir='ltr'>litteras</span> <span class='ocrx_word' id='word_1_449' title='bbox 2105 1309 2218 1337; x_wconf 84' lang='lat' dir='ltr'>harum</span> 
     </span>
     <span class='ocr_line' id='line_1_69' title="bbox 1208 1361 2222 1391; baseline -0.001 0"><span class='ocrx_word' id='word_1_450' title='bbox 1208 1362 1321 1391; x_wconf 91' lang='lat' dir='ltr'>seriem</span> <span class='ocrx_word' id='word_1_451' title='bbox 1345 1362 1546 1391; x_wconf 88' lang='lat' dir='ltr'>continentes</span> <span class='ocrx_word' id='word_1_452' title='bbox 1568 1362 1699 1391; x_wconf 87' lang='lat' dir='ltr'>studeas</span> <span class='ocrx_word' id='word_1_453' title='bbox 1722 1362 1861 1390; x_wconf 76' lang='lat' dir='ltr'>fideliter</span> <span class='ocrx_word' id='word_1_454' title='bbox 1882 1361 2042 1391; x_wconf 87' lang='lat' dir='ltr'>intimare.</span> <span class='ocrx_word' id='word_1_455' title='bbox 2067 1362 2142 1391; x_wconf 92' lang='lat' dir='ltr'>Dat.</span> <span class='ocrx_word' id='word_1_456' title='bbox 2166 1362 2222 1390; x_wconf 92' lang='lat' dir='ltr'>Vi-</span> 
     </span>
     <span class='ocr_line' id='line_1_70' title="bbox 1208 1415 1969 1453; baseline -0.004 -10"><span class='ocrx_word' id='word_1_457' title='bbox 1208 1415 1313 1449; x_wconf 88' lang='lat' dir='ltr'>terbii‚</span> <span class='ocrx_word' id='word_1_458' title='bbox 1341 1415 1446 1444; x_wconf 80' lang='lat' dir='ltr'>XIIII</span> <span class='ocrx_word' id='word_1_459' title='bbox 1480 1415 1543 1444; x_wconf 88' lang='lat' dir='ltr'>kal.</span> <span class='ocrx_word' id='word_1_460' title='bbox 1578 1415 1665 1449; x_wconf 88' lang='lat' dir='ltr'>maii,</span> <span class='ocrx_word' id='word_1_461' title='bbox 1691 1423 1776 1444; x_wconf 90' lang='lat' dir='ltr'>anno</span> <span class='ocrx_word' id='word_1_462' title='bbox 1803 1416 1931 1453; x_wconf 86' lang='lat' dir='ltr'>quarto.</span> <span class='ocrx_word' id='word_1_463' title='bbox 1957 1425 1969 1441; x_wconf 86' lang='lat'>»</span> 
     </span>
    </p>
   </div>
   <div class='ocr_carea' id='block_1_12' title="bbox 1291 1578 2142 1610">
    <p class='ocr_par' dir='ltr' id='par_1_14' title="bbox 1291 1578 2142 1610">
     <span class='ocr_line' id='line_1_71' title="bbox 1291 1578 2142 1610; baseline 0 -5"><span class='ocrx_word' id='word_1_464' title='bbox 1291 1579 1378 1605; x_wconf 87' lang='lat'>2585</span> <span class='ocrx_word' id='word_1_465' title='bbox 1758 1578 1898 1610; x_wconf 87' lang='lat' dir='ltr'>Viterbe,</span> <span class='ocrx_word' id='word_1_466' title='bbox 1918 1578 1954 1605; x_wconf 86' lang='grc'>18</span> <span class='ocrx_word' id='word_1_467' title='bbox 1973 1579 2036 1605; x_wconf 90' lang='lat' dir='ltr'>mai</span> <span class='ocrx_word' id='word_1_468' title='bbox 2056 1579 2142 1605; x_wconf 85' lang='lat'>1258.</span> 
     </span>
    </p>
   </div>
   <div class='ocr_carea' id='block_1_13' title="bbox 1211 1631 2224 1824">
    <p class='ocr_par' dir='ltr' id='par_1_15' title="bbox 1211 1631 2224 1824">
     <span class='ocr_line' id='line_1_72' title="bbox 1251 1631 2224 1665; baseline 0 -6"><span class='ocrx_word' id='word_1_469' title='bbox 1251 1632 1422 1663; x_wconf 83' lang='lat' dir='ltr'>Wolfardo,</span> <span class='ocrx_word' id='word_1_470' title='bbox 1453 1632 1646 1665; x_wconf 85' lang='lat' dir='ltr'>presbytero,</span> <span class='ocrx_word' id='word_1_471' title='bbox 1677 1631 1731 1664; x_wconf 92' lang='lat' dir='ltr'>qui</span> <span class='ocrx_word' id='word_1_472' title='bbox 1761 1631 1798 1657; x_wconf 89' lang='lat' dir='ltr'>de</span> <span class='ocrx_word' id='word_1_473' title='bbox 1836 1631 1938 1657; x_wconf 92' lang='lat' dir='ltr'>soluto</span> <span class='ocrx_word' id='word_1_474' title='bbox 1977 1633 2009 1657; x_wconf 90' lang='lat' dir='ltr'>et</span> <span class='ocrx_word' id='word_1_475' title='bbox 2046 1632 2083 1658; x_wconf 92' lang='lat' dir='ltr'>de</span> <span class='ocrx_word' id='word_1_476' title='bbox 2121 1632 2224 1659; x_wconf 86' lang='lat' dir='ltr'>soluta</span> 
     </span>
     <span class='ocr_line' id='line_1_73' title="bbox 1212 1671 2224 1705; baseline 0.001 -7"><span class='ocrx_word' id='word_1_477' title='bbox 1212 1672 1344 1705; x_wconf 86' lang='lat' dir='ltr'>genitus,</span> <span class='ocrx_word' id='word_1_478' title='bbox 1373 1672 1530 1698; x_wconf 90' lang='lat' dir='ltr'>natalium</span> <span class='ocrx_word' id='word_1_479' title='bbox 1559 1671 1716 1697; x_wconf 82' lang='lat' dir='ltr'>defectum</span> <span class='ocrx_word' id='word_1_480' title='bbox 1743 1671 1923 1697; x_wconf 87' lang='lat' dir='ltr'>litterarum</span> <span class='ocrx_word' id='word_1_481' title='bbox 1951 1671 2083 1698; x_wconf 89' lang='lat' dir='ltr'>scientia</span> <span class='ocrx_word' id='word_1_482' title='bbox 2111 1673 2142 1698; x_wconf 90' lang='lat' dir='ltr'>et</span> <span class='ocrx_word' id='word_1_483' title='bbox 2170 1672 2224 1699; x_wconf 92' lang='lat' dir='ltr'>ho-</span> 
     </span>
     <span class='ocr_line' id='line_1_74' title="bbox 1211 1711 2222 1743; baseline 0 -5"><span class='ocrx_word' id='word_1_484' title='bbox 1211 1713 1308 1738; x_wconf 88' lang='lat' dir='ltr'>nestis</span> <span class='ocrx_word' id='word_1_485' title='bbox 1337 1712 1476 1738; x_wconf 90' lang='lat' dir='ltr'>moribus</span> <span class='ocrx_word' id='word_1_486' title='bbox 1505 1712 1680 1737; x_wconf 86' lang='lat' dir='ltr'>redemerat</span> <span class='ocrx_word' id='word_1_487' title='bbox 1708 1711 1850 1743; x_wconf 82' lang='lat' dir='ltr'>indulget</span> <span class='ocrx_word' id='word_1_488' title='bbox 1879 1712 1914 1736; x_wconf 86' lang='lat' dir='ltr'>ut</span> <span class='ocrx_word' id='word_1_489' title='bbox 1944 1711 2085 1737; x_wconf 81' lang='lat' dir='ltr'>defectus</span> <span class='ocrx_word' id='word_1_490' title='bbox 2113 1711 2165 1737; x_wconf 87' lang='lat' dir='ltr'>ille</span> <span class='ocrx_word' id='word_1_491' title='bbox 2194 1712 2222 1738; x_wconf 92' lang='lat' dir='ltr'>ei</span> 
     </span>
     <span class='ocr_line' id='line_1_75' title="bbox 1211 1750 2222 1785; baseline 0 -7"><span class='ocrx_word' id='word_1_492' title='bbox 1211 1752 1316 1785; x_wconf 90' lang='lat' dir='ltr'>quoad</span> <span class='ocrx_word' id='word_1_493' title='bbox 1339 1751 1527 1785; x_wconf 88' lang='lat' dir='ltr'>dignitatem</span> <span class='ocrx_word' id='word_1_494' title='bbox 1549 1750 1758 1784; x_wconf 88' lang='lat' dir='ltr'>episcopalem</span> <span class='ocrx_word' id='word_1_495' title='bbox 1780 1752 1811 1776; x_wconf 92' lang='lat' dir='ltr'>et</span> <span class='ocrx_word' id='word_1_496' title='bbox 1834 1750 2011 1784; x_wconf 86' lang='lat' dir='ltr'>spiritualia</span> <span class='ocrx_word' id='word_1_497' title='bbox 2032 1751 2139 1778; x_wconf 85' lang='lat' dir='ltr'>onmia</span> <span class='ocrx_word' id='word_1_498' title='bbox 2161 1759 2222 1778; x_wconf 92' lang='lat' dir='ltr'>non</span> 
     </span>
     <span class='ocr_line' id='line_1_76' title="bbox 1211 1790 1938 1824; baseline -0.004 -6"><span class='ocrx_word' id='word_1_499' title='bbox 1211 1792 1304 1818; x_wconf 86' lang='lat' dir='ltr'>obsit.</span> <span class='ocrx_word' id='word_1_500' title='bbox 1328 1792 1425 1824; x_wconf 64' lang='grc' dir='ltr'><strong>(ΒΕΘ.</strong></span> <span class='ocrx_word' id='word_1_501' title='bbox 1449 1791 1496 1822; x_wconf 82' lang='lat'>25,</span> <span class='ocrx_word' id='word_1_502' title='bbox 1519 1791 1540 1816; x_wconf 88' lang='lat' dir='ltr'>f.</span> <span class='ocrx_word' id='word_1_503' title='bbox 1565 1791 1633 1822; x_wconf 80' lang='lat'>141,</span> <span class='ocrx_word' id='word_1_504' title='bbox 1656 1798 1705 1816; x_wconf 87' lang='lat' dir='ltr'>an.</span> <span class='ocrx_word' id='word_1_505' title='bbox 1732 1790 1784 1821; x_wconf 86' lang='lat' dir='ltr'>IV,</span> <span class='ocrx_word' id='word_1_506' title='bbox 1807 1798 1832 1816; x_wconf 93' lang='lat' dir='ltr'>c.</span> <span class='ocrx_word' id='word_1_507' title='bbox 1858 1790 1938 1823; x_wconf 83' lang='lat'>158.)</span> 
     </span>
    </p>
   </div>
   <div class='ocr_carea' id='block_1_14' title="bbox 1210 1867 2223 2011">
    <p class='ocr_par' dir='ltr' id='par_1_16' title="bbox 1210 1867 2223 2011">
     <span class='ocr_line' id='line_1_77' title="bbox 1253 1867 2223 1906; baseline 0.003 -12"><span class='ocrx_word' id='word_1_508' title='bbox 1253 1880 1265 1895; x_wconf 87' lang='lat'>«</span> <span class='ocrx_word' id='word_1_509' title='bbox 1287 1868 1454 1906; x_wconf 61' lang='lat' dir='ltr'>Wolfcmffl,</span> <span class='ocrx_word' id='word_1_510' title='bbox 1475 1867 1652 1906; x_wconf 79' lang='lat' dir='ltr'>presbitero,</span> <span class='ocrx_word' id='word_1_511' title='bbox 1673 1867 1764 1905; x_wconf 76' lang='lat' dir='ltr'>fratri</span> <span class='ocrx_word' id='word_1_512' title='bbox 1785 1867 1963 1905; x_wconf 80' lang='lat' dir='ltr'>Hospitalis</span> <span class='ocrx_word' id='word_1_513' title='bbox 1985 1867 2095 1897; x_wconf 80' lang='lat' dir='ltr'>Sancte</span> <span class='ocrx_word' id='word_1_514' title='bbox 2116 1867 2223 1897; x_wconf 73' lang='lat' dir='ltr'>Maria</span> 
     </span>
     <span class='ocr_line' id='line_1_78' title="bbox 1214 1920 2220 1959; baseline 0 -9"><span class='ocrx_word' id='word_1_515' title='bbox 1214 1921 1480 1950; x_wconf 81' lang='lat' dir='ltr'>Theutonicorum.</span> <span class='ocrx_word' id='word_1_516' title='bbox 1533 1920 1674 1949; x_wconf 88' lang='lat' dir='ltr'>Insertus</span> <span class='ocrx_word' id='word_1_517' title='bbox 1711 1920 1793 1949; x_wconf 88' lang='lat' dir='ltr'>olive</span> <span class='ocrx_word' id='word_1_518' title='bbox 1831 1920 2018 1959; x_wconf 89' lang='lat' dir='ltr'>plerumque</span> <span class='ocrx_word' id='word_1_519' title='bbox 2055 1938 2104 1949; x_wconf 82' lang='lat'>—.</span> <span class='ocrx_word' id='word_1_520' title='bbox 2143 1921 2220 1950; x_wconf 90' lang='lat' dir='ltr'>Dat.</span> 
     </span>
     <span class='ocr_line' id='line_1_79' title="bbox 1210 1973 1964 2011; baseline -0.004 -8"><span class='ocrx_word' id='word_1_521' title='bbox 1210 1974 1357 2007; x_wconf 90' lang='lat' dir='ltr'>Viterbii‚</span> <span class='ocrx_word' id='word_1_522' title='bbox 1386 1974 1447 2003; x_wconf 89' lang='lat' dir='ltr'>XV</span> <span class='ocrx_word' id='word_1_523' title='bbox 1475 1973 1537 2003; x_wconf 89' lang='lat' dir='ltr'>kal.</span> <span class='ocrx_word' id='word_1_524' title='bbox 1564 1973 1657 2011; x_wconf 81' lang='lat' dir='ltr'>junii,</span> <span class='ocrx_word' id='word_1_525' title='bbox 1685 1981 1770 2002; x_wconf 90' lang='lat' dir='ltr'>anno</span> <span class='ocrx_word' id='word_1_526' title='bbox 1797 1975 1924 2011; x_wconf 89' lang='lat' dir='ltr'>quarto.</span> <span class='ocrx_word' id='word_1_527' title='bbox 1953 1984 1964 1999; x_wconf 67' lang='lat' dir='ltr'>n</span> 
     </span>
    </p>
   </div>
   <div class='ocr_carea' id='block_1_15' title="bbox 1289 2136 2135 2170">
    <p class='ocr_par' dir='ltr' id='par_1_17' title="bbox 1289 2136 2135 2170">
     <span class='ocr_line' id='line_1_80' title="bbox 1289 2136 2135 2170; baseline 0.001 -8"><span class='ocrx_word' id='word_1_528' title='bbox 1289 2137 1378 2163; x_wconf 83' lang='grc'>2586</span> <span class='ocrx_word' id='word_1_529' title='bbox 1756 2136 1893 2168; x_wconf 87' lang='lat' dir='ltr'>Viterbe‚</span> <span class='ocrx_word' id='word_1_530' title='bbox 1912 2137 1948 2163; x_wconf 87' lang='lat'>12</span> <span class='ocrx_word' id='word_1_531' title='bbox 1963 2137 2032 2170; x_wconf 78' lang='lat' dir='ltr'>Juin</span> <span class='ocrx_word' id='word_1_532' title='bbox 2049 2137 2135 2163; x_wconf 88' lang='lat'>1258.</span> 
     </span>
    </p>
   </div>
   <div class='ocr_carea' id='block_1_16' title="bbox 1209 2189 2217 2581">
    <p class='ocr_par' dir='ltr' id='par_1_18' title="bbox 1209 2189 2217 2581">
     <span class='ocr_line' id='line_1_81' title="bbox 1251 2189 2214 2216; baseline 0 0"><span class='ocrx_word' id='word_1_533' title='bbox 1251 2190 1429 2216; x_wconf 89' lang='lat' dir='ltr'>Primicerio</span> <span class='ocrx_word' id='word_1_534' title='bbox 1451 2189 1598 2216; x_wconf 88' lang='lat' dir='ltr'>ecclesiae</span> <span class='ocrx_word' id='word_1_535' title='bbox 1619 2189 1648 2215; x_wconf 95' lang='lat' dir='ltr'>S.</span> <span class='ocrx_word' id='word_1_536' title='bbox 1671 2189 1787 2216; x_wconf 90' lang='lat' dir='ltr'>Mariae</span> <span class='ocrx_word' id='word_1_537' title='bbox 1809 2190 1847 2215; x_wconf 92' lang='lat' dir='ltr'>de</span> <span class='ocrx_word' id='word_1_538' title='bbox 1867 2189 2008 2216; x_wconf 85' lang='lat' dir='ltr'>Venetiis</span> <span class='ocrx_word' id='word_1_539' title='bbox 2029 2190 2159 2216; x_wconf 89' lang='lat' dir='ltr'>mandat</span> <span class='ocrx_word' id='word_1_540' title='bbox 2181 2191 2214 2216; x_wconf 80' lang='lat' dir='ltr'>ul</span> 
     </span>
     <span class='ocr_line' id='line_1_82' title="bbox 1209 2229 2204 2264; baseline -0.001 -7"><span class='ocrx_word' id='word_1_541' title='bbox 1209 2230 1384 2264; x_wconf 89' lang='lat' dir='ltr'>capitulum</span> <span class='ocrx_word' id='word_1_542' title='bbox 1407 2229 1552 2256; x_wconf 86' lang='lat' dir='ltr'>ecclesiae</span> <span class='ocrx_word' id='word_1_543' title='bbox 1576 2229 1755 2261; x_wconf 89' lang='lat' dir='ltr'>Paduanae‚</span> <span class='ocrx_word' id='word_1_544' title='bbox 1779 2229 1865 2262; x_wconf 84' lang='lat' dir='ltr'>quod</span> <span class='ocrx_word' id='word_1_545' title='bbox 1888 2230 2041 2256; x_wconf 89' lang='lat' dir='ltr'>decimam</span> <span class='ocrx_word' id='word_1_546' title='bbox 2065 2230 2102 2255; x_wconf 86' lang='lat' dir='ltr'>de</span> <span class='ocrx_word' id='word_1_547' title='bbox 2116 2230 2204 2256; x_wconf 89' lang='lat' dir='ltr'>trede</span> 
     </span>
     <span class='ocr_line' id='line_1_83' title="bbox 1209 2269 2209 2302; baseline 0 -7"><span class='ocrx_word' id='word_1_548' title='bbox 1209 2270 1270 2296; x_wconf 86' lang='lat' dir='ltr'>cim</span> <span class='ocrx_word' id='word_1_549' title='bbox 1287 2270 1404 2296; x_wconf 88' lang='lat' dir='ltr'>mansis</span> <span class='ocrx_word' id='word_1_550' title='bbox 1419 2271 1520 2295; x_wconf 88' lang='lat' dir='ltr'>terrae</span> <span class='ocrx_word' id='word_1_551' title='bbox 1548 2269 1717 2295; x_wconf 89' lang='lat' dir='ltr'>Paduanae</span> <span class='ocrx_word' id='word_1_552' title='bbox 1733 2269 1860 2302; x_wconf 89' lang='lat' dir='ltr'>apriore</span> <span class='ocrx_word' id='word_1_553' title='bbox 1874 2270 1906 2295; x_wconf 88' lang='lat' dir='ltr'>et</span> <span class='ocrx_word' id='word_1_554' title='bbox 1922 2270 2080 2295; x_wconf 88' lang='lat' dir='ltr'>conventu</span> <span class='ocrx_word' id='word_1_555' title='bbox 2094 2276 2209 2296; x_wconf 82' lang='lat' dir='ltr'>monas·</span> 
     </span>
     <span class='ocr_line' id='line_1_84' title="bbox 1210 2309 2212 2342; baseline -0.002 -6"><span class='ocrx_word' id='word_1_556' title='bbox 1210 2310 1281 2336; x_wconf 90' lang='lat' dir='ltr'>terii</span> <span class='ocrx_word' id='word_1_557' title='bbox 1310 2310 1338 2336; x_wconf 92' lang='lat' dir='ltr'>S.</span> <span class='ocrx_word' id='word_1_558' title='bbox 1370 2309 1486 2335; x_wconf 90' lang='lat' dir='ltr'>Mariae</span> <span class='ocrx_word' id='word_1_559' title='bbox 1516 2309 1553 2335; x_wconf 88' lang='lat' dir='ltr'>de</span> <span class='ocrx_word' id='word_1_560' title='bbox 1583 2309 1762 2342; x_wconf 85' lang='lat' dir='ltr'>Virginibus</span> <span class='ocrx_word' id='word_1_561' title='bbox 1792 2309 1830 2335; x_wconf 90' lang='lat' dir='ltr'>de</span> <span class='ocrx_word' id='word_1_562' title='bbox 1859 2309 2009 2340; x_wconf 73' lang='lat' dir='ltr'>Venetus,</span> <span class='ocrx_word' id='word_1_563' title='bbox 2038 2309 2155 2335; x_wconf 90' lang='lat' dir='ltr'>ordinis</span> <span class='ocrx_word' id='word_1_564' title='bbox 2185 2309 2212 2336; x_wconf 87' lang='lat' dir='ltr'>S.</span> 
     </span>
     <span class='ocr_line' id='line_1_85' title="bbox 1210 2348 2216 2382; baseline 0 -7"><span class='ocrx_word' id='word_1_565' title='bbox 1210 2349 1307 2376; x_wconf 88' lang='lat' dir='ltr'>Marci</span> <span class='ocrx_word' id='word_1_566' title='bbox 1345 2348 1519 2380; x_wconf 89' lang='lat' dir='ltr'>Mantuani,</span> <span class='ocrx_word' id='word_1_567' title='bbox 1558 2348 1726 2382; x_wconf 87' lang='lat' dir='ltr'>emptionis</span> <span class='ocrx_word' id='word_1_568' title='bbox 1762 2348 1857 2374; x_wconf 86' lang='lat' dir='ltr'>titulo</span> <span class='ocrx_word' id='word_1_569' title='bbox 1896 2348 2068 2382; x_wconf 88' lang='lat' dir='ltr'>acquisitis,</span> <span class='ocrx_word' id='word_1_570' title='bbox 2107 2350 2216 2375; x_wconf 91' lang='lat' dir='ltr'>contra</span> 
     </span>
     <span class='ocr_line' id='line_1_86' title="bbox 1210 2388 2215 2422; baseline -0.001 -7"><span class='ocrx_word' id='word_1_571' title='bbox 1210 2391 1350 2415; x_wconf 87' lang='lat' dir='ltr'>tenorem</span> <span class='ocrx_word' id='word_1_572' title='bbox 1376 2388 1589 2422; x_wconf 87' lang='lat' dir='ltr'>indulgentiae</span> <span class='ocrx_word' id='word_1_573' title='bbox 1616 2388 1703 2415; x_wconf 92' lang='lat' dir='ltr'>Sedis</span> <span class='ocrx_word' id='word_1_574' title='bbox 1728 2388 1928 2421; x_wconf 85' lang='lat' dir='ltr'>Apostolicae</span> <span class='ocrx_word' id='word_1_575' title='bbox 1953 2395 2007 2422; x_wconf 91' lang='lat' dir='ltr'>per</span> <span class='ocrx_word' id='word_1_576' title='bbox 2032 2388 2215 2415; x_wconf 87' lang='lat' dir='ltr'>violentiam</span> 
     </span>
     <span class='ocr_line' id='line_1_87' title="bbox 1210 2428 2217 2462; baseline -0.001 -7"><span class='ocrx_word' id='word_1_577' title='bbox 1210 2429 1317 2462; x_wconf 85' lang='lat' dir='ltr'>exigit,</span> <span class='ocrx_word' id='word_1_578' title='bbox 1338 2429 1378 2454; x_wconf 91' lang='lat' dir='ltr'>ad</span> <span class='ocrx_word' id='word_1_579' title='bbox 1399 2428 1612 2454; x_wconf 90' lang='lat' dir='ltr'>desistendum</span> <span class='ocrx_word' id='word_1_580' title='bbox 1633 2428 1671 2454; x_wconf 90' lang='lat' dir='ltr'>ab</span> <span class='ocrx_word' id='word_1_581' title='bbox 1692 2428 1855 2454; x_wconf 78' lang='lat' dir='ltr'>exactione</span> <span class='ocrx_word' id='word_1_582' title='bbox 1873 2428 1927 2454; x_wconf 91' lang='lat' dir='ltr'>illa</span> <span class='ocrx_word' id='word_1_583' title='bbox 1946 2429 1978 2454; x_wconf 89' lang='lat' dir='ltr'>et</span> <span class='ocrx_word' id='word_1_584' title='bbox 1997 2428 2217 2454; x_wconf 90' lang='lat' dir='ltr'>molestatione</span> 
     </span>
     <span class='ocr_line' id='line_1_88' title="bbox 1210 2467 2216 2502; baseline 0 -8"><span class='ocrx_word' id='word_1_585' title='bbox 1210 2469 1351 2502; x_wconf 87' lang='lat' dir='ltr'>qualibet</span> <span class='ocrx_word' id='word_1_586' title='bbox 1365 2468 1542 2502; x_wconf 87' lang='lat' dir='ltr'>compellat,</span> <span class='ocrx_word' id='word_1_587' title='bbox 1556 2475 1663 2494; x_wconf 87' lang='lat' dir='ltr'>omnes</span> <span class='ocrx_word' id='word_1_588' title='bbox 1674 2467 1797 2494; x_wconf 83' lang='lat' dir='ltr'>litteras</span> <span class='ocrx_word' id='word_1_589' title='bbox 1810 2475 1902 2501; x_wconf 87' lang='lat' dir='ltr'>super</span> <span class='ocrx_word' id='word_1_590' title='bbox 1914 2468 1972 2493; x_wconf 89' lang='lat' dir='ltr'>hoc</span> <span class='ocrx_word' id='word_1_591' title='bbox 1984 2475 2003 2494; x_wconf 92' lang='lat' dir='ltr'>a</span> <span class='ocrx_word' id='word_1_592' title='bbox 2016 2468 2093 2494; x_wconf 89' lang='lat' dir='ltr'>Sede</span> <span class='ocrx_word' id='word_1_593' title='bbox 2106 2468 2216 2494; x_wconf 88' lang='lat' dir='ltr'>eadem</span> 
     </span>
     <span class='ocr_line' id='line_1_89' title="bbox 1210 2507 2214 2542; baseline -0.001 -8"><span class='ocrx_word' id='word_1_594' title='bbox 1210 2508 1395 2542; x_wconf 85' lang='lat' dir='ltr'>impetratas</span> <span class='ocrx_word' id='word_1_595' title='bbox 1420 2509 1451 2534; x_wconf 90' lang='lat' dir='ltr'>et</span> <span class='ocrx_word' id='word_1_596' title='bbox 1477 2515 1637 2541; x_wconf 86' lang='lat' dir='ltr'>processus</span> <span class='ocrx_word' id='word_1_597' title='bbox 1662 2515 1717 2541; x_wconf 91' lang='lat' dir='ltr'>per</span> <span class='ocrx_word' id='word_1_598' title='bbox 1742 2514 1793 2533; x_wconf 91' lang='lat' dir='ltr'>eas</span> <span class='ocrx_word' id='word_1_599' title='bbox 1819 2508 1944 2533; x_wconf 88' lang='lat' dir='ltr'>habitos</span> <span class='ocrx_word' id='word_1_600' title='bbox 1970 2515 2095 2534; x_wconf 89' lang='lat' dir='ltr'>cassans</span> <span class='ocrx_word' id='word_1_601' title='bbox 2121 2509 2152 2534; x_wconf 91' lang='lat' dir='ltr'>et</span> <span class='ocrx_word' id='word_1_602' title='bbox 2176 2507 2214 2533; x_wconf 95' lang='lat' dir='ltr'>ir-</span> 
     </span>
     <span class='ocr_line' id='line_1_90' title="bbox 1209 2547 1936 2581; baseline -0.003 -7"><span class='ocrx_word' id='word_1_603' title='bbox 1209 2548 1318 2574; x_wconf 88' lang='lat' dir='ltr'>ritans.</span> <span class='ocrx_word' id='word_1_604' title='bbox 1340 2548 1437 2581; x_wconf 75' lang='lat' dir='ltr'>(REG.</span> <span class='ocrx_word' id='word_1_605' title='bbox 1458 2547 1506 2579; x_wconf 85' lang='lat'>25,</span> <span class='ocrx_word' id='word_1_606' title='bbox 1527 2547 1548 2573; x_wconf 86' lang='lat' dir='ltr'>f.</span> <span class='ocrx_word' id='word_1_607' title='bbox 1572 2547 1638 2578; x_wconf 77' lang='lat'>141,</span> <span class='ocrx_word' id='word_1_608' title='bbox 1660 2555 1709 2573; x_wconf 89' lang='lat' dir='ltr'>an.</span> <span class='ocrx_word' id='word_1_609' title='bbox 1734 2547 1786 2579; x_wconf 91' lang='lat' dir='ltr'>IV,</span> <span class='ocrx_word' id='word_1_610' title='bbox 1807 2555 1833 2573; x_wconf 88' lang='lat' dir='ltr'>c.</span> <span class='ocrx_word' id='word_1_611' title='bbox 1856 2547 1936 2579; x_wconf 83' lang='lat'>159.)</span> 
     </span>
    </p>
   </div>
   <div class='ocr_carea' id='block_1_17' title="bbox 1252 2623 2216 2663">
    <p class='ocr_par' dir='ltr' id='par_1_19' title="bbox 1252 2623 2216 2663">
     <span class='ocr_line' id='line_1_91' title="bbox 1252 2623 2216 2663; baseline 0.001 -12"><span class='ocrx_word' id='word_1_612' title='bbox 1252 2636 1307 2659; x_wconf 91' lang='lat'><strong>«..‚</strong></span> <span class='ocrx_word' id='word_1_613' title='bbox 1343 2624 1520 2663; x_wconf 82' lang='lat' dir='ltr'>primicerio</span> <span class='ocrx_word' id='word_1_614' title='bbox 1556 2624 1675 2653; x_wconf 79' lang='lat' dir='ltr'>ecclesie</span> <span class='ocrx_word' id='word_1_615' title='bbox 1712 2623 1818 2653; x_wconf 78' lang='lat' dir='ltr'>Sancti</span> <span class='ocrx_word' id='word_1_616' title='bbox 1854 2624 1959 2653; x_wconf 79' lang='lat' dir='ltr'>Marci</span> <span class='ocrx_word' id='word_1_617' title='bbox 1995 2624 2030 2652; x_wconf 81' lang='lat' dir='ltr'>dc</span> <span class='ocrx_word' id='word_1_618' title='bbox 2070 2623 2216 2653; x_wconf 82' lang='lat' dir='ltr'>Veneliis.</span> 
     </span>
    </p>
   </div>
   <div class='ocr_carea' id='block_1_18' title="bbox 1211 2676 2217 2912">
    <p class='ocr_par' dir='ltr' id='par_1_20' title="bbox 1211 2676 2217 2912">
     <span class='ocr_line' id='line_1_92' title="bbox 1211 2676 2217 2714; baseline -0.002 -7"><span class='ocrx_word' id='word_1_619' title='bbox 1211 2678 1274 2708; x_wconf 90' lang='lat' dir='ltr'>Sua</span> <span class='ocrx_word' id='word_1_620' title='bbox 1296 2677 1387 2707; x_wconf 88' lang='lat' dir='ltr'>nobis</span> <span class='ocrx_word' id='word_1_621' title='bbox 1408 2677 1515 2706; x_wconf 87' lang='lat' dir='ltr'>dilecti</span> <span class='ocrx_word' id='word_1_622' title='bbox 1535 2694 1585 2705; x_wconf 76' lang='lat'><strong>-—-.</strong></span> <span class='ocrx_word' id='word_1_623' title='bbox 1608 2677 1683 2705; x_wconf 87' lang='lat' dir='ltr'>Dat.</span> <span class='ocrx_word' id='word_1_624' title='bbox 1706 2677 1851 2710; x_wconf 88' lang='lat' dir='ltr'>Viterbii‚</span> <span class='ocrx_word' id='word_1_625' title='bbox 1877 2677 1907 2706; x_wconf 92' lang='lat' dir='ltr'>II</span> <span class='ocrx_word' id='word_1_626' title='bbox 1928 2677 1999 2705; x_wconf 92' lang='lat' dir='ltr'>idus</span> <span class='ocrx_word' id='word_1_627' title='bbox 2019 2676 2110 2714; x_wconf 90' lang='lat' dir='ltr'>junii,</span> <span class='ocrx_word' id='word_1_628' title='bbox 2132 2685 2217 2705; x_wconf 82' lang='lat' dir='ltr'>anno</span> 
     </span>
     <span class='ocr_line' id='line_1_93' title="bbox 1211 2733 1386 2769; baseline -0.006 -10"><span class='ocrx_word' id='word_1_629' title='bbox 1211 2733 1337 2769; x_wconf 83' lang='lat' dir='ltr'>quarto.</span> <span class='ocrx_word' id='word_1_630' title='bbox 1374 2742 1386 2756; x_wconf 67' lang='lat'>&gt;1</span> 
     </span>
     <span class='ocr_line' id='line_1_94' title="bbox 1292 2879 2137 2912; baseline -0.001 -6"><span class='ocrx_word' id='word_1_631' title='bbox 1292 2880 1379 2906; x_wconf 80' lang='lat'>2587</span> <span class='ocrx_word' id='word_1_632' title='bbox 1776 2880 1913 2910; x_wconf 85' lang='lat' dir='ltr'>Vilerbe,</span> <span class='ocrx_word' id='word_1_633' title='bbox 1931 2880 1947 2906; x_wconf 91' lang='grc'><strong>5</strong></span> <span class='ocrx_word' id='word_1_634' title='bbox 1963 2879 2032 2912; x_wconf 89' lang='lat' dir='ltr'>juin</span> <span class='ocrx_word' id='word_1_635' title='bbox 2050 2879 2137 2905; x_wconf 82' lang='lat'>1258.</span> 
     </span>
    </p>
   </div>
   <div class='ocr_carea' id='block_1_19' title="bbox 1213 2932 2223 3043">
    <p class='ocr_par' dir='ltr' id='par_1_21' title="bbox 1213 2932 2223 3043">
     <span class='ocr_line' id='line_1_95' title="bbox 1253 2932 2221 2965; baseline -0.001 -6"><span class='ocrx_word' id='word_1_636' title='bbox 1253 2933 1391 2960; x_wconf 87' lang='lat' dir='ltr'>Johanni</span> <span class='ocrx_word' id='word_1_637' title='bbox 1418 2933 1456 2959; x_wconf 90' lang='lat' dir='ltr'>de</span> <span class='ocrx_word' id='word_1_638' title='bbox 1482 2933 1647 2958; x_wconf 82' lang='lat' dir='ltr'>Andcvera</span> <span class='ocrx_word' id='word_1_639' title='bbox 1673 2933 1814 2965; x_wconf 74' lang='lat' dir='ltr'>indulget</span> <span class='ocrx_word' id='word_1_640' title='bbox 1842 2934 1885 2964; x_wconf 90' lang='lat' dir='ltr'>ut,</span> <span class='ocrx_word' id='word_1_641' title='bbox 1914 2934 2037 2965; x_wconf 84' lang='lat' dir='ltr'>praeter</span> <span class='ocrx_word' id='word_1_642' title='bbox 2064 2933 2102 2958; x_wconf 88' lang='lat' dir='ltr'>de</span> <span class='ocrx_word' id='word_1_643' title='bbox 2128 2932 2221 2965; x_wconf 84' lang='lat' dir='ltr'>Wog-</span> 
     </span>
     <span class='ocr_line' id='line_1_96' title="bbox 1213 2972 2222 3006; baseline -0.002 -7"><span class='ocrx_word' id='word_1_644' title='bbox 1213 2973 1336 3006; x_wconf 81' lang='lat' dir='ltr'>gewelle</span> <span class='ocrx_word' id='word_1_645' title='bbox 1358 2974 1389 2998; x_wconf 89' lang='lat' dir='ltr'>et</span> <span class='ocrx_word' id='word_1_646' title='bbox 1412 2973 1449 2998; x_wconf 84' lang='lat' dir='ltr'>dc</span> <span class='ocrx_word' id='word_1_647' title='bbox 1473 2972 1565 2998; x_wconf 79' lang='lat' dir='ltr'>Chalc</span> <span class='ocrx_word' id='word_1_648' title='bbox 1580 2972 1733 3004; x_wconf 79' lang='lat' dir='ltr'>ecclesias,</span> <span class='ocrx_word' id='word_1_649' title='bbox 1757 2972 1942 2998; x_wconf 86' lang='lat' dir='ltr'>Exoniensis</span> <span class='ocrx_word' id='word_1_650' title='bbox 1953 2973 1983 2998; x_wconf 89' lang='lat' dir='ltr'>et</span> <span class='ocrx_word' id='word_1_651' title='bbox 1997 2972 2222 2998; x_wconf 86' lang='lat' dir='ltr'>Wintoniensis</span> 
     </span>
     <span class='ocr_line' id='line_1_97' title="bbox 1215 3011 2223 3043; baseline -0.002 -4"><span class='ocrx_word' id='word_1_652' title='bbox 1215 3013 1395 3043; x_wconf 85' lang='lat' dir='ltr'>diocesium,</span> <span class='ocrx_word' id='word_1_653' title='bbox 1430 3019 1536 3038; x_wconf 85' lang='lat' dir='ltr'>curam</span> <span class='ocrx_word' id='word_1_654' title='bbox 1570 3012 1745 3038; x_wconf 87' lang='lat' dir='ltr'>animarum</span> <span class='ocrx_word' id='word_1_655' title='bbox 1779 3012 1940 3043; x_wconf 87' lang='lat' dir='ltr'>habentes,</span> <span class='ocrx_word' id='word_1_656' title='bbox 1976 3012 2102 3038; x_wconf 89' lang='lat' dir='ltr'>unicum</span> <span class='ocrx_word' id='word_1_657' title='bbox 2136 3011 2223 3038; x_wconf 88' lang='lat' dir='ltr'>aliud</span> 
     </span>
    </p>
   </div>
  </div>
 </body>
</html>
