2477 3512
205 291 265 321 7154
924 283 1183 318 REGISTRES
1205 282 1541 317 D’ALEXANDRE
1562 282 1610 316 IV

206 407 218 422 α
240 403 366 433 cunque
389 393 478 427 alias,
503 392 667 422 occasione
682 392 834 431 ipsarum,
851 394 884 421 et
898 392 1075 421 sententias
1090 399 1216 420 excom-

207 460 219 475 «
240 446 469 477 municationis
493 446 575 475 latas
599 445 631 474 in
656 445 793 484 priorem
818 447 850 474 et
874 445 1048 474 monachos
1073 444 1216 483 predicte

209 499 371 530 «ecclesie
400 499 516 528 Sancte
545 498 652 527 Crucis
680 500 713 526 et
741 497 772 527 in
801 497 1003 535 capellanum
1032 496 1216 535 supradicte

208 565 220 579 «
242 552 371 582 ecclesie
393 550 502 581 Sancti
524 550 630 589 Egidii
651 553 684 579 et
705 550 737 579 in
760 552 913 588 patronos
935 552 967 579 et
990 549 1216 588 parrochianos

208 618 220 633 «
242 605 460 644 predictarum
497 603 701 632 ecclesiarum
739 604 855 633 Sancte
892 603 1000 632 Crucis
1037 605 1070 632 et
1107 601 1217 631 Sancti

208 671 220 685 «
239 657 355 697 Egidii,
376 657 401 686 si
422 657 462 686 ad
483 657 568 695 ipsas
587 656 776 685 accederent
796 656 836 684 ad
858 655 978 689 divina,
1000 657 1032 684 et
1053 655 1084 684 in
1105 663 1216 684 omnes

209 711 311 740 «illos
344 710 398 748 qui
430 710 516 748 apud
550 709 719 747 premissas
751 709 898 738 ecclesias
930 708 1082 746 eligerent
1113 707 1218 746 sepul-

207 776 219 791 «
241 766 330 793 turas
357 765 389 792 et
420 762 475 801 qui
502 762 617 791 darent
634 762 822 791 elemosinas
841 762 890 790 vel
916 761 1091 790 mortuaria
1110 760 1217 798 aliqua

207 828 219 843 «
241 826 298 855 pro
314 816 398 844 vivis
414 817 473 844 aut
489 815 625 844 mortuis
642 814 739 853 priori
756 817 788 843 et
805 814 947 852 capitulo
980 823 1034 843 scu
1052 813 1218 851 capellano

206 881 219 896 «
241 869 402 908 predictis,
418 870 451 897 et
465 868 519 907 qui
539 870 743 897 contractum
761 867 900 905 aliquem
919 875 991 896 cum
1009 866 1085 905 ipsis
1102 866 1218 895 inirent

206 934 219 948 «
241 924 299 951 aut
317 921 360 950 eis
379 923 561 959 prestarent
579 920 736 950 auxilium
754 920 805 949 vel
823 920 967 949 savorem
986 920 1053 949 sive
1068 919 1099 948 in
1111 919 1218 957 aliquo

206 974 518 1004 «communicarent
551 974 682 1007 eisdem,
716 973 767 1003 vel
801 973 841 1002 ad
876 973 1023 1002 ecclesias
1058 972 1218 1010 predictas

206 1039 219 1054 «
241 1027 439 1061 accederent,
457 1035 495 1056 ac
508 1026 607 1056 etiam
626 1025 790 1055 interdicti
811 1026 842 1054 in
865 1026 949 1064 ipsos
972 1025 1088 1054 Sancte
1110 1025 1218 1054 Crucis

206 1093 219 1107 «
241 1083 273 1110 et
293 1080 402 1110 Sancti
421 1079 527 1118 Egidii
545 1079 702 1113 ecclesias,
722 1081 754 1108 et
773 1078 927 1117 quicquid
945 1081 1092 1107 secutum
1111 1080 1160 1107 est
1178 1087 1218 1107 ex

206 1145 219 1161 «
240 1133 317 1172 ipsis
340 1133 539 1171 processibus
561 1135 594 1161 et
615 1131 783 1161 sententiis
806 1131 856 1160 vel
880 1131 920 1161 ob
943 1131 1028 1169 ipsos
1051 1139 1217 1169 processus

206 1198 219 1213 «
241 1189 273 1215 et
299 1185 485 1219 sententias,
513 1185 695 1214 nullatenus
730 1184 881 1218 tenuisse,
907 1193 945 1213 ac
970 1183 1031 1222 ipsi
1056 1183 1215 1222 episcopo,

206 1251 218 1266 «
241 1248 279 1268 ne
298 1238 440 1277 aliquam
458 1237 714 1276 jurisdictionem
733 1239 881 1266 exerceat
899 1236 931 1266 in
950 1236 1102 1274 predictis
1120 1236 1217 1266 eccle-

206 1304 218 1319 «
240 1292 293 1321 siis
317 1291 368 1320 vel
392 1291 424 1320 in
449 1290 592 1329 personis
616 1299 670 1319 seu
696 1289 899 1328 pertinentiis
923 1289 998 1323 suis,
1023 1291 1216 1327 perpetuum

206 1357 218 1371 «
240 1344 443 1383 imponentes
458 1343 632 1377 silentium,
648 1343 830 1372 inhibemus
846 1342 949 1371 eidem
965 1342 1114 1380 episcopo
1130 1342 1216 1380 quod

206 1409 218 1424 «
241 1398 279 1426 de
308 1399 413 1426 cetero
442 1396 518 1426 talia
547 1397 597 1425 vel
625 1396 740 1425 similia
769 1404 833 1424 non
861 1397 1048 1433 attemptet.
1077 1395 1128 1424 Ab
1157 1395 1217 1424 hiis

206 1462 218 1478 «
240 1452 350 1480 autem
372 1458 433 1488 que
454 1451 612 1487 petuntur
631 1449 663 1478 in
683 1448 789 1477 libello
810 1457 867 1486 pro
888 1448 1045 1486 expensis,
1068 1448 1217 1486 dampnis

205 1514 218 1530 «
240 1506 273 1532 et
288 1503 424 1541 injuriis,
441 1502 479 1531 de
495 1502 595 1540 ipsius
611 1501 732 1531 domini
748 1510 831 1540 pape
847 1501 1003 1530 mandato
1019 1501 1217 1531 absolvimus

206 1556 426 1595 «episcopum
464 1557 689 1584 memoratum.

248 1621 260 1636 «
285 1609 321 1638 In
344 1608 436 1646 cujus
468 1608 511 1637 rei
534 1607 757 1637 testimonium
781 1609 813 1636 et
836 1606 988 1636 memorie
1011 1606 1119 1636 future
1143 1616 1217 1636 cau-

206 1674 218 1689 «
240 1662 350 1695 telam,
367 1661 451 1690 hanc
467 1660 662 1690 sententiam
679 1660 774 1689 scribi
791 1662 823 1689 et
839 1660 997 1698 publicari
1012 1659 1146 1689 fecimus
1162 1669 1219 1699 per

206 1726 218 1742 «
241 1714 442 1744 Gifredinum
462 1714 500 1743 de
526 1713 666 1747 Vezano,
702 1713 864 1742 notarium
884 1715 1041 1747 nostrum,
1062 1722 1099 1742 ac
1126 1713 1218 1751 sigilli

206 1779 218 1795 «
240 1767 342 1798 nostri
362 1766 539 1796 munimine
554 1766 707 1796 roborari.
724 1766 807 1795 Lata
832 1765 894 1795 fuit
919 1766 976 1795 hec
1000 1766 1161 1795 sententia
1186 1766 1218 1795 in

207 1833 219 1848 «
241 1821 374 1850 civitate
387 1819 591 1854 Viterbiensi,
611 1819 643 1848 in
663 1819 759 1848 domo
774 1818 903 1848 ecclesie
914 1819 1024 1848 Sancti
1035 1819 1217 1854 Fortunati,

206 1872 443 1912 «presentibus
471 1872 708 1902 venerabilibus
737 1872 885 1911 patribus
914 1872 1044 1901 domino
1059 1872 1218 1902 Willelmo

206 1939 218 1954 «
238 1925 466 1956 Batthoniensi
494 1927 527 1954 et
553 1925 714 1960 Wellensi,
743 1928 775 1954 et
803 1925 934 1954 domino
963 1925 1123 1963 Opiczone
1150 1925 1219 1954 Tri-

205 1990 219 2006 «
241 1979 385 2018 politano
400 1978 566 2016 episcopis,
587 1978 717 2007 domino
737 1977 839 2007 Guala
859 1978 898 2007 de
916 1977 1077 2011 Vercellis,
1098 1978 1218 2008 domini

207 2041 323 2070 «pape
345 2031 481 2065 notario,
510 2031 640 2060 domino
671 2031 820 2060 ,Iohanne
849 2031 887 2060 de
915 2030 1101 2065 Camerano,
1129 2032 1219 2061 audi-

207 2097 218 2112 «
242 2088 311 2114 tore
327 2084 508 2113 litterarum
525 2084 800 2114 contradictarum
818 2083 939 2113 domini
955 2092 1047 2122 pape,
1065 2085 1219 2123 magistro

207 2150 219 2165 «
242 2138 404 2175 Raynerio
438 2138 475 2166 de
508 2137 664 2171 Viterbio,
704 2136 858 2166 canonico
892 2137 1054 2171 Remensi,
1089 2137 1219 2167 domino

208 2203 219 2217 «
239 2190 414 2223 Bonifatio,
438 2190 663 2219 archidiacono
688 2190 847 2228 Papiensi,
861 2191 893 2218 et
917 2189 1047 2219 domino
1070 2190 1219 2220 Rolando

208 2244 280 2272 «de
310 2243 465 2276 Lavania,
495 2243 720 2272 archidiacono
759 2242 955 2276 Patracensi‚
986 2242 1107 2272 domini
1136 2252 1218 2282 pape

208 2308 219 2323 «
242 2296 424 2334 capellanis,
448 2295 578 2325 domino
598 2295 747 2325 ,Iohanne
768 2295 961 2324 Leccacorro
983 2295 1021 2324 de
1043 2296 1217 2331 Placentia,

207 2360 220 2376 «
242 2349 468 2378 archidiacono
507 2348 738 2382 Colimbriensi‚
779 2348 932 2386 magistro
972 2348 1140 2378 Arditione
1181 2350 1218 2379 de

209 2414 221 2428 «
244 2402 377 2435 Comite,
418 2401 580 2439 preposito
620 2401 729 2431 Sancti
768 2401 934 2430 Laurentii
972 2401 1218 2432 Mediolanensis

209 2466 221 2481 «
245 2457 277 2484 et
318 2454 472 2492 magistro
512 2454 664 2487 Berardo,
707 2454 933 2483 archidiacono
976 2454 1218 2492 Fuliginatensi,

209 2520 221 2534 «
244 2507 416 2545 capellanis
445 2506 580 2545 predicti
608 2507 729 2535 domini
769 2506 927 2536 Ottoboni
955 2507 1134 2541 cardinalis,
1165 2508 1219 2537 do-

211 2560 332 2589 «mino
361 2559 488 2593 Pontio,
518 2560 680 2598 preposito
708 2559 876 2598 hospitalis
903 2559 1023 2588 Montis
1052 2560 1158 2594 Sinici,
1187 2563 1220 2590 et

211 2625 221 2641 ι(
244 2613 374 2643 domino
400 2612 566 2642 Leonardo
592 2613 630 2641 de
655 2612 808 2646 Venetiis,
834 2612 1012 2651 primicerio
1035 2613 1218 2648 castellano,

211 2678 222 2692 «
245 2666 383 2695 testibus
406 2666 446 2694 ad
470 2665 612 2703 predicta
636 2665 765 2703 rogatis.

252 2730 263 2745 «
286 2719 355 2757 Ego
397 2718 580 2747 Gifredinus
608 2719 646 2747 (le
674 2718 812 2751 Vezano,
840 2717 998 2756 imperiali
1025 2719 1220 2748 auctoritate

211 2782 223 2798 «
246 2771 401 2804 notarius,
425 2770 555 2800 interfui
579 2771 750 2809 prolationi
774 2771 915 2809 predicte
933 2771 1101 2805 sententie,
1126 2774 1159 2801 et
1182 2772 1221 2801 de

211 2836 223 2850 «
247 2824 404 2853 mandato
445 2824 622 2862 supradicti
665 2824 785 2853 domini
828 2824 986 2853 Ottoboni
1039 2825 1219 2858 cardinalis,

210 2887 223 2901 «
245 2876 355 2914 scripsi
374 2878 407 2905 et
426 2876 590 2914 publicavi
610 2876 717 2905 omnia
738 2876 923 2914 supradicta
944 2876 1069 2915 prolata
1090 2877 1131 2906 ab
1152 2877 1220 2915 ipso

213 2939 226 2954 «
249 2929 378 2958 domino
406 2929 559 2958 cardinali
587 2938 694 2959 coram
722 2937 773 2958 me
800 2931 833 2958 et
860 2929 999 2958 testibus
1027 2938 1064 2958 ac
1092 2929 1123 2958 in
1152 2930 1220 2959 loco

215 2992 227 3007 ι(
249 2981 411 3019 predictis.
440 2982 534 3010 Anno
563 2991 581 3011 a
610 2982 794 3011 Nativitate
824 2982 953 3012 Domini
972 2982 1016 3011 M.
1033 2982 1090 3011 CC.
1116 2982 1219 3016 LVII,

1325 389 1534 420 «indictione
1565 390 1679 428 prima,
1710 389 1849 428 septimo
1879 389 1951 419 idus
1981 388 2168 423 decembris,
2200 387 2333 428 pontifi-

1325 445 1451 472 «catus
1481 443 1626 480 ejusdem
1666 443 1787 473 domini
1816 442 1991 472 Alexandri
2021 450 2104 480 pape
2137 441 2215 476 1111,
2245 450 2332 472 anno

1325 508 1336 522 «
1358 496 1465 530 tertio,
1495 498 1528 524 et
1557 495 1685 534 proprio
1713 495 1803 534 signo
1831 495 1966 534 signavi.
1983 507 1994 521 n

1367 549 1503 578 «Nullis
1545 551 1652 578 nostre
1689 548 1944 578 confirmationis
1975 550 2036 577 etc.
2082 547 2158 577 Dat.
2197 547 2332 577 viterbii

1326 614 1337 627 κ
1363 602 1429 630 1111
1451 602 1513 631 kal.
1532 601 1682 640 januarii,
1702 609 1788 630 anno
1808 602 1934 640 quarto.
1955 612 1967 627 n

1407 833 1497 858 2⁴⁴9
1792 832 1929 864 Viterbe,
1941 832 1979 859 29
1991 832 2153 859 decembre
2165 831 2251 860 1257.

1368 894 1523 928 Episcopo
1551 895 1699 921 Perusino
1726 895 1857 921 mandat
1883 896 1918 920 ut
1944 894 2278 921 excommunicationis
2302 896 2334 921 et

1326 934 1487 961 interdicti
1512 935 1684 961 sententias
1709 942 1726 961 a
1751 934 1893 968 praefato
1919 933 2121 960 Urbevetano
2145 933 2334 968 episcopoin

1326 975 1552 1000 monasterium
1571 975 1599 1001 S.
1613 974 1717 1001 Crucis
1734 976 1766 1000 et
1783 974 1944 1000 ecclesiam
1963 973 1990 1001 S.
2011 973 2116 1007 Egidii
2141 973 2334 1000 Urbevetani

1326 1014 1448 1039 ratione
1478 1014 1619 1047 ejusdem
1659 1021 1770 1040 causae
1809 1014 1890 1040 latas
1920 1020 1982 1040 non
2022 1015 2126 1040 tenere
2157 1013 2332 1040 denuntiet.

1326 1053 1423 1086 (Rae.
1442 1053 1490 1085 25,
1507 1053 1527 1080 f.
1549 1053 1604 1080 120
1621 1057 1666 1085 v0,
1685 1061 1734 1080 an.
1756 1053 1808 1085 IV,
1826 1061 1850 1080 c.
1869 1053 1906 1079 37
1926 1053 1995 1086 bis.)

1367 1162 1379 1178 «
1398 1174 1427 1185 ..,
1447 1152 1590 1190 episcopo
1616 1151 1780 1181 Perusino.
1800 1152 1920 1181 Petitio
1945 1151 2134 1181 dilectorum
2158 1151 2333 1185 filiorum..,

1324 1204 1454 1234 abbatis
1474 1206 1507 1234 et
1527 1206 1706 1234 conventus
1727 1204 1913 1234 monasterii
1930 1204 2085 1238 Saxivivi,
2097 1203 2335 1242 Fulginatensis

1325 1258 1490 1297 quondam
1508 1257 1651 1291 diocesis,
1670 1257 1761 1287 nobis
1778 1257 1923 1287 exhibita
1941 1256 2129 1287 continebat
2146 1256 2243 1295 quod,
2260 1265 2334 1286 cum

1323 1311 1355 1340 in
1375 1319 1471 1340 causa
1491 1319 1553 1349 que
1584 1310 1668 1339 inter
1698 1310 1794 1349 ipsos,
1814 1319 1854 1339 ex
1884 1312 1976 1349 parte
1997 1308 2097 1349 [una],
2117 1312 2149 1339 et
2168 1309 2251 1339 bone
2269 1317 2335 1338 me·

1324 1363 1456 1397 morie„
1488 1363 1733 1393 Urbevetanum
1775 1363 1972 1402 episcopum,
2003 1371 2043 1392 ex
2084 1363 2195 1396 altera,
2239 1370 2336 1401 super

1323 1425 1360 1446 eo
1382 1416 1468 1455 quod
1489 1416 1574 1445 idem
1595 1416 1763 1454 episcopus
1783 1416 1815 1445 in
1836 1415 2068 1445 monasterium
2090 1414 2206 1445 Sancte
2227 1414 2335 1445 Crucis

1324 1471 1357 1499 et
1379 1469 1490 1499 Sancti
1520 1468 1626 1507 Egidii
1657 1469 1857 1498 Urbevetani
1887 1468 2051 1507 pertinens
2081 1468 2122 1497 ad
2152 1468 2238 1498 idem
2267 1477 2336 1498 mo-

1325 1521 1501 1551 nasterium
1523 1521 1639 1551 Sancte
1661 1521 1779 1556 Crucis,
1801 1524 1834 1551 et
1855 1521 1965 1551 Sancti
1986 1521 2110 1550 Nicolai
2125 1520 2258 1550 Heremi
2277 1520 2336 1550 Ju-
2367 1546 2370 1547 γ

1325 1574 1422 1609 niani,
1449 1574 1655 1604 Urbevetane
1680 1575 1824 1608 diocesis,
1850 1574 2007 1608 ecclesias,
2033 1574 2074 1603 ad
2098 1574 2184 1603 idem
2208 1582 2336 1604 monas·

1325 1628 1443 1657 terium
1466 1627 1612 1657 Saxivivi
1634 1628 1728 1666 pleno
1760 1628 1831 1666 jure
1863 1627 2046 1666 spectantia
2067 1629 2128 1656 etc.
2151 1628 2189 1656 ut
2209 1626 2242 1656 in
2262 1626 2335 1661 alia,

1324 1681 1431 1710 verbis
1463 1682 1685 1718 competenter
1715 1680 1851 1709 mutatis
1875 1689 1976 1718 usque
2000 1690 2006 1710 ε
2034 1679 2228 1709 continetur.
2255 1678 2337 1709 Cum

1324 1736 1435 1763 autem
1465 1742 1532 1767 nOS,
1563 1733 1749 1762 eorumdem
1769 1733 1899 1763 abbatis
1927 1735 1960 1762 et
1988 1735 2169 1762 conventus
2192 1731 2337 1762 Saxivivi

1324 1785 1615 1825 supplicationibus
1638 1785 1784 1815 inclinati
1807 1785 2003 1815 sententiam
2034 1785 2134 1824 ipsius
2166 1784 2337 1815 cardinalis

1323 1838 1456 1878 provide
1483 1839 1584 1868 latam
1614 1840 1720 1868 ratam
1741 1841 1774 1868 et
1795 1838 1924 1868 firmam
1946 1838 2111 1872 habentes,
2133 1846 2205 1868 eam
2225 1840 2338 1868 aucto-

1324 1892 1421 1922 ritate
1441 1891 1619 1930 apostolica
1648 1891 1834 1921 duxerimus
1855 1891 2122 1926 confirmandam,
2143 1891 2336 1921 mandamus

1325 1947 1486 1984 quatenus
1524 1944 1685 1983 predictas
1722 1944 2066 1974 excommunicationis
2102 1946 2136 1973 et
2171 1943 2337 1974 interdicti

1325 1998 1503 2028 sententias
1527 2006 1582 2036 per
1604 1999 1637 2026 te
1660 1997 1711 2026 vel
1734 2006 1790 2035 per
1812 1997 1912 2026 alium
1936 1997 2106 2026 denunties
2129 2005 2193 2026 non
2216 1998 2334 2027 tenere.

1326 2051 1402 2080 Dat.
1423 2052 1460 2080 ut
1478 2059 1585 2088 supra.
1606 2060 1618 2076 »

1405 2288 1496 2314 2450
1825 2287 1961 2319 Viterbe,
1973 2287 2011 2314 23
2021 2287 2144 2320 janvier
2166 2287 2252 2315 1258.

1365 2350 1505 2376 Johanni
1523 2350 1560 2376 de
1578 2349 1690 2375 Bamia
1708 2349 1849 2382 indulget
1869 2350 1903 2375 ut
1922 2357 1985 2375 non
2015 2349 2162 2376 obstante
2180 2349 2335 2376 natalium

1325 2390 1459 2421 defectu,
1482 2391 1684 2422 personatum
1706 2389 1755 2414 vel
1778 2389 1967 2422 (lignitatem
1989 2389 2086 2415 etiam
2106 2389 2138 2415 in
2159 2389 2267 2422 aliqua
2287 2395 2335 2416 ec-

1323 2430 1415 2456 clesia
1441 2429 1613 2455 cathedrali
1637 2428 1674 2454 dc
1700 2428 1851 2455 Hibernia
1869 2429 2010 2455 obtinere
2026 2428 2140 2455 valeat.
2167 2428 2263 2461 (Rau.
2286 2427 2334 2460 25,

1323 2469 1343 2496 f.
1370 2468 1426 2495 120
1449 2472 1495 2501 νῦ,
1519 2475 1567 2495 an.
1596 2468 1647 2499 IV,
1671 2475 1695 2494 c.
1720 2468 1782 2501 38.)

1366 2582 1377 2596 «
1405 2569 1548 2599 ,Iohanni
1576 2569 1611 2597 de
1639 2568 1765 2602 Bamia,
1795 2568 1901 2598 clerico
1930 2569 2098 2598 Fernensis
2125 2568 2264 2598 diocesis.
2297 2568 2332 2598 In

1325 2625 1434 2652 nostra
1460 2621 1657 2651 constitutus
1682 2621 1842 2659 presentia
1867 2622 2006 2651 retulisti
2031 2621 2117 2660 quod
2142 2620 2333 2651 venerabilis

1324 2675 1425 2704 frater
1453 2677 1593 2707 noster..‚
1616 2674 1785 2703 Fernensis
1807 2675 1986 2713 episcopus,
2009 2683 2104 2712 super
2125 2673 2252 2704 defectu
2275 2682 2331 2703 no-

1324 2728 1440 2757 talium
1458 2736 1553 2766 quem
1571 2727 1700 2765 pateris,
1721 2728 1758 2756 de
1776 2727 1952 2765 presbitero
1969 2727 2096 2765 genitus
2113 2729 2146 2756 et
2162 2726 2277 2760 soluta,
2295 2727 2333 2756 ut

1325 2781 1366 2810 ad
1400 2789 1509 2809 omnes
1542 2789 1647 2809 sacros
1681 2780 1807 2809 ordines
1840 2780 2021 2818 promoveri
2067 2782 2100 2808 et
2140 2778 2332 2809 beneficium

1326 2832 1586 2866 ecclesiasticum,
1615 2833 1713 2862 etiam
1742 2841 1852 2862 curam
1880 2833 2002 2862 habens
2029 2832 2220 2867 animarum,
2249 2831 2332 2862 obti-

1326 2895 1399 2915 nere
1420 2885 1539 2919 valeas,
1561 2888 1669 2914 tecum
1691 2885 1886 2915 auctoritate
1907 2885 2094 2924 apostolica,
2112 2884 2331 2919 consideratis,

1362 3002 1385 3025 1.
1405 3000 1434 3025 C.
1451 3001 1484 3025 37
1500 3015 1511 3019 -
1528 3002 1569 3026 40.
