2477 3512
948 258 1219 305 CINQUIEME
1245 258 1411 297 ΑΝΝΕΕ
2189 265 2224 298 51

127 375 185 403 «ct
217 372 384 414 capitulo,
414 375 633 414 compareret
662 382 780 404 coram
810 372 910 404 nobis
938 372 1027 404 infra
1057 382 1128 403 cer-

127 439 139 453 «
156 428 231 456 tum
254 425 454 461 terminum,
477 435 580 466 super
601 425 776 466 premissis
796 427 1008 456 sententiani
1030 425 1128 456 audi-

127 491 137 505 «
156 481 264 514 turus,
285 478 318 508 in
338 488 406 519 quo
426 478 575 509 termino
595 478 709 509 nullus
727 478 925 519 comparuit
944 487 1005 518 pro
1025 477 1127 508 dictis

127 531 286 562 «decano
307 533 340 561 et
362 530 517 571 capitulo
538 540 656 562 coram
678 530 788 566 nobis,
811 530 905 561 (licto
928 530 1031 561 Petro
1052 539 1129 571 pre-

127 586 251 614 «sente
282 586 315 614 et
349 583 563 614 sententiam
595 593 675 614 euin
707 583 878 614 instantia
910 582 1125 624 postulante,

127 646 217 667 «nos
236 636 352 677 igitur,
374 636 457 667 visis
477 639 510 667 et
532 636 663 667 auditis
683 639 715 667 et
739 636 922 677 diligenter
942 635 1127 667 intellectis

127 688 398 720 «instrumentis
421 691 455 720 et
480 689 677 720 rationibus
701 688 849 730 predicti
875 688 979 724 Petri,
1005 689 1127 720 habito

127 754 138 769 «
153 741 298 773 concilio
322 741 526 782 peritorum,
551 751 590 773 ae
614 741 795 772 nobiscum
820 741 976 781 diligenti
1000 741 1128 773 delibe-

128 807 139 821 21
155 794 291 826 ratione
313 794 509 836 prehabita‚
541 794 667 825 Christi
691 794 830 825 nomine
852 794 1028 830 invocato,
1053 805 1128 836 pre-

127 847 329 878 «dictorum
365 847 488 878 decani
523 850 558 878 et
593 847 738 888 capituli
774 847 971 878 absentiam
1008 848 1126 879 divina

126 899 308 941 «replente
333 900 518 941 presentia,
545 900 719 941 predictos
743 900 972 931 canonicatus
994 903 1027 931 et
1053 910 1128 942 pre-

126 966 137 979 «
154 953 306 984 bendam
321 962 399 984 cum
415 952 485 983 suis
501 944 1014 994 presiimoniis'sententialiter
1028 954 1128 994 adju-

126 1005 310 1036 «dicamus
342 1005 445 1036 Petro
478 1005 614 1046 prefato
645 1008 678 1036 ct
711 1006 753 1037 ad
786 1016 865 1037 eum
897 1009 1054 1047 spectare
1087 1007 1127 1038 de

126 1058 227 1098 «jure
254 1058 482 1094 decernimus,
510 1058 747 1099 predictorum
775 1059 896 1090 decani
922 1062 954 1090 et
982 1059 1128 1100 capituli

125 1110 425 1152 «appellationem
449 1110 611 1142 frivolam
635 1114 855 1153 reputantes.
874 1111 1129 1144 Nicbilominus

126 1178 136 1191 «⁴
154 1164 372 1195 decernimus
395 1164 508 1195 dictos
531 1165 703 1195 decanum
726 1168 757 1195 et
783 1165 969 1196 canonicos
991 1176 1010 1197 a
1033 1166 1128 1197 dicto

126 1217 283 1248 «abbate
304 1217 629 1248 excommunicatos
650 1228 759 1258 usque
785 1218 828 1249 ad
850 1218 1127 1250 satisfactionem

126 1282 137 1294 τ’
152 1270 364 1310 condignam
398 1270 753 1307 (excommunicatos)
788 1270 925 1312 publice
960 1271 1126 1309 nuntiari,

125 1323 293 1354 «eosdem
326 1323 499 1354 decanum
531 1326 567 1354 et
599 1323 795 1364 capitulum
828 1324 922 1365 quod
956 1324 1060 1356 Petro
1093 1325 1127 1356 in

127 1376 404 1417 «quinquiginta
435 1375 677 1413 Marabotinis,
711 1377 851 1408 nomine
882 1387 1127 1418 expensarum,

129 1431 191 1460 «et
222 1431 343 1460 nostra
375 1429 560 1460 taxatione
591 1432 627 1460 et
657 1429 860 1470 juramento
892 1430 1001 1471 ipsius
1033 1430 1129 1461 Petri

128 1481 359 1520 «prehabitis,
388 1481 635 1513 nichilominus
661 1482 975 1523 condempnantes.
1007 1483 1043 1514 In
1072 1493 1129 1514 cu—

128 1534 210 1575 «jus
236 1534 283 1566 rei
307 1534 551 1566 testimonium
578 1537 776 1576 presentem
802 1536 1016 1567 sententiam
1050 1536 1131 1567 seci—

127 1597 232 1619 «mus
271 1587 381 1618 nostri
419 1587 519 1628 sigilli
558 1588 752 1619 munimine
791 1588 957 1625 roborari,
997 1592 1032 1620 et
1071 1599 1131 1630 per

128 1654 138 1667 a
157 1641 381 1677 Iiiccardum,
407 1640 585 1672 notarium
610 1641 886 1682 infrascriptum,
912 1642 1131 1683 precepimus

129 1707 139 1718 ω
157 1693 340 1735 publicari.
370 1693 459 1724 Lata
487 1693 555 1724 fuit
582 1694 643 1725 hec
671 1695 848 1725 sententia
877 1695 949 1726 sive
978 1705 1132 1736 pronun-

130 1747 245 1778 «tiata
284 1746 317 1777 in
356 1746 508 1787 bospitio
547 1749 678 1783 nostro,
706 1747 926 1788 presentibus
963 1749 1131 1789 magistro

129 1813 139 1827 ι(
157 1800 300 1831 Nicolao
325 1800 366 1830 de
392 1800 505 1831 Ponta
530 1800 628 1836 Arce,
655 1800 787 1831 domini
823 1810 914 1842 pape
938 1801 1130 1843 capellan03

127 1852 323 1894 «magistro
350 1852 489 1884 Simone
515 1853 556 1884 de
582 1853 748 1889 Cravaco,
775 1853 943 1895 magistro
968 1854 1131 1886 ,Iohanne

127 1906 196 1937 «de
219 1905 355 1946 Bregia‚
382 1905 550 1947 magistro
578 1906 722 1937 Nicolao
748 1906 842 1937 dicto
869 1907 1016 1938 (Iolardo
1043 1908 1132 1939 Pan-

129 1972 140 1987 «
155 1959 273 1997 zardo,
295 1958 458 1990 Johanne
479 1958 574 1990 Petri
594 1959 745 2000 plebano
766 1960 807 1991 de
830 1959 979 1997 Picessio,
1001 1963 1037 1992 et
1057 1961 1132 1992 aliis

129 2011 316 2054 «pluribus
336 2011 488 2043 testibus
510 2012 554 2043 ad
576 2011 639 2044 hec
660 2012 797 2044 vocatis
818 2015 853 2044 et
874 2013 1016 2054 rogatis,
1040 2023 1132 2045 anno

129 2064 299 2097 «Domini
335 2074 355 2096 a
392 2064 592 2096 Nativitate
629 2065 819 2102 MCCLIX,
857 2065 1047 2098 indictione
1083 2077 1133 2098 se-

130 2118 283 2154 «cunda,
324 2117 379 2148 die
418 2117 563 2149 XXVII
603 2118 730 2149 mensis
770 2118 861 2155 maii,
903 2119 1133 2160 pontificatus

129 2170 261 2202 domini
287 2170 477 2202 Alexandri
504 2180 593 2212 pape
624 2171 738 2202 11111.

176 2237 186 2250 τ’
212 2223 257 2254 Et
282 2231 344 2264 ego
371 2223 573 2259 Riccardus,
600 2224 813 2255 auctoritate
839 2224 1008 2266 imperiali
1035 2228 1134 2257 nota-

132 2289 142 2304 υ
159 2277 240 2313 rius,
270 2276 348 2307 huic
378 2276 565 2317 prolationi
594 2276 738 2308 interfui
766 2280 802 2308 ct
830 2278 871 2309 (le
900 2279 1071 2309 mandato
1099 2282 1134 2309 et

130 2329 372 2361 «auctoritate
405 2329 552 2371 predicti
585 2330 744 2371 magistri
777 2330 915 2362 Andrec
948 2331 1067 2372 scripsi
1099 2335 1134 2363 et

131 2382 335 2424 «publicavi
363 2382 519 2423 predicta
545 2385 696 2423 regatus.
725 2396 737 2410 »

177 2435 270 2466 Nulli
295 2438 411 2466 nostre
433 2435 712 2467 confirmationis
734 2439 799 2467 etc.
839 2437 922 2468 Dat.
964 2438 1133 2478 Anagnie,

131 2488 204 2520 xil
230 2488 298 2520 kal.
321 2488 408 2529 julii,
434 2498 527 2519 anno
551 2489 689 2530 quinto.
715 2502 727 2517 »

210 2656 299 2683 2912
658 2660 791 2694 Anagni,
815 2661 853 2687 20
874 2661 942 2695 juin
967 2662 1053 2689 1259.

173 2709 329 2743 Magistris
360 2711 497 2743 Garsiac,
533 2712 763 2745 archidiacono,
799 2716 831 2741 et
866 2715 1005 2742 'rhomae
1042 2716 1136 2747 Petri,

133 2755 282 2781 canonico
311 2755 560 2788 zamorensibus,
589 2758 721 2784 mandat
749 2760 784 2784 ut
812 2759 986 2792 predictam
1014 2762 1137 2787 senten-

134 2798 212 2824 tiam
248 2799 351 2825 debite
387 2800 546 2826 excutioni
581 2801 764 2828 demandari
799 2805 908 2830 curent
945 2804 1051 2836 .(REG.
1088 2805 1136 2835 25,

135 2842 156 2869 f.
178 2842 246 2873 212,
269 2850 318 2869 an.
341 2843 378 2875 V,
400 2844 457 2870 sub
480 2845 587 2871 eodem
610 2853 634 2871 c.
660 2846 740 2879 147.)

165 2951 187 2971 1.
206 2951 313 2974 L'annee
327 2954 361 2975 du
376 2956 509 2980 pontificat
524 2957 587 2977 n'est
603 2963 647 2982 pas
662 2957 777 2983 indiquee
790 2964 796 2982 ;
820 2959 882 2979 mals
897 2960 962 2979 cette
977 2959 1036 2979 date
1050 2964 1141 2979 con-es-

133 2987 201 3011 pond
214 2991 230 3013 ἡ
243 2990 292 3012 l'an
307 2992 336 3012 V.

1276 384 1287 398 α
1309 370 1494 412 ΛΙαῃίεἰῑὶε
1515 371 1641 408 Garsie,
1660 371 1906 408 archidiacono,
1930 373 1957 402 el
1982 372 2104 402 Thome
2126 371 2229 408 Petri,

1231 424 1392 455 canonico
1431 424 1706 456 Zumorensibus.
1748 424 1876 454 Petitio
1917 424 2034 455 dilecti
2074 424 2134 455 filii
2175 443 2229 456 ψ.

1231 477 1314 508 Dat.
1341 480 1377 508 ut
1403 486 1520 518 supra.
1546 490 1558 505 »

1309 619 1397 645 2913
1718 617 1852 651 Anagni,
1876 617 1912 644 12
1934 617 2036 650 juillet
2060 617 2146 644 1259.

1272 672 1410 699 Johanni
1440 672 1591 705 Anajarii‚
1623 672 1662 698 ad
1683 670 1944 704 supplicationem
1965 670 2100 704 episcopi
2121 670 2219 698 Caesa-

1231 717 1414 750 raugustani
1450 716 1591 749 indulget
1626 717 1673 746 ut,
1709 716 1833 749 praeter
1868 715 2020 748 capellam
2057 715 2085 741 S.
2123 715 2231 742 Teclae

1231 761 1427 792 valentinae,
1449 760 1498 786 cui
1520 767 1593 786 cura
1615 767 1677 785 non
1699 758 1842 785 imminet
1864 759 2051 790 animarum,
2073 760 2104 785 et
2126 766 2234 793 perpe-

1230 808 1318 832 tuam
1336 805 1485 831 vicariam
1503 803 1647 830 ecclesiae
1665 804 1702 829 de
1718 803 1892 834 Tamarico‚
1913 803 2074 829 Ilerdensis
2093 803 2232 836 diocesis,

1230 857 1337 877 curam
1372 849 1548 876 animarum
1582 848 1763 878 habentem,
1797 846 1896 880 possit
1930 847 1990 873 alia
2024 847 2232 873 ecclesiastica

1230 893 1383 921 beneficia
1409 893 1521 927 quibus
1547 899 1621 918 cura
1647 899 1708 917 non
1734 891 1897 917 immineat
1922 891 2108 922 animarum,
2135 898 2233 924 usque

1231 939 1271 965 ad
1296 945 1452 964 summam
1488 937 1725 970 quinquagenta
1750 942 1926 961 marcarum
1961 935 2081 967 argenti
2105 935 2136 961 in
2162 935 2232 961 His-

1230 983 1325 1017 pania
1359 981 1505 1015 recipere,
1540 988 1603 1007 non
1638 980 1787 1006 obstante
1821 979 2046 1005 constitutione
2081 986 2099 1005 a
2134 979 2234 1005 bonae

1230 1026 1398 1054 memoriae
1425 1026 1461 1052 G.
1489 1024 1652 1051 Sabinensi
1678 1023 1822 1057 episcopo
1848 1024 1926 1049 tunc
1950 1022 1982 1048 in
2007 1023 2150 1056 partibus
2177 1023 2234 1049 illis

1230 1072 1267 1098 A.
1286 1071 1372 1098 Sedis
1388 1070 1491 1103 legato
1508 1069 1603 1100 edita,
1619 1076 1673 1094 seu
1690 1068 1795 1101 aliqua
1812 1067 1871 1094 alia
1888 1067 2053 1093 contraria.
2072 1066 2166 1100 (Bao.
2185 1066 2232 1095 25.

1230 1116 1251 1142 f.
1272 1116 1329 1142 212
1348 1118 1395 1146 νῦ,
1414 1121 1464 1140 an.
1483 1114 1522 1145 V,
1540 1120 1565 1139 c.
1588 1112 1668 1145 148.)

1277 1217 1289 1232 «
1314 1202 1472 1235 Johanni
1499 1201 1675 1242 Annjarii,
1703 1200 1819 1232 rectori
1845 1199 1969 1242 capelle
1995 1200 2115 1231 Sancte
2144 1199 2236 1231 Tecle

1236 1256 1424 1289 Valentino.
1466 1255 1643 1286 Inducunt
1680 1264 1742 1285 nos
1778 1256 1837 1285 tue
1863 1272 1916 1284 —.
1944 1253 2027 1284 Dat.
2065 1253 2232 1294 Anagnie,

1235 1310 1309 1341 IIII
1332 1309 1411 1340 idus
1432 1308 1519 1349 julii,
1544 1317 1638 1339 anno
1662 1307 1798 1348 quinto.
1824 1319 1836 1334 »

1312 1450 1401 1476 2914
1746 1447 1880 1482 Anagni,
1903 1448 1920 1473 2
1942 1447 2044 1480 juillet
2068 1446 2154 1473 1259.

1274 1504 1406 1536 Rogero‚
1443 1502 1553 1529 abbati
1588 1501 1769 1528 monasterii
1806 1500 2042 1532 Glastoniensis,
2075 1499 2236 1526 Wellensis

1233 1548 1374 1579 diocesis,
1394 1548 1433 1574 ad
1453 1546 1648 1580 expedienda
1666 1545 1848 1572 monasterii
1867 1545 2003 1578 negotia,
2029 1543 2233 1571 contrahendi

1233 1594 1380 1618 mutuum
1390 1598 1488 1624 usque
1500 1591 1539 1617 ad
1549 1597 1705 1616 summam
1714 1589 1797 1616 mille
1807 1589 2051 1622 quingentorum
2059 1589 2091 1615 et
2105 1588 2235 1621 triginta

1233 1638 1265 1663 et
1285 1636 1420 1662 duarum
1441 1642 1618 1662 marcarum
1639 1633 1876 1667 Stertingorum‚
1896 1635 1928 1659 et
1957 1632 2116 1666 obligandi
2141 1632 2232 1658 credi-

1233 1681 1355 1708 toribus
1382 1687 1481 1713 usque
1508 1679 1549 1706 ad
1575 1686 1733 1705 summam
1759 1677 1939 1711 hujasmodi
1966 1684 1997 1703 se
2025 1678 2055 1703 et
2083 1677 2238 1703 monaste-

1234 1726 1315 1752 rium
1345 1724 1514 1758 omniaque
1545 1724 1629 1750 bona
1658 1722 1845 1749 facultatem
1876 1721 2029 1748 concedit.
2061 1721 2157 1754 (ΒΕΘ.
2189 1719 2235 1753 25,

1235 1770 1256 1796 1¹.
1275 1769 1333 1796 212
1351 1772 1397 1800 v0,
1417 1776 1466 1795 an.
1486 1768 1523 1800 V,
1542 1775 1567 1794 c.
1588 1767 1669 1800 149.)

1282 1872 1294 1887 «
1318 1859 1458 1899 Roqero,
1485 1857 1601 1889 abbati
1626 1856 1823 1888 monasterii
1840 1854 2097 1892 Glastoniensis‚
2109 1854 2239 1887 ordinis

1238 1911 1354 1945 Sancti
1369 1910 1551 1947 Benidicti‚
1570 1909 1746 1941 Wellensis
1761 1909 1913 1940 diocesis.
1929 1909 2017 1940 Cum
2031 1908 2121 1940 sicut
2135 1908 2170 1939 in
2185 1926 2238 1940 -.

1236 1966 1320 1997 Dat.
1340 1964 1509 2005 Anagnie,
1530 1963 1578 1994 Vl
1599 1972 1709 1994 nonas
1725 1962 1813 2003 julii,
1833 1972 1926 1993 anno
1945 1961 2082 2002 quinto.
2102 1974 2114 1989 »

1315 2101 1406 2127 2915
1788 2098 1922 2131 Anagni,
1945 2097 1962 2124 3
1986 2097 2048 2124 mai
2072 2096 2158 2123 1259.

1277 2155 1426 2188 Magistro
1457 2154 1601 2180 Andreae
1632 2153 1670 2179 de
1701 2152 1789 2184 Orto,
1820 2150 1964 2185 scriptori
1994 2157 2060 2182 suo,
2091 2149 2238 2176 canonico

1237 2198 1436 2230 Viterbiensi,
1472 2197 1580 2231 nepoti
1616 2196 1788 2228 Laurentii,
1823 2195 2041 2222 Antibarensis
2076 2193 2240 2227 archiepis·

1237 2244 1317 2278 copi,
1348 2250 1486 2270 annuam
1516 2241 1697 2276 pensionem
1727 2242 1855 2267 centum
1884 2239 2054 2266 solidorum
2084 2238 2244 2265 Turonen-

1238 2288 1318 2315 sium
1340 2294 1436 2321 quam
1457 2286 1484 2313 ei
1506 2285 1673 2318 Radulfus,
1694 2284 1877 2312 Morinensis
1898 2283 2072 2318 episcopus,
2093 2282 2125 2309 in
2153 2282 2245 2309 Nati-

1238 2333 1339 2359 vitate
1366 2330 1494 2358 Domini
1520 2329 1609 2357 annis
1635 2329 1764 2363 singulis
1789 2328 2029 2362 persolvendam
2056 2334 2138 2354 anno
2166 2326 2243 2353 1253

1238 2376 1401 2407 concessit,
1420 2375 1598 2402 confirmat.
1618 2373 1715 2407 (Rea.
1734 2373 1783 2405 25,
1802 2373 1822 2399 f.
1843 2372 1901 2398 212
1919 2375 1965 2404 v0,
1984 2379 2034 2398 an.
2053 2371 2091 2403 V,
2110 2378 2135 2398 c.
2163 2371 2242 2402 150;

1239 2421 1411 2448 PoTTuAsT
1435 2419 1556 2452 17559.)

1283 2522 1295 2538 «
1314 2509 1486 2550 Mayislro
1506 2508 1639 2540 Andrce
1658 2508 1696 2540 de
1717 2508 1804 2544 Orto,
1824 2506 1981 2548 scriptori
1999 2508 2122 2543 nostro,
2143 2515 2238 2537 cano-

1238 2563 1313 2595 nico
1345 2561 1560 2594 viterbiensi.
1589 2561 1757 2593 Provenit
1783 2571 1827 2592 ex
1852 2560 2050 2592 devotionis
2075 2578 2130 2591 ——.
2158 2559 2240 2590 Dat.

1239 2616 1408 2656 Anagnie,
1436 2615 1465 2646 V
1491 2624 1601 2646 nonas
1626 2614 1719 2651 maii,
1747 2624 1839 2645 anno
1865 2613 2001 2654 quinto.
2029 2625 2041 2640 τ)

1318 2757 1407 2783 2916
1767 2756 1901 2789 Anagni‚
1924 2756 1961 2782 27
1982 2755 2050 2788 juin
2075 2754 2160 2780 1259.

1280 2811 1308 2838 S.
1328 2810 1503 2837 Burchardi
1529 2812 1560 2837 et
1587 2810 1616 2837 S.
1645 2810 1796 2844 Stephani
1822 2809 1992 2835 abbatibus
2018 2815 2054 2834 ac
2080 2806 2239 2834 scolastico

1239 2855 1385 2882 ecclesiae
1423 2854 1506 2880 Novi
1544 2854 1726 2881 Monasterii
1764 2852 1998 2887 Herbipolensis
2036 2851 2167 2877 mandat
2206 2853 2240 2878 ut

1239 2907 1366 2926 causam
1388 2899 1470 2926 inter
1493 2898 1655 2925 Fuldensis
1677 2899 1708 2925 et
1730 2896 1958 2925 Hersfeldensis
1980 2895 2240 2922 monasteriorum

1239 2944 1372 2972 abbates
1389 2944 1566 2970 vertentem
1584 2942 1726 2969 audiant.
1764 2942 1861 2975 (REG.
1878 2941 1926 2973 25,
1944 2941 1965 2967 f.
1985 2941 2042 2966 212
2061 2944 2106 2971 v0,
2129 2946 2179 2965 an.
2204 2938 2242 2970 V,

1239 2996 1264 3015 c.
1290 2988 1369 3019 151;
1394 2987 1617 3019 RODENBERG,
1641 2988 1664 3013 t.
1692 2986 1751 3019 111,
1776 2990 1811 3012 n⁰
1834 2986 1917 3019 498.)
