2477 3512
297 268 359 297 663-
991 267 1225 298 REflis'l‘RES
1252 266 1556 300 D‘ALEXANDRE
1583 268 1623 300 [V

297 341 465 375 cous-epta,
484 334 566 374 qnod
589 340 643 365 tue
664 335 835 375 diligentie
848 336 1033 377 studi0‚per
1048 346 1141 376 quam
1155 336 1282 377 prefata
1306 336 1309 376 l
1333 340 1384 367 est
1406 343 1510 367 ratum
1529 337 1687 369 habentes
1708 344 1741 369 et
1762 339 1991 379 gratum.illud
2012 341 2207 372 auctoritate
2228 352 2321 383 apos-

299 391 449 421 1-'arensis
469 390 609 421 ccclesia
629 390 797 432 multiplex
815 393 997 434 suscepisse
1016 393 1159 423 cernitur
1177 393 1282 424 incre—

298 449 451 481 mentum,
474 446 651 487 predictam
681 448 877 489 Bergensem
904 449 1103 489 'ecclesianis
1132 449 1162 480 in
1189 449 1282 491 spiri-

297 502 434 533 tualibus
450 506 482 533 et
501 504 742 544 temporalibus,
759 508 892 536 :uictore
911 505 1055 542 Domino,
1080 505 1284 537 laudabiliter

295 559 533 599 augmentabis.
555 560 692 601 Ideoque
719 561 919 595 mandamus,
942 562 1092 601 quatinus
1104 562 1143 592 ad
1157 562 1283 603 predic-

295 622 358 646 tam
383 616 580 656 Bergensem
599 617 770 648 ecclesiam
791 617 910 658 absque
935 617 1102 659 dispendio
1119 618 1282 650 tarditatis

294 671 464 709 accedens,
489 682 585 710 geras
608 673 825 714 prudenteret
845 674 982 705 sollicite
997 685 1106 706 curam
1128 675 1211 716 ejus,
1239 675 1282 706 ita

295 728 375 768 quod
400 735 451 759 tuo
472 728 582 760 labore
603 740 638 759 ac
661 725 778 764 studio,
802 731 922 761 auxilio
943 736 1140 772 cooperante
1161 731 1280 765 divino.

296 786 325 815 in
356 785 574 825 spiritualibus
600 792 632 816 et
660 787 892 827 temporalibus
919 787 1140 830 multipliciter
1162 798 1283 830 augea-

295 849 356 871 tur.
376 842 487 872 Datum
517 842 667 875 Viterbii.
690 843 781 873 Xllll
804 844 958 875 kalendas
975 845 1181 885 septembris,
1201 855 1282 876 anno

297 897 403 928 tertio.
426 912 437 923 ·=

365 1056 467 1084 2169

873 1058 996 1087 viterbo,
1011 1058 1114 1090 2L'julll
1136 1059 1208 1083 1257.

331 1148 489 1172 (lontirmat
502 1147 679 1172 sententiam
697 1147 806 1172 apen-0
823 1147 970 1181 §.Georgii
987 1148 1022 1173 ad
1035 1148 1134 1174 vetum
1153 1151 1279 1175 Aureum

295 1195 420 1220 diacono
443 1193 583 1219 cardinali
611 1194 696 1219 latam
722 1194 748 1219 in
771 1202 868 1225 causa,
893 1203 967 1228 quae
985 1196 1063 1221 inter
1080 1195 1236 1222 Henricum
1253 1199 1281 1222 et
1306 1208 1308 1217 r

296 1242 473 1267 ottobonum
489 1242 649 1267 canonicos
669 1242 927 1275 Castnalaunenses,
942 1242 977 1269 de
994 1243 1120 1276 quadam
1137 1244 1280 1277 praeben-

295 1289 330 1315 da
360 1289 604 1315 Cathalaunensis
630 1289 781 1316 ecclesiae.
800 1291 976 1316 vertebatur.
1018 1292 1084 1317 nau.
1113 1293 1155 1319 25.
1179 1300 1203 1317 a.
1235 1292 1279 1323 ΙΙΙ,

332 1339 391 1369 581,
411 1338 427 1363 r.
451 1339 492 1363 73.

339 1443 352 1456 ιι
369 1427 680 1459 Ηθηνὶεοεκιηογυῖσο
699 1427 974 1465 Cathalcmnensz',
997 1428 1138 1471 nepoti..
1160 1427 1280 1460 Catha-

295 1484 466 1516 [aunem-is
485 1483 643 1527 episcopi.
668 1485 713 1515 Ea
734 1494 794 1525 que
808 1485 928 1526 judicio
950 1485 1001 1516 vel
1019 1485 1193 1517 concordia
1213 1490 1276 1516 etc.

296 1552 416 1582 usque:
444 1542 645 1571 con'nnuniri.
671 1542 754 1571 Sane
782 1541 896 1582 petitio
928 1546 983 1572 tua
1016 1541 1107 1572 nobis
1136 1541 1280 1573 exhibita

295 1597 492 1635 continebat⁷
515 1597 598 1638 quod
636 1608 705 1629 cuni
736 1598 810 1628 olim
843 1598 927 1628 inter
961 1604 990 1629 te
1022 1601 1055 1629 et
1086 1598 1279 1629 ottobonum

295 1655 482 1685 canonicum
518 1654 786 1685 Cathalaunensis
818 1654 955 1685 ecclesie
990 1658 1137 1696 nepotem
1170 1655 1280 1686 dilecti

296 1712 348 1742 tilii
372 1712 472 1742 nostri
494 1716 531 1742 ().
545 1711 656 1742 Sancti
677 1711 808 1742 Adriani
830 1711 954 1742 diaconi
976 1712 1160 1747 cardinalis„
1185 1722 1281 1753 super

294 1768 468 1809 prebenda,
489 1778 581 1808 quani
597 1767 753 1808 quondam
772 1768 1070 1809 P.decauusipsius
1090 1768 1232 1799 ecclesie
1249 1770 1279 1799 in

295 1836 331 1855 ca
352 1825 501 1862 obtinuit,
517 1824 644 1864 questio
666 1826 864 1863 verteretur,
879 1834 936 1855 nos
966 1825 1092 1856 denium
1124 1825 1278 1856 dilectum

296 1881 391 1912 tilium
414 1883 559 1912 nostrum
580 1882 615 1911 l’.
635 1881 746 1912 Sancti
777 1881 908 1921 Georgii
941 1881 981 1912 ad
998 1882 1116 1913 Velum
1138 1883 1280 1913 Aureum

294 1938 462 1968 diaconum
487 1937 685 1968 cardinalem
723 1937 869 1968 dedimus
897 1938 929 1968 in
968 1948 1064 1969 causa
1097 1938 1282 1980 hujusmodi

297 1993 440 2034 partibus
478 1993 672 2025 auditorem.
701 1994 764 2034 qui,
792 1994 868 2024 visis
904 1994 1081 2025 rationibus
1116 1995 1281 2036 utriusque

296 2051 398 2091 partis
421 2052 453 2081 et
468 2060 625 2081 concessa
641 2050 699 2080 sibi
718 2051 806 2091 prius
824 2061 843 2081 a
863 2050 953 2081 nobis
971 2051 1151 2089 ordinandi,
1175 2051 1283 2092 dispo-

297 2107 402 2141 nendi,
421 2106 618 2137 decernendi
628 2108 661 2138 et
674 2106 852 2137 diffiniendi
865 2117 961 2148 super
977 2108 1037 2138 boc
1052 2108 1155 2138 libera
1175 2110 1281 2149 potes-

298 2168 376 2202 tate,
399 2164 596 2205 prebendam
618 2164 719 2205 ipsam
753 2164 792 2194 ad
833 2164 1011 2205 predictum
1050 2165 1086 2197 O.
1119 2166 1282 2206 pertinere

294 2221 466 2251 declarans
486 2220 544 2251 sibi
572 2221 816 2252 sententialiter
837 2221 1032 2262 adjudicavit
1060 2223 1208 2257 eandem,
1227 2223 1281 2253 tibi

295 2288 393 2318 super
429 2288 466 2308 ea
499 2280 689 2318 perpetuum
726 2278 891 2308 silentium
941 2279 1142 2320 imponendo.
1181 2280 1282 2309 Porro

295 2334 377 2364 idem
404 2334 440 2364 P.
471 2333 644 2364 cardinalis
670 2334 783 2363 eadem
809 2335 1005 2365 auctoritate
1033 2335 1141 2366 statim
1177 2341 1210 2366 et
1243 2335 1282 2366 de

295 2389 426 2431 speciali
447 2390 597 2420 mandato
619 2392 729 2420 nostro
747 2390 951 2431 prebendam.
970 2395 1181 2432 quetuncper
1200 2402 1282 2422 mor—

297 2450 359 2477 tem
381 2446 537 2487 quondam
567 2447 685 2487 Roget-i
708 2446 786 2477 dicti
810 2446 1001 2477 Ysambrum
1028 2449 1171 2479 canonici
1197 2449 1282 2489 ejus-

294 2503 364 2533 dem
387 2503 528 2533 ecclesie
556 2512 673 2533 vacare
698 2502 1028 2544 dicebatur,alioquin
1044 2504 1152 2541 aliam,
1175 2505 1201 2535 si
1222 2515 1281 2545 qua

296 2558 410 2589 ibidem
434 2564 507 2589 tunc
527 2559 676 2594 vacabat,
694 2559 749 2589 tibi
765 2559 914 2593 contulit.
933 2565 965 2591 et
981 2560 1020 2590 de
1032 2561 1099 2601 ipsa
1116 2562 1280 2602 ramocu-

296 2617 435 2646 ratorem
471 2618 559 2646 tuum
591 2620 644 2646 tuo
671 2617 797 2646 nomine
825 2616 1005 2647 investivit.
1041 2618 1071 2647 s'i
1094 2627 1172 2647 vero
1197 2618 1281 2649 nulla

297 2675 369 2703 tunc
392 2677 526 2702 vacaret
541 2672 671 2709 ibidem,
688 2673 870 2703 reservavit
902 2673 1098 2714 prebendam
1136 2675 1280 2715 proximo

296 2730 483 2758 vacaturam
501 2728 529 2758 in
551 2728 662 2759 cadem
685 2729 825 2760 ecclesia
843 2729 898 2760 tibi
917 2729 1017 2760 libere
1035 2730 1278 2765 csmferendam,
1306 2753 1307 2759 ,

295 2783 475 2814 decernens
497 2784 521 2814 si
550 2794 644 2815 secus
676 2786 771 2816 tieret
796 2786 920 2817 irritum
947 2788 980 2816 et
1000 2786 1107 2818 inane,
1137 2792 1229 2827 prout
1250 2788 1279 2817 iu

297 2839 416 2870 litteris
438 2840 509 2870 inde
531 2841 687 2872 confectis
704 2848 738 2872 et
758 2843 856 2883 ipsius
878 2842 1031 2873 auditoris
1052 2843 1159 2883 sigillo
1181 2845 1281 2874 muni·
1307 2870 1308 2874 ,

298 2896 338 2925 tis
361 2896 482 2936 plenius
499 2897 693 2928 continetur.
707 2899 771 2929 Nos
787 2899 905 2939 itaque,
918 2899 979 2929 tuis
996 2900 1281 2940 supplicationibus

297 2951 451 2984 inclinati,
473 2953 553 2993 (fund
566 2955 737 2994 superbiis
757 2954 919 2986 abeodem
937 2955 972 2985 P.
989 2955 1143 2986 cardinali
1162 2956 1281 2987 sactum
1308 2945 1309 2952 l

1307 394 1310 446 l
1335 393 1431 424 tolica
1452 393 1678 425 confirmamus
1694 395 1901 435 etpresentis
1920 396 2032 437 scripti
2044 398 2223 438 patrocinio
2234 408 2320 429 coni-

1308 453 1309 467 *
1335 450 1507 480 munimus
1531 450 1686 481 Tenoreni
1713 451 1894 482 litterarum
1921 453 2061 493 ipsarum
2089 453 2128 483 de
2157 454 2255 484 verbo
2282 454 2319 484 :nl

1335 505 1467 536 verbum
1489 505 1693 546 presentibus
1715 507 1810 537 inseri
1832 506 2005 540 facientes,
2028 509 2080 548 qui
2096 508 2169 539 talis
2191 514 2241 539 est
2269 520 2274 541 :

2049 609 2154 642 injuin
2175 611 2248 635 1257.

1379 695 1392 706 ιι
1432 680 1553 710 Petrus
1586 680 1796 712 miseratione
1829 682 1937 714 divina
1973 683 2082 714 Sancti
2117 684 2248 723 Georgii
2282 684 2320 714 ad

1336 752 1348 761 ιι
1382 736 1497 767 Velum
1519 738 1659 767 Aureum
1679 737 1835 769 diaconus
1855 739 2042 773 cardinalis,
2067 740 2225 770 universis
2246 750 2319 781 prc-

1336 807 1349 819 ιι
1378 798 1490 823 sentes
1527 793 1656 825 litteras
1694 795 1890 836 inspecturis
1927 795 2064 827 salutem
2105 796 2134 826 in
2173 797 2317 827 Domino.

1335 863 1348 875 ιι
1381 850 1674 881 111te1·0tt‹1›l›011um
1695 856 1802 882 natum
1826 851 1938 883 nobilis
1961 853 2020 882 viri
2043 852 2161 883 domiui
2187 854 2224 882 (ὲ.
2250 853 2320 894 Spi-

1335 920 1347 931 ιι
1378 905 1460 940 nole,
1491 907 1680 938 canonicum
1703 908 1843 939 ecclesie
1865 908 2146 941 (ss'atlialaunensis.
2171 912 2320 950 nepotem

1335 976 1348 988 «
1378 963 1574 994 venerabilis
1599 965 1700 1005 patris
1723 964 1842 995 domini
1875 964 2027 996 Ottoboni
2053 966 2161 996 Sancti
2188 965 2319 996 Adriani

1335 1033 1347 1044 ιι
1377 1018 1500 1049 diaconi
1522 1019 1695 1050 cardinalis
1715 1031 1756 1051 ex
1778 1027 1869 1062 parte
1891 1032 1964 1057 una,
1980 1026 2013 1052 et
2030 1022 2202 1052 Henri‹·um
2225 1032 2320 1053 cano-

1335 1089 1347 1102 «
1373 1075 1476 1106 uicum
1497 1076 1642 1116 ejusdcm
1665 1077 1818 1115 ecclesie,
1833 1081 1985 1119 nepotem
2005 1078 2201 1109 venerabilis
2218 1079 2319 1119 patris

1334 1146 1347 1158 «
1377 1131 1497 1162 domini
1517 1132 1553 1163 P.
1577 1133 1720 1175 episcopi
1742 1133 2011 1165 Catlialaunensis
2032 1144 2072 1165 ex
2086 1135 2202 1166 altera.
2220 1145 2318 1176 super

1334 1201 1347 1214 ιι
1377 1187 1552 1229 prebenda,
1564 1198 1657 1228 quam
1667 1189 1823 1230 quondam
1834 1190 1871 1220 P.
1886 1190 1986 1231 ipsius
1995 1190 2134 1221 ecclesie
2144 1191 2320 1222 canonicus

1334 1258 1347 1269 ιι
1377 1246 1409 1275 et
1430 1244 1570 1275 decanus
1591 1245 1622 1276 in
1638 1245 1750 1277 eadem
1770 1246 1908 1277 obtinuit
1924 1247 2077 1279 ecclesia.
2097 1251 2166 1278 orta
2185 1247 2320 1278 materia

1334 1314 1346 1326 ιι
1376 1301 1728 1341 questionis,dominus
1748 1312 1829 1344 papa
1850 1313 1907 1334 nos
1927 1303 2017 1334 dedit
2042 1304 2072 1334 in
2095 1304 2163 1344 ipso
2189 1304 2318 1344 negotio

1333 1372 1346 1383 ‹-
1377 1357 1520 1398 partibus
1539 1358 1731 1390 auditorem.
1754 1359 1847 1391 Unde
1864 1370 1920 1401 pro
1940 1365 2032 1401 parte
2052 1361 2131 1391 dicti
2146 1360 2321 1391 t).libellus

1333 1428 1347 1440 «
1376 1424 1483 1445 coram
1503 1414 1595 1445 nobis
1615 1415 1741 1446 oblatus
1761 1416 1871 1447 extitit
1893 1417 1922 1446 in
1940 1417 2022 1447 lumc
2040 1416 2165 1447 modum
2189 1426 2195 1447 z

1377 1486 1390 1496 ιι
1415 1470 1529 1502 Coram
1556 1471 1646 1502 vobis
1673 1472 1849 1503 venerabili
1875 1475 1967 1514 patre
1993 1472 2119 1503 domino
2147 1473 2182 1503 Ι).
2211 1472 2321 1503 Sancti

1333 1542 1345 1553 «
1376 1529 1507 1568 Georgii
1523 1529 1562 1559 ad
1581 1528 1696 1559 Veluni
1716 1530 1857 1560 Aureum
1878 1529 2013 1560 diacono
2033 1529 2201 1565 cardinali,
2219 1529 2320 1570 parti-

1333 1598 1345 1610 ιι
1376 1583 1433 1614 bus
1446 1584 1593 1615 auditore
1609 1595 1778 1621 concesso,
1795 1586 1943 1627 proponit
1959 1585 2172 1616 Rolandusde
2182 1585 2321 1616 Lavania

1333 1655 1345 1666 ιι
1375 1641 1552 1671 avunculus
1569 1640 1721 1672 Ottoboni
1742 1642 1797 1672 tilii
1818 1642 1932 1672 nobilis
1950 1642 2007 1672 riri
2029 1642 2144 1673 domini
2167 1641 2321 1672 (luidonis

1333 1711 1345 1724 ιι
1375 1698 1521 1739 Spinole,
1536 1698 1683 1729 canonici
1695 1697 1976 1731 Cathalauuensis.
1987 1699 2114 1739 nepotis
2126 1697 2321 1729 venerabilis

1334 1768 1347 1781 ιι
1375 1754 1476 1795 patris
1490 1753 1609 1784 domini
1630 1754 1782 1786 Ottoboni
1796 1755 1905 1785 Sancti
1925 1754 2057 1785 Adriani
2079 1754 2204 1785 diaconi
2217 1754 2322 1785 cardi—

1333 1826 1346 1837 ιι
1376 1810 1470 1846 ualis,
1493 1812 1606 1841 contra
1632 1811 1806 1841 Henricum
1836 1811 2002 1849 clericum,
2033 1814 2180 1852 nepotem
2202 1810 2319 1841 domiui

1334 1881 1347 1893 ιι
1376 1866 1645 1898 Catbalaunensis
1662 1868 1803 1908 episcopi
1819 1873 1852 1898 et
1865 1871 1978 1898 contra
1990 1874 2232 1908 procuratorem
2250 1867 2321 1907 ejus

1334 1938 1347 1950 ιι
1376 1923 1570 1964 legitimum,
1594 1923 1676 1965 quod
1710 1934 1781 1954 cum
1811 1924 1917 1955 dictus
1951 1924 1989 1955 O.

1335 1995 1347 2007 «
1377 1980 1522 2012 ecclesie
1543 1980 1814 2012 Cathalaunensis
1840 1983 1873 2012 et
1898 1981 2032 2022 quedam
2067 1981 2229 2021 prebenda
2266 1990 2320 2010 va-

2026 1929 2115 1955 esset
2145 1924 2319 1954 canonicus

1336 2052 1348 2063 ιι
1373 2039 1481 2069 casset
1500 2038 1530 2068 in
1549 2038 1618 2078 ipsa
1637 2037 1777 2068 ecclesia
1794 2048 1851 2079 per
1871 2040 2007 2068 mortem
2025 2038 2062 2068 P.
2081 2036 2157 2068 olim
2174 2037 2321 2068 canonici

1336 2108 1349 2121 ·‹
1379 2099 1410 2125 et
1431 2094 1543 2124 decani
1564 2094 1710 2134 ejusdem
1732 2094 1883 2131 ecclesie,
1898 2104 1959 2134 que
1978 2094 2105 2135 dejure
2128 2094 2267 2134 pertinet
2287 2099 2320 2123 et

1336 2165 1349 2178 «
1379 2155 1504 2192 spectat
1524 2150 1562 2181 ad
1585 2151 1703 2182 dictum
1725 2151 1925 2188 canonicum,
1943 2156 2140 2181 memoratus
2162 2150 2200 2181 H.
2217 2150 2318 2192 ipsam

1337 2222 1349 2234 ιι
1379 2207 1575 2249 prebendam
1986 2206 2198 2248 prejudicium
2242 2207 2319 2238 dicti

1336 2280 1347 2290 ιι
1378 2265 1415 2296 O.
1438 2265 1584 2295 canonici
1601 2267 1635 2295 et
1650 2265 1754 2295 anime
1774 2274 1830 2295 sue
1848 2264 2024 2305 periculum
2057 2264 2156 2305 ipsam
2182 2263 2319 2304 preben-

1627 2208 1798 2248 occupavit
1840 2212 1872 2238 et
1906 2208 1937 2238 in

1336 2336 1348 2347 ιι
1377 2321 1448 2351 dam
1462 2321 1818 2362 cumsuispertinentiis
1830 2320 2164 2361 detinetoccupatam,
2175 2320 2321 2360 quamvis

1335 2392 1348 2405 ιι
1372 2378 1489 2408 nullum
1520 2377 1573 2417 jus
1608 2376 1725 2407 habeat
1752 2377 1782 2407 in
1812 2376 1938 2407 eadem.
1968 2378 2073 2413 Quare
2106 2377 2186 2417 petit
2214 2376 2320 2407 dictus

1335 2449 1347 2459 ιι
1377 2436 1580 2475 procurator,
1597 2433 1889 2474 nominepredicto,
1913 2443 1969 2474 per
1989 2433 2183 2464 sententiam
2213 2432 2320 2463 (lec-la-

1335 2505 1347 2517 «
1378 2492 1441 2521 rari
1464 2490 1658 2532 prebendam
1675 2489 1853 2530 predictam
1879 2500 1951 2520 cum
1973 2490 2039 2520 suis
2062 2489 2266 2529 pertinentiis
2287 2494 2319 2519 et

1335 2561 1348 2573 ιι
1374 2547 1501 2588 juribus
1531 2546 1569 2577 ad
1597 2546 1733 2577 eundem
1766 2546 1952 2576 canonicum
1985 2545 2117 2586 dejure
2145 2545 2317 2586 spectare¹

1335 2618 1347 2630 ιι
1375 2607 1407 2635 ct
1421 2604 1599 2644 pertinere,
1613 2602 2142 2644 etipsamcumsuispertinentiis,
2162 2601 2319 2632 [ructibus

1335 2675 1347 2686 ιι
1372 2665 1405 2691 et
1423 2661 1508 2690 omni
1534 2670 1630 2690 causa
1663 2659 1766 2690 eidem
1806 2658 1996 2699 adjudicari,
2023 2670 2059 2689 ac
2082 2657 2321 2689 sententialiter

1342 2731 1347 2740 ι
1376 2716 1606 2757 condempnari
1631 2716 1731 2756 ipsum
1754 2716 1790 2745 H.
1822 2715 1860 2745 ad
1890 2715 2129 2745 restitutionem
2156 2713 2319 2755 prebende.

1342 2788 1347 2799 ι
1377 2772 1560 2813 hujusmodi
1581 2774 1610 2803 et
1632 2772 1790 2802 l'ructmim
1813 2771 1971 2813 ejusdem,
1987 2782 2003 2801 a
2023 2776 2165 2811 tempore
2180 2780 2318 2811 occupa-

1342 2845 1346 2853 «
1376 2829 1471 2859 tionis
1492 2828 1648 2870 predicte,
1669 2839 1747 2868 quos
1772 2828 1909 2859 extimat.
1929 2827 2019 2858 annis
2035 2826 2169 2866 singulis
2189 2828 2318 2857 centuni

1343 2901 1347 2911 ι
1378 2885 1475 2916 libras
1499 2885 1743 2923 Turonensium,
1768 2888 1799 2915 ct
1819 2884 1920 2915 eidem
1950 2884 2004 2915 H..
2027 2893 2124 2923 super
2154 2883 2222 2922 ipsa
2248 2892 2320 2922 prc-

1367 2974 1386 2994 i.
1405 2971 1455 2994 Ms.
1477 2979 1480 2993 :
1499 2972 1639 3002 spectaret.
