2477 3512
185 281 244 312 776
903 273 1161 308 REGISTRES
1183 271 1519 306 D'ALEXANDRE
1539 271 1588 304 IV

184 388 326 418 tionibus
355 385 505 426 predictis
534 393 738 423 nequaquam
767 382 983 416 obstantibus,
1012 381 1193 420 procedatis

183 441 278 479 juxta
306 440 424 469 formas
452 439 516 467 suis
543 437 769 467 executoribus
796 436 934 466 traditas
961 435 994 464 in
1021 434 1192 474 premissis,

184 492 435 523 contradictores
469 493 530 520 etc.
565 490 640 519 Dat.
670 489 816 523 Viterbii,
849 488 949 518 VIIII
984 488 1046 517 kal.
1073 487 1192 520 martii,

184 555 269 576 anno
301 547 426 583 quarto.
461 556 472 569 »

262 741 351 767 2484
731 738 868 769 Viterbe,
880 738 897 764 8
910 737 1022 764 levrier
1035 737 1119 764 1258.

224 789 420 816 Sententiam
441 788 472 814 in
493 794 587 814 causa
607 788 750 813 vertente
770 787 852 813 inter
871 786 1057 819 magistrum
1078 786 1191 812 Conra—

183 830 259 856 dum
288 829 325 855 de
356 828 497 861 Friburg,
527 828 679 853 rectorem
709 826 854 853 ecclesiae
884 826 921 851 (le
950 825 1191 855 &Volvenwillen

182 868 431 896 Constantiensis
459 867 590 893 diocesis
618 868 649 892 et
677 866 866 897 Conradum,
894 865 1050 896 clericum,
1080 866 1191 891 natum

182 909 342 942 quondam
366 908 396 934 C.
421 907 573 933 Sneweiin
596 906 633 932 dc
657 905 798 937 Friburg,
822 905 941 936 militiS,
964 905 1104 938 ejusdem
1127 904 1193 930 dio-

181 949 268 980 cesus,
301 956 319 974 a
343 947 492 980 magistro
517 946 663 979 Gregorio
689 946 726 972 de
751 945 893 978 Neapoli,
917 944 1077 978 capellano
1103 950 1192 977 apos—

181 988 286 1019 tolice,
311 988 456 1014 auditore
479 986 623 1020 partibus
647 986 732 1013 dato.
757 992 812 1018 pro
837 986 954 1010 rectore
977 984 1030 1010 illo
1053 983 1191 1017 promul-

181 1029 299 1061 gatam,
322 1029 354 1053 et
376 1027 415 1053 ab
436 1026 488 1057 H.,
506 1026 593 1052 tituli
615 1026 643 1051 S
668 1025 802 1051 sabinae
825 1024 1006 1057 presbytero
1031 1023 1192 1054 cardinali,

181 1068 236 1101 qui
254 1067 499 1101 appellationem
518 1065 557 1091 ab
575 1065 672 1098 ipsius
690 1064 792 1091 clerici
810 1066 953 1090 curatore
974 1064 1046 1089 inde
1072 1064 1191 1089 factam

181 1107 333 1140 injustam
360 1106 551 1136 decreverat,
577 1104 809 1134 confirmatam,
835 1111 940 1129 rursus
966 1103 1134 1129 confirmat
1159 1104 1190 1129 et

181 1147 291 1173 abbati
315 1146 342 1173 S.
369 1145 461 1176 Galli,
485 1144 734 1171 Constantiensis
755 1143 895 1175 diocesis,
910 1143 1041 1169 mandat
1066 1144 1101 1168 ut
1124 1150 1191 1168 sen-

180 1186 298 1213 tentias
321 1184 499 1211 executioni
529 1184 654 1210 debitae
678 1183 856 1209 demandet.
881 1182 977 1216 (REG.
1003 1182 1051 1214 25,
1075 1182 1095 1209 f.
1123 1182 1189 1213 126,

182 1233 231 1253 an.
262 1225 314 1257 IV,
340 1233 364 1251 c.
392 1224 692 1256 653BERN001LL1,
713 1225 752 1249 n0
777 1222 857 1256 670).

220 1322 265 1344 «..‚
304 1309 410 1340 abbati
455 1309 562 1339 Sancti
615 1308 706 1343 Galli,
757 1308 1003 1338 Constantiensis
1049 1307 1189 1338 diocesis.

180 1363 335 1393 Exhibita
366 1362 457 1392 nobis
491 1362 597 1391 dilecti
624 1379 674 1390 —.
704 1362 780 1391 Dat.
802 1361 948 1395 Viterbii,
969 1361 1033 1390 VII
1054 1360 1126 1390 idus
1146 1360 1190 1390 fe-

180 1416 311 1450 bruarii,
335 1424 420 1445 anno
445 1417 571 1454 quarto.
597 1426 608 1441 »

263 1605 350 1632 2485
709 1605 847 1637 Viterbe,
861 1605 897 1631 19
909 1605 1022 1632 sevrier
1032 1606 1118 1634 1258.

222 1655 342 1681 Abbati
366 1654 548 1681 monasterii
594 1654 622 1681 S.
661 1654 819 1680 Dominici
842 1654 880 1680 de
904 1654 992 1686 Silos,
1017 1655 1135 1681 ordinis
1160 1656 1188 1684 S.

180 1694 354 1726 Benedicti,
364 1694 530 1727 Burgensis
541 1694 681 1725 diocesis,
693 1694 743 1720 cui
756 1701 829 1720 usus
842 1693 954 1721 mitrae
969 1701 987 1720 a
1001 1694 1078 1721 Sede
1091 1695 1191 1729 Apos—

181 1735 276 1762 tolica
295 1741 458 1761 concessus
477 1735 554 1765 erat,
573 1734 725 1767 indulget,
745 1734 785 1760 ad
805 1733 957 1760 castellae
974 1735 1054 1767 regis
1073 1736 1190 1769 suppli-

181 1775 349 1805 cationem,
377 1775 412 1800 ut
439 1774 503 1807 ipse
529 1774 561 1800 et
587 1780 778 1800 successores
804 1774 852 1799 sui
878 1773 994 1800 annulo
1021 1775 1069 1801 uti
1092 1775 1189 1802 libere

180 1814 317 1841 valeant.
337 1813 433 1847 (Bm.
454 1813 502 1845 25,
520 1813 541 1840 f.
562 1812 629 1844 126,
648 1819 697 1840 an.
720 1813 773 1844 IV,
791 1820 816 1840 c.
836 1812 912 1847 66³.)

222 1898 234 1912 «
258 1909 287 1920 ..‚
312 1885 418 1915 abbati
451 1885 631 1915 monasterii
656 1885 762 1915 Sancti
783 1885 944 1916 Dominici
967 1886 1002 1915 de
1026 1886 1118 1922 Silos,
1142 1896 1189 1916 or-

180 1938 266 1968 dinis
287 1938 394 1968 Sancti
414 1938 583 1972 Benedicti,
604 1938 777 1977 Buryensis
797 1938 937 1968 diocesis.
957 1939 1008 1968 Ad
1028 1940 1190 1970 ecclesias-

176 1991 234 2021 tici
261 1991 381 2021 decoris
408 2008 458 2019 -.
486 1991 563 2020 Dat.
590 1991 737 2026 Viterbii,
764 1991 814 2020 XI
841 1991 905 2021 kal.
933 1992 1052 2026 martii,
1104 2001 1189 2022 anno

180 2046 307 2083 quarto.
337 2055 349 2070 »

259 2225 348 2251 2486
736 2226 997 2258 Viterbe,6mars
1030 2227 1107 2254 1258

220 2265 342 2298 Rogero
358 2266 443 2292 dicto
459 2265 641 2298 Marmurm,
658 2266 818 2300 capellano
834 2273 900 2298 suo,
915 2267 1028 2293 rectori
1043 2267 1189 2294 ecclesiae

179 2305 217 2331 de
236 2305 377 2338 Kirkeby
402 2305 546 2337 Ferreris,
570 2305 777 2332 Eboracensis
799 2306 940 2338 diocesis,
969 2307 1112 2340 indulget
1142 2309 1188 2339 ut,

178 2346 303 2378 praeter
339 2345 501 2372 ecclesiam
536 2345 623 2371 illam
660 2352 768 2372 curam
805 2346 981 2372 animarum
1018 2346 1189 2373 habentem

179 2391 275 2417 quam
305 2384 438 2416 obtinet,
469 2385 573 2411 adhuc
602 2385 664 2411 duo
694 2385 756 2411 alia
785 2386 995 2412 ecclesiastica
1025 2386 1189 2418 beneficia,

178 2424 275 2450 etiam
297 2424 323 2450 si
344 2424 476 2450 similem
499 2432 606 2451 curam
628 2424 781 2451 haberent
804 2427 835 2451 et
857 2432 964 2451 eorum
987 2425 1122 2452 alterum
1144 2426 1190 2452 di-

178 2463 281 2496 gnitas
304 2463 353 2489 vel
376 2466 562 2497 personatus
585 2465 744 2496 existeret,
767 2465 902 2498 recipere
925 2466 956 2491 et
979 2466 1112 2492 retinere
1134 2473 1189 2492 va·

176 2502 249 2530 leat.
268 2503 364 2536 (REG.
383 2503 431 2534 25,
448 2503 469 2530 f.
490 2503 545 2529 126
563 2507 609 2535 νο,
627 2511 676 2531 an.
698 2504 750 2536 1V,
768 2512 792 2531 c.
811 2502 890 2537 66¹³.)

219 2604 232 2619 «
262 2592 381 2630 Roqero
412 2592 491 2622 dicto
522 2593 563 2622 M
565 2602 713 2628 armurm,
746 2593 905 2632 capellano
936 2596 1049 2629 nostro,
1082 2595 1188 2625 rectori

175 2644 296 2675 ecclesie
307 2645 342 2674 de
355 2645 387 2674 K
390 2645 494 2684 irlceby
512 2646 542 2675 F
542 2646 660 2680 erretis,
671 2646 699 2675 E
703 2646 876 2676 boracensis
885 2646 1024 2676 diocesis.
1036 2647 1188 2677 Volentes

178 2697 238 2726 tibi
251 2700 306 2727 tue
320 2715 370 2726 -.
385 2698 461 2727 Dat.
476 2698 623 2732 Viterbii,
642 2698 671 2727 II
688 2707 787 2728 nonas
801 2699 920 2733 martii,
934 2708 1019 2729 anno
1033 2702 1160 2738 quarto.
1175 2711 1188 2727 n

258 2892 345 2918 2⁴87
731 2894 868 2927 Viterbe,
880 2895 898 2922 6
909 2902 992 2922 mars
1014 2896 1099 2923 1258.

218 2940 369 2974 Magistro
403 2941 538 2969 Henrico
572 2943 610 2970 de
643 2942 792 2976 Hauec1e,
825 2944 936 2971 rectori
969 2944 1115 2971 ecclesiae
1149 2945 1186 2971 de

178 2980 353 3012 Wrotham,
372 2980 577 3009 Norwicensis
595 2982 735 3014 diocesiS,
752 2983 893 3016 indulget
906 2985 942 3010 ut
955 2985 1079 3018 praeter
1091 2984 1186 3011 eccle-

1300 383 1379 409 siam
1404 382 1491 409 illam
1518 389 1625 408 curam
1651 381 1829 408 animarum
1855 381 2025 408 habentem
2052 388 2148 416 quam
2174 382 2305 413 obtinet,

1301 422 1404 449 adhuc
1426 422 1487 448 duo
1510 422 1571 448 alia
1593 421 1802 448 ecclesiastica
1825 421 1988 453 beneficia,
2010 421 2106 448 etiam
2129 421 2155 448 si
2175 422 2308 449 similem

1300 469 1407 488 curam
1431 461 1583 488 haberent
1606 462 1637 487 et
1660 467 1767 487 eorum
1791 461 1925 487 alterum
1949 461 2086 494 dignitas
2120 461 2169 488 vel
2206 468 2309 496 perso-

1301 503 1394 528 natus
1422 501 1580 532 existeret,
1609 500 1743 534 recipere
1771 502 1802 527 et
1828 500 1962 527 retinere
1989 500 2104 527 valeat.
2133 500 2230 534 (Rea.
2258 501 2307 532 25,

1301 541 1321 567 f.
1350 540 1406 567 126
1432 544 1477 572 v0,
1503 548 1553 567 an.
1583 540 1635 572 IV,
1661 547 1687 566 c.
1713 540 1775 573 67.)

1341 638 1352 652 «
1384 626 1540 664 Maqistro
1573 625 1708 654 Henrico
1740 625 1776 654 de
1807 624 1953 658 Hauecle,
1986 625 2092 654 rectori
2125 625 2245 656 ecclesie
2272 626 2309 656 de

1300 678 1468 712 Wrotham,
1494 677 1695 707 Norvicensis
1719 677 1858 707 diocesis.
1885 677 2038 707 Volentes
2071 677 2132 707 tibi
2156 680 2212 708 tue
2245 680 2307 708 etc.

1299 741 1400 770 usque
1422 731 1454 760 in
1476 730 1575 760 finem
1597 730 1636 760 de
1658 730 1756 760 verbo
1777 730 1819 759 ad
1841 730 1986 759 verbum.
2010 741 2021 756 n

1379 927 1467 953 2488
1814 927 1951 959 Viterbe,
1963 926 2000 953 27
2012 927 2126 953 sevrier
2137 926 2223 954 1258.

1340 975 1439 1002 Priori
1471 977 1502 1002 et
1533 976 1705 1002 conventui
1736 976 1918 1002 monasterii
1951 976 1988 1002 de
2020 975 2153 1007 Lenton‚
2185 975 2309 1002 Clunia-

1299 1015 1398 1042 censis
1422 1015 1550 1047 ordinis,
1575 1015 1780 1042 Eboracensis
1805 1015 1946 1046 diocesis,
1971 1022 2041 1041 cum
2066 1016 2195 1049 propter
2217 1015 2309 1042 vehe-

1299 1055 1452 1081 mentiam
1480 1055 1602 1088 trigoris
1629 1062 1692 1081 non
1720 1056 1851 1089 possint,
1879 1055 2007 1081 hiemali
2035 1055 2203 1089 praecipue
2229 1057 2309 1082 tem-

1299 1102 1382 1128 pore,
1409 1095 1592 1128 discopertis
1617 1094 1774 1128 capitibus
1792 1095 1857 1121 sine
1879 1100 1992 1128 magno
2009 1101 2213 1128 personarum
2230 1095 2310 1128 peri-

1298 1134 1367 1161 culo
1386 1134 1501 1160 divinis
1526 1135 1640 1160 officiis
1656 1135 1814 1165 interesse,
1839 1134 1983 1161 concedit
2000 1136 2035 1160 ut
2060 1134 2162 1168 pilleis
2179 1140 2309 1168 congru-

1299 1173 1424 1200 entibus
1442 1174 1544 1200 ordini
1562 1181 1679 1205 eorum,
1696 1174 1893 1200 necessitatis
1910 1175 2052 1207 tempore
2069 1174 2101 1200 in
2117 1174 2308 1201 monasterio

1300 1215 1441 1240 utantur.
1461 1213 1557 1247 (ΗΒΕ.
1577 1213 1626 1245 25,
1644 1213 1664 1240 t'.
1685 1213 1742 1240 126
1759 1217 1805 1245 νῦ,
1825 1220 1873 1240 an.
1897 1213 1949 1245 IV,
1967 1221 1992 1240 c.
2011 1213 2073 1246 68.)

1337 1309 1382 1333 «..,
1406 1298 1505 1337 priori
1528 1300 1555 1328 et
1577 1299 1738 1328 conventui
1771 1298 1951 1328 monasterii
1973 1298 2009 1328 de
2031 1298 2159 1333 Lenton,
2178 1297 2309 1329 Clunia-

1297 1351 1397 1380 censis
1427 1352 1557 1385 ordinis,
1588 1351 1794 1381 Eboracensis
1823 1351 1963 1381 diocesis.
1994 1351 2163 1380 Virtutum
2192 1351 2307 1381 merita

1298 1404 1415 1443 quibus
1432 1422 1482 1433 —.
1501 1405 1578 1434 Dat.
1595 1404 1742 1439 Viterbii,
1763 1404 1813 1434 III
1830 1404 1894 1434 kal.
1911 1404 2030 1438 martii,
2048 1412 2133 1434 anno
2151 1406 2278 1443 quarto.
2295 1415 2308 1431 n

1377 1587 1468 1613 2489
1813 1586 1950 1618 Viterbe,
1963 1586 2000 1613 27
2012 1586 2126 1614 sevrier
2138 1587 2224 1615 1258.

1299 1635 1552 1708 ΙνΙηῐτεέἒτῖρῐίε
1574 1636 1658 1662 idem
1682 1635 1834 1662 concedit.
1860 1635 1956 1669 (Bm.
1982 1635 2031 1667 25,
2055 1636 2075 1663 f.
2102 1635 2159 1662 126
2182 1639 2229 1668 v0,
2253 1643 2302 1663 an.

1345 1696 1352 1708 ‚
1377 1683 1401 1702 e.
1469 1697 1474 1702 .

1335 1772 1379 1795 «..‚
1406 1760 1506 1799 priori
1531 1761 1557 1789 et
1579 1760 1740 1790 conventui
1756 1760 1936 1791 monasterii
1953 1759 2063 1790 Sancte
2080 1759 2247 1791 Frisiwide
2261 1760 2308 1801 (1)

1291 1813 1423 1848 Exonie,
1443 1813 1563 1842 ordinis
1584 1813 1690 1843 Sancti
1704 1812 1889 1851 Auyustini,
1900 1811 2158 1853 Linco[l]niensis
2167 1813 2307 1844 diocesis.

1294 1866 1463 1896 Virtutum
1491 1866 1606 1895 merita
1635 1866 1752 1905 quibus
1780 1874 1895 1895 vacare
1926 1866 2079 1896 dicimini
2107 1869 2168 1896 etc.
2197 1869 2235 1896 ut
2273 1867 2308 1897 in

1295 1919 1357 1949 alia
1380 1919 1418 1948 de
1439 1918 1540 1948 verbo
1561 1919 1602 1948 ad
1623 1919 1760 1948 verbum
1782 1928 1883 1958 usque
1904 1919 1937 1948 in
1958 1918 2067 1948 finem.
2090 1931 2103 1946 »

1376 2080 1470 2106 2⁴90
1815 2080 1955 2112 Viterbe,
1966 2080 2004 2107 27
2015 2080 2128 2107 sevrier
2139 2080 2226 2108 1258.

1300 2129 1552 2202 IVInirasgBiptis
1574 2128 1658 2155 idem
1681 2129 1834 2156 concedit.
1860 2128 1957 2162 (ΒΕΘ.
1983 2128 2031 2161 25,
2055 2128 2076 2156 f.
2103 2128 2160 2156 126
2182 2132 2230 2161 v0,
2254 2136 2303 2157 an.

1345 2189 1352 2201 ‚
1384 2176 1408 2196 c.
1483 2190 1488 2196 .

1337 2265 1382 2288 «..‚
1412 2253 1518 2283 abbati
1546 2254 1573 2282 et
1600 2253 1762 2282 conventui
1800 2253 1981 2283 monasterii
2011 2253 2118 2284 Sancti
2145 2253 2305 2284 Benedicti

1295 2307 1331 2336 de
1352 2306 1453 2341 Ulmo,
1469 2306 1590 2336 ordinis
1615 2306 1722 2336 Sancti
1744 2305 1914 2340 Benedicti,
1939 2306 2140 2336 Norvicensis
2175 2306 2305 2337 diocesis

1295 2359 1463 2389 Virtutum
1499 2358 1613 2388 merita
1652 2358 1770 2397 quibus
1796 2367 1912 2388 vacare
1951 2359 2093 2389 dicimini
2119 2361 2180 2389 etc.
2207 2361 2246 2389 ut
2270 2359 2304 2389 in

1295 2412 1356 2442 alia
1379 2413 1418 2442 de
1438 2412 1538 2441 verbo
1559 2412 1601 2441 ad
1622 2412 1758 2441 verbum
1779 2420 1881 2450 usque
1901 2412 1934 2441 in
1955 2411 2065 2442 finem.
2087 2423 2100 2439 »
2132 2428 2135 2429 ν

1374 2585 1458 2612 2491
1822 2584 1960 2616 Viterbe,
1972 2584 2009 2611 27
2020 2584 2134 2612 fe'vrier
2144 2584 2231 2612 1258.

1297 2633 1549 2707 IVInfrassqrgptis
1571 2633 1654 2660 idem
1679 2633 1831 2661 concedit.
1857 2633 1953 2667 (Rea.
1979 2633 2028 2665 25,
2051 2633 2072 2660 f.
2098 2632 2156 2660 126
2179 2636 2226 2665 vo,
2262 2640 2303 2660 an

1342 2694 1350 2706 ,
1375 2681 1399 2701 c.
1466 2694 1472 2700 .

1335 2770 1380 2793 «..‚
1405 2758 1505 2797 priori
1523 2759 1549 2788 et
1566 2758 1727 2787 conventui
1740 2757 1920 2788 monasterii
1937 2757 2044 2788 Sancti
2057 2757 2168 2792 Neuti,
2180 2757 2302 2788 ordinis

1294 2811 1402 2842 Sancti
1418 2811 1587 2845 Benedicti,
1616 2810 1845 2840 Lincolniensis
1856 2810 1995 2840 diocesis.
2007 2810 2174 2840 Virtutum
2185 2810 2300 2841 merita

1293 2864 1411 2903 quibus
1425 2866 1486 2893 etc.
1508 2866 1545 2893 ut
1566 2863 1599 2893 in
1620 2863 1682 2893 alia
1704 2872 1805 2902 usque
1825 2863 1858 2893 in
1878 2862 1989 2892 finem.
2011 2874 2024 2890 n

1329 2954 1353 2978 1.
1373 2953 1412 2978 La
1431 2956 1496 2978 note
1516 2955 1583 2978 mise
1601 2959 1635 2977 en
1655 2958 1747 2983 mai-ge
1775 2955 1855 2982 porte
1875 2960 1881 2977 :
1910 2953 2005 2976 Sancte
2033 2952 2191 2976 Fridelwide
2220 2954 2301 2982 (e‘est

1294 2989 1389 3014 Sainte
1404 2988 1581 3019 Fridesfflde,
1603 2989 1620 3013 ὲ
1641 2988 1768 3017 Oxi-ord).
