2477 3512
208 278 268 309 792
930 276 1188 310 REGISTRES
1211 276 1547 310 D’ALEXANDRE
1567 278 1615 310 1v

290 387 372 412 2541
750 386 892 418 Viterbe,
907 387 941 413 11
957 386 1021 413 mai
1038 386 1126 413 1258.

254 435 483 462 Intimantibus
503 435 668 461 abbatissa
687 437 717 461 et
737 437 899 461 conventu
919 434 948 461 S.
969 435 1087 462 Mariae
1107 435 1218 461 Novae

211 475 250 501 de
266 475 390 501 Collazo
407 474 665 508 Montismllsani,
689 475 810 500 ordinis
832 475 861 500 S.
880 475 1041 506 Damiani,
1063 475 1216 501 Aretinae

209 515 353 545 diocesis,
377 515 463 547 quod
486 514 683 540 constructio
707 515 892 540 monasterii
916 514 1051 547 alicujus
1074 514 1106 540 in
1129 515 1218 540 terri-

210 554 294 580 torio
343 551 437 580 castri
475 553 734 587 Montispulsani,
771 554 945 580 secundum
981 554 1107 580 litteras
1143 554 1218 580 Gre-

209 593 324 626 goriae,
350 593 532 619 abbatissae
557 593 742 619 monasterii
767 593 962 624 Grossetani,
979 600 995 619 a
1018 594 1096 619 Sede
1117 594 1217 627 Apos-

208 633 306 659 tolica
325 640 500 663 concessas,
521 639 672 665 magnum
693 633 768 666 ipsis
788 635 952 665 generaret
973 633 1217 666 praejudicium,

208 673 341 698 mandat
362 672 498 705 plebano
517 673 555 698 de
574 673 744 703 Clanzano,
765 673 910 699 Clusinae
930 673 1073 703 diocesis,
1092 680 1131 698 ne
1150 680 1217 706 per-

208 712 319 738 mittat
360 714 396 738 ut
434 712 665 738 monasterium
705 712 886 745 aliquarum
926 712 1146 745 religiosarum
1185 712 1216 738 in

208 752 368 778 territorio
391 752 469 778 dicti
491 752 675 778 monasterii
698 752 727 778 S.
750 752 869 778 Mariae
891 752 1002 778 Novae
1019 752 1216 778 aedificetur.

207 791 305 824 (Rea.
327 791 376 822 25,
397 791 418 816 f.
440 791 498 817 135
518 795 565 823 νῦ,
587 799 636 817 311.
662 791 714 823 IV,
735 799 760 818 c.
785 792 861 823 114;
886 792 1060 818 ΡοΊ-τ11Α5Τ
1093 791 1216 824 17267.)

247 892 258 906 «
274 903 302 914 ..,
325 880 457 919 plebano
478 880 514 909 de
537 880 704 915 Clanzano,
741 880 869 911 Clusino
890 881 1029 910 diocesis.
1053 881 1103 910 Ex
1125 883 1217 919 parte

206 933 395 963 dilectarum
410 951 459 962 —.
476 934 552 963 Dat.
568 934 713 967 Viterbii,
729 934 755 963 V
770 934 842 963 idus
862 934 948 968 maii,
963 943 1048 963 anno
1063 936 1189 972 quarto.
1205 944 1217 960 »

287 1152 377 1177 2542
768 1152 909 1184 Viterbe,
924 1153 941 1179 9
955 1153 1034 1179 avril
1049 1152 1138 1179 1258.

250 1200 493 1234 Infrascriptum
521 1201 553 1226 in
580 1201 781 1234 capellanum
809 1208 901 1227 suum
929 1201 1085 1227 admittit.
1114 1201 1213 1234 (ΗΕΘ.

206 1239 255 1271 25,
282 1240 303 1266 f.
333 1240 390 1266 135
417 1244 464 1271 νο,
492 1247 542 1266 an.
574 1240 626 1272 IV,
654 1248 679 1266 6.
709 1240 791 1273 115.)

246 1340 258 1355 «
274 1329 431 1367 Raynerio
451 1329 588 1359 Ghiberti
601 1330 636 1359 ‹ie
650 1330 678 1359 F
679 1329 818 1364 lorentia,
834 1331 869 1360 (Ie
888 1330 1047 1361 Glastonia
1060 1332 1086 1359 et
1099 1330 1135 1360 de
1148 1330 1215 1360 Sto-

204 1381 313 1412 ckeleie
339 1382 533 1412 ecclesiarum
559 1383 675 1417 rectori,
702 1383 933 1413 Lincolniensis
959 1385 984 1413 et
1008 1383 1214 1413 Eboracensis

204 1435 382 1465 diocesium.
402 1435 524 1465 Meritis
547 1438 602 1465 tue
626 1436 798 1474 probitatis
821 1454 871 1465 —.
896 1437 973 1466 Dat.
996 1437 1144 1471 Viterbii,
1167 1437 1213 1466 VI

202 1488 275 1517 idus
306 1488 424 1527 aprilis,
456 1498 540 1518 anno
572 1491 698 1527 quarto.
731 1501 743 1516 »

287 1682 374 1707 2543
705 1685 847 1717 Viterbe,
861 1685 898 1712 13
910 1686 1027 1713 fevrier
1040 1686 1127 1713 1258.

246 1732 399 1765 Magistro
434 1733 514 1764 Ade,
550 1733 715 1767 capellano
750 1734 800 1765 A„
836 1734 1066 1768 archiepiscopi
1100 1735 1212 1761 Arma-

204 1772 309 1803 chani,
336 1773 501 1806 dispensat
527 1774 574 1804 ut,
601 1775 728 1806 praeter
753 1774 918 1800 ecelesiam
945 1774 982 1800 de
1010 1774 1154 1801 Drumbo
1181 1777 1212 1801 et

203 1812 358 1838 vicariam
376 1814 565 1846 perpetuam
585 1813 734 1839 ecclesiae
754 1813 792 1839 de
809 1813 947 1847 Bangor,
967 1814 1127 1840 Dunensis
1147 1814 1212 1841 dio-

203 1851 292 1883 cesis,
307 1858 386 1885 quas
401 1859 510 1878 curam
525 1852 704 1878 animarum
719 1852 875 1879 habentes
889 1853 1015 1880 obtinet
1030 1855 1062 1880 et
1076 1861 1212 1887 quarum

202 1893 379 1925 proventus
403 1892 545 1918 valorem
565 1899 707 1918 annuum
732 1892 900 1919 duodecim
924 1900 1104 1920 marcarum
1128 1891 1213 1922 Ster-

202 1930 363 1964 lingorum
400 1938 465 1957 non
503 1932 674 1963 excedunt,
713 1932 843 1958 unicum
882 1933 969 1959 aliud
1008 1933 1212 1965 beneficium,

202 1971 301 1997 etiarn
325 1978 397 1997 cum
421 1970 516 1997 simili
540 1978 625 2003 cura,
650 1972 788 2005 recipere
811 1973 922 2006 possit.
938 1973 1091 2006 (Reg.25,
1116 1973 1137 1999 f.
1154 1971 1211 2000 135

203 2016 253 2036 an.
283 2010 336 2041 IV,
362 2017 387 2036 c.
416 2010 499 2043 116.)

245 2111 257 2125 «
275 2100 432 2138 Maqistro
451 2101 528 2135 Ade,
548 2100 725 2139 presbitero,
745 2101 851 2131 rectori
871 2101 991 2131 ecclesie
1009 2102 1044 2131 de
1060 2102 1211 2137 Drumbo,

198 2152 359 2182 Dunensis
381 2153 520 2183 diocesis.
543 2154 617 2183 Vite
640 2154 810 2184 laudabilis
832 2157 865 2184 et
891 2172 942 2184 —.
966 2155 1043 2185 Dat.
1065 2155 1210 2190 viterbii,

197 2205 304 2235 idibus
327 2205 489 2240 februarii,
513 2215 599 2236 anno
624 2209 750 2245 quarto.
771 2218 784 2234 ι

282 2407 372 2433 2544
703 2408 844 2441 Viterbe,
858 2410 896 2436 23
909 2409 1025 2436 sevrier
1038 2410 1127 2437 1258.

241 2455 400 2489 Episcopo
416 2458 447 2482 et
462 2457 604 2490 capitulo
620 2457 796 2484 Palentinis
811 2458 944 2484 mandat
960 2460 996 2484 ut
1009 2459 1209 2486 Bernardum

200 2494 360 2527 Roderici,
398 2496 547 2522 clericum
584 2496 671 2523 chori
709 2504 817 2523 eorum
855 2498 1015 2529 ecclesiae,
1053 2499 1209 2533 recipiant

198 2534 231 2561 in
256 2535 490 2568 portionarium
516 2537 545 2561 et
573 2536 605 2562 in
630 2536 774 2568 fratrem,
800 2537 892 2570 eique
919 2538 956 2563 de
982 2538 1090 2571 aliqua
1138 2546 1209 2572 por-

196 2574 282 2601 tione
299 2575 460 2608 providere
478 2577 595 2602 curent.
620 2576 716 2609 (Rae.
746 2577 793 2608 25,
811 2577 831 2602 1.
860 2577 925 2609 136,
944 2584 992 2603 311.
1015 2578 1066 2609 IV,
1084 2586 1108 2604 c.
1129 2578 1208 2611 117.)

241 2676 284 2697 «..,
295 2664 437 2702 episcopo
455 2666 481 2693 et
493 2665 628 2703 capitulo
641 2666 828 2695 Potentinis.
843 2666 1014 2696 Credentes
1028 2676 1084 2696 vos
1098 2668 1150 2697 illa
1158 2684 1208 2698 ——.

199 2716 273 2745 Non
299 2717 450 2746 obstante
474 2719 600 2747 statuto
626 2719 664 2747 ‹le
689 2721 775 2747 certo
800 2721 832 2748 et
856 2719 1126 2757 portionariorum
1152 2730 1209 2749 nu-

200 2777 288 2798 mero
325 2770 520 2807 juramento,
560 2770 805 2800 confirmatione
843 2772 985 2810 predicte
1025 2773 1112 2802 Sedis
1150 2776 1209 2802 aut

198 2821 260 2850 3113
289 2822 446 2851 firmitate
475 2823 606 2857 vallato,
637 2824 703 2852 sive
732 2824 756 2852 si
785 2825 878 2853 vobis
906 2834 963 2863 pro
991 2825 1060 2854 aliis
1089 2826 1206 2864 scripta

200 2876 308 2903 nostra
335 2875 519 2909 direximus,
547 2876 664 2914 quibus
689 2877 837 2906 nolumus
862 2878 1056 2907 auctom'tate
1081 2888 1208 2916 presen-

201 2927 283 2955 tium
318 2928 519 2965 prejudicum
554 2930 707 2967 generari,
737 2939 791 2959 seu
820 2931 844 2958 si
874 2931 966 2960 vobis
995 2932 1208 2961 communiter

197 2979 246 3008 vel
265 2979 392 3009 divisim
410 2989 428 3010 a
448 2981 590 3018 prefatae
604 2982 645 3011 sit
660 2982 738 3011 Sede
756 2982 917 3012 indultum
937 2984 1023 3022 quod
1041 2984 1082 3013 ad
1102 2994 1207 3023 reecp-

1326 384 1448 414 tionem
1484 386 1534 415 vel
1570 386 1785 424 provisionem
1821 387 1957 425 alicujus
1993 387 2123 417 minime
2158 388 2332 418 teneamini

1326 446 1382 476 per
1404 438 1528 468 litteras
1552 439 1641 469 Sedis
1664 439 1763 478 ipsius
1786 439 1914 478 plenam
1937 442 1971 470 et
1993 449 2176 479 expressam
2200 450 2263 471 non
2286 440 2334 470 fa·

1326 490 1444 520 cientes
1476 492 1514 520 de
1545 491 1671 521 indulto
1704 492 1889 530 hujusmodi
1920 493 2128 528 mentionem,
2159 502 2214 523 seu
2246 494 2332 533 quod

1325 544 1477 573 statuisse
1499 544 1639 574 dicimini
1660 547 1697 574 ut
1717 545 1822 574 nullus
1842 545 1874 574 in
1894 545 2038 584 predicta
2059 546 2190 576 ecclesia
2209 546 2241 576 in
2262 556 2334 585 por—

1325 596 1499 626 tionarium
1528 599 1559 626 et
1588 597 1721 627 fratrem
1751 598 1846 636 recipi
1875 599 1994 632 valeat,
2024 598 2083 628 nisi
2112 599 2199 637 prius
2227 599 2333 638 portio

1324 649 1491 678 vacaverit
1508 650 1539 679 in
1559 651 1681 684 eadem,
1701 653 1758 680 aut
1777 651 1921 689 qualibet
1939 651 2000 681 alia
2019 651 2104 681 dicte
2123 651 2212 681 Sedis
2229 652 2333 682 indul-

1324 702 1431 740 gentia
1456 711 1512 741 per
1534 712 1631 741 (1113111
1655 703 1790 733 effectus
1814 704 1999 742 hujusmodi
2022 707 2129 734 nostre
2151 705 2253 743 gratie
2274 705 2333 734 im-

1325 755 1426 792 pediri
1451 756 1558 785 valeat
1583 757 1634 786 vel
1660 756 1781 787 differri
1805 775 1855 787 —.
1883 758 1959 788 Dat.
1986 757 2132 792 Viterbii,
2158 758 2264 787 idibus
2288 757 2332 788 fe·

1324 807 1454 842 bruarii,
1479 817 1563 839 anno
1588 812 1714 848 quarto.
1740 822 1752 837 »

1405 982 1495 1008 2545
1855 985 1997 1016 Viterbe,
2010 984 2048 1011 25
2061 984 2142 1011 avril
2160 984 2249 1011 1258.

1366 1030 1562 1065 Episcopum
1584 1031 1844 1065 Tricaricensem,
1865 1034 1905 1060 ad
1921 1034 2093 1060 veritatem
2106 1033 2331 1066 inquirendam

1325 1070 1362 1096 de
1397 1070 1484 1097 facto
1520 1071 1765 1106 Ratisponensis
1799 1073 1950 1107 episcopi,
1986 1073 2026 1099 ad
2062 1073 2332 1106 Ratisponensem

1323 1110 1490 1137 civitatem
1522 1111 1635 1138 mittit.
1673 1112 1772 1145 (Bm.
1810 1112 1859 1145 25,
1891 1113 1911 1139 1.
1945 1113 2013 1144 136,
2045 1120 2096 1139 311.
2131 1112 2184 1144 1v,
2215 1119 2241 1139 6.
2274 1112 2331 1139 118

1323 1149 1552 1183 RODENBERG,
1571 1153 1594 1177 t.
1622 1151 1681 1183 III,
1705 1154 1744 1178 n⁰
1765 1150 1834 1180 479.

1364 1246 1375 1261 «
1391 1258 1420 1270 ..,
1444 1236 1586 1275 episcopo
1611 1237 1827 1267 Tricaricensi.
1850 1238 1929 1267 Post
1948 1238 2052 1267 multa
2067 1238 2209 1268 enormia
2228 1237 2332 1268 cordis

1322 1288 1422 1317 nostri
1451 1289 1637 1327 gravissime
1666 1290 1835 1329 pungitiva
1871 1300 1932 1329 que
1967 1293 2189 1329 procuratores
2224 1290 2333 1320 Ratis-

1321 1342 1471 1379 ponensis
1490 1343 1622 1381 capituli
1642 1343 1680 1372 de
1698 1343 1872 1373 venerabili
1903 1343 2001 1373 fratre
2020 1346 2163 1378 nostro..,
2182 1343 2332 1382 episcopo

1322 1393 1561 1433 Ratisponensi,
1586 1396 1677 1425 nobis
1694 1396 1769 1426 olim
1791 1397 1909 1435 pluries
1926 1397 2116 1431 retulerunt,
2139 1405 2176 1426 eo
2198 1396 2331 1426 tandem

1320 1446 1352 1476 in
1383 1450 1492 1477 nostra
1522 1451 1554 1477 et
1582 1448 1720 1479 fratrum
1749 1452 1933 1479 nostrorum
1956 1449 2116 1489 presentia
2140 1449 2330 1484 constituto,

1320 1499 1384 1529 fuit
1404 1501 1606 1539 propositum
1627 1503 1714 1541 quod
1735 1503 1902 1542 episcopus
1922 1503 1989 1541 ipse
2011 1503 2049 1532 de
2069 1502 2150 1532 vitio
2171 1501 2332 1532 nefandis-

1320 1553 1411 1588 simo,
1442 1557 1574 1593 propter
1603 1556 1689 1594 quod
1708 1555 1754 1585 ira
1776 1555 1836 1585 Dei
1858 1556 1949 1585 venit
1978 1556 2010 1585 in
2033 1555 2117 1585 filios
2138 1554 2331 1590 diffidentie,

1319 1605 1458 1636 infectus
1489 1607 1609 1637 existat
1640 1610 1673 1638 et
1703 1609 1845 1647 graviter
1875 1608 2076 1638 diffamatus.
2109 1608 2189 1638 Cum
2219 1610 2331 1638 autem

1320 1659 1495 1689 detestatio
1518 1661 1591 1690 vitii
1615 1661 1802 1700 hujusmodi
1826 1671 1890 1691 non
1914 1662 2018 1691 solum
2035 1661 2150 1691 auditu
2168 1664 2217 1691 set
2232 1661 2331 1691 etiam

1318 1711 1477 1743 horribilis
1504 1714 1647 1753 cogitatu
1675 1717 1708 1744 et
1734 1714 1813 1744 odor
1839 1715 1922 1744 bone
1947 1714 2033 1744 fame
2060 1724 2124 1753 quo
2151 1714 2332 1753 specialiter

1319 1765 1461 1795 redolere
1484 1767 1581 1796 debet
1617 1767 1796 1806 episcopus,
1825 1777 1883 1798 nos
1906 1767 2101 1806 compellant
2123 1767 2252 1806 plenam
2275 1767 2331 1797 ob-

1319 1818 1422 1848 tinere
1444 1820 1483 1848 de
1504 1820 1564 1849 hac
1586 1820 1737 1850 notitiam
1759 1823 1791 1859 et
1812 1820 1979 1850 scientiam
2000 1820 2218 1854 manifestam,
2240 1829 2331 1850 man-

1321 1871 1435 1901 damus
1463 1873 1616 1911 quatinus
1643 1874 1685 1903 ad
1712 1873 1982 1912 Ratisponensem
2009 1873 2177 1903 civitatem
2203 1875 2238 1903 et.
2263 1873 2330 1903 dio-

1320 1925 1417 1954 cesim
1451 1928 1485 1955 te
1520 1926 1731 1964 personaliter
1765 1926 1930 1956 conferens
1971 1929 2004 1956 et
2040 1927 2099 1956 hoc
2135 1926 2330 1956 denuntians

1319 1978 1424 2007 eidem
1447 1978 1606 2018 episcopo,
1630 1982 1678 2014 tu,
1702 1988 1798 2018 super
1818 1979 1900 2009 vitio
1922 1979 1991 2018 ipso
2014 1988 2032 2009 a
2055 1979 2194 2009 testibus
2216 1979 2330 2009 fidedi-

1318 2031 1389 2070 gnis
1408 2032 1583 2061 earundem
1602 2032 1745 2062 civitatis
1764 2034 1797 2062 et
1816 2032 1949 2062 diocesis
1967 2041 2005 2062 ac
2024 2032 2093 2062 aliis
2112 2041 2193 2071 quos
2211 2031 2329 2062 videris

1319 2084 1469 2123 expedire
1491 2087 1525 2114 et
1547 2094 1604 2124 per
1626 2094 1706 2124 quos
1728 2085 1761 2114 id
1784 2085 1897 2115 melius
1920 2085 1991 2115 sciri
2020 2085 2132 2124 possit,
2156 2085 2329 2124 cujuslibet

1320 2137 1447 2176 diffugii
1471 2140 1505 2167 et
1530 2138 1755 2177 appellationis
1779 2138 2012 2177 impedimento
2030 2141 2186 2173 cessante,
2210 2138 2329 2168 verita-

1318 2192 1386 2220 tem
1420 2191 1588 2230 diligenter
1620 2191 1773 2230 inquiras.
1809 2191 1840 2221 Si
1873 2200 1949 2221 vero
1982 2190 2127 2230 prefatus
2160 2191 2328 2230 episcopus

1318 2246 1418 2273 testes
1446 2253 1526 2282 quos
1554 2247 1666 2274 contra
1688 2253 1761 2274 eum
1784 2244 1912 2274 duxeris
1940 2244 2160 2274 admittendos
2189 2244 2328 2274 voluerit

1319 2297 1499 2335 reprobare,
1516 2299 1553 2326 tu
1568 2297 1649 2331 illos,
1666 2297 1721 2336 qui
1737 2306 1794 2336 pro
1810 2299 1902 2336 parte
1918 2306 1975 2327 sua
1992 2306 2088 2336 super
2102 2297 2328 2336 reprobatione

1319 2349 1505 2388 hujusmodi
1525 2350 1674 2389 producti
1694 2350 1825 2384 fuerint,
1846 2349 1928 2380 inira
1951 2350 2030 2380 duos
2051 2359 2175 2380 menses
2196 2358 2328 2389 compu-

1317 2403 1435 2433 tandos
1458 2412 1476 2432 a
1499 2405 1643 2442 tempore
1667 2412 1731 2442 quo
1754 2405 1853 2433 testes
1876 2404 2078 2442 supradictos
2100 2403 2220 2433 ibidem
2243 2411 2327 2433 rece-

1318 2456 1411 2494 peris,
1443 2465 1566 2486 necnon
1596 2456 1674 2486 alios
1707 2465 1787 2495 quos
1811 2465 1884 2495 pars
1908 2456 2053 2494 ejusdem
2077 2456 2208 2495 capitali
2231 2464 2326 2495 super

1317 2509 1542 2547 reprobatione
1570 2509 1703 2538 testium
1731 2509 1831 2547 ipsius
1859 2509 2000 2548 episcopi
2027 2508 2110 2538 infra
2139 2509 2219 2538 duos
2247 2508 2325 2539 alios

1317 2571 1441 2591 menses
1470 2562 1530 2591 illis
1560 2562 1746 2591 immediate
1777 2562 1940 2601 proximos
1970 2562 2145 2600 producere
2175 2560 2324 2596 voluerit,

1317 2615 1493 2653 prudenter
1521 2615 1659 2653 recipere
1687 2624 1724 2644 36
1755 2615 1923 2654 diligenter
1951 2614 2135 2644 examinare
2164 2622 2323 2653 procures.

1318 2668 1386 2704 Que
1408 2670 1518 2697 autem
1540 2668 1699 2697 inveneris
1730 2677 1825 2706 super
1842 2667 1969 2706 negotio
1986 2669 2165 2697 memorato
2187 2669 2220 2696 et
2237 2666 2323 2696 dicta

1317 2721 1461 2750 omnium
1486 2721 1619 2750 testium
1647 2721 1878 2759 productorum
1904 2720 2043 2750 fideliter
2067 2720 2099 2750 in
2126 2719 2252 2758 scriptis
2278 2728 2324 2749 re-

1316 2774 1411 2803 dacta
1435 2776 1472 2803 tu
1495 2773 1587 2802 nobis
1611 2774 1820 2812 personaliter
1842 2774 1973 2803 studeas
1996 2775 2189 2811 presentare.
2213 2772 2323 2802 Testes

1315 2829 1425 2855 autem
1454 2826 1508 2865 qui
1535 2829 1595 2855 etc.
1623 2836 1629 2856 z
1659 2835 1759 2864 usque
1787 2826 1962 2864 perhibere.
1992 2826 2150 2859 Ceterum,
2179 2834 2217 2854 ne
2245 2824 2323 2854 dicti

1315 2879 1441 2908 sceleris
1466 2879 1649 2911 veritatem,
1677 2881 1828 2917 pretextu
1854 2879 2057 2908 occasionum
2084 2878 2201 2916 quibus
2228 2877 2321 2916 digne

1314 2932 1444 2961 obviare
1479 2941 1659 2970 possumus,
1694 2932 1847 2961 occultari
1884 2931 2062 2969 contingat,
2100 2931 2248 2960 volumus
2284 2931 2322 2959 ut

1314 2994 1424 3014 omnes
1440 2985 1508 3014 11105
1526 2985 1580 3023 (1111
1597 2985 1657 3014 tibi
1673 2985 1714 3014 ad
1731 2984 1973 3014 testificandum
1990 2993 2086 3023 super
2101 2993 2137 3013 eo
2155 2982 2321 3013 necessairi

2446 2461 2454 2472 '
2452 2122 2477 2442 '2'5'*e¹3·-L'ssm'iffl'
2455 1918 2477 2111 —.ffl.
2459 1856 2477 1889 ,ᾖ
2464 1804 2477 1834 ,Ε
2463 1718 2477 1762 Ι..
2465 1575 2477 1619 Ι..
2466 1514 2477 1518 ,
2468 1476 2470 1478 .
2467 1402 2477 1447 1,-
