2477 3512
945 307 1223 348 QUATRIEME
1243 309 1406 342 ANNEE
2178 320 2238 350 755

115 413 299 453 Apostolice
329 413 510 448 obtinebas,
541 413 736 444 auctoritate
768 414 978 443 concessionis
1010 414 1122 453 hujus·

115 465 203 496 modi
229 467 303 504 post
328 465 428 504 ipsius
454 466 683 504 predecessoris
710 466 836 497 obitum
857 466 1057 505 dispensavit
1084 469 1122 497 ut

116 520 242 557 praeter
265 517 420 548 beneficia
445 527 508 557 que
532 519 701 549 obtinebas
725 528 835 549 curam
859 519 1041 549 animarum
1065 519 1122 549 ha-

115 571 235 604 bentia,
266 571 368 609 possis
397 571 483 600 aliud
514 571 706 602 beneficium
735 571 803 602 sive
832 574 1040 610 personatum
1069 572 1121 602 vel

115 623 307 662 dignitatem
335 623 471 653 similem
500 633 609 654 curam
637 624 770 658 habens,
798 624 895 654 libere
923 624 1061 663 recipere
1088 624 1121 654 in

110 675 305 706 Bituricensi
352 676 527 715 provincia,
576 676 602 706 si
637 676 698 706 tibi
723 677 874 707 canonice
899 677 1062 711 offeretur,
1088 679 1122 707 et

114 737 178 758 una
198 737 271 758 cum
292 729 434 758 obtentis
453 729 539 758 licite
558 729 704 763 retinere,
725 730 956 759 constitutione
976 730 1120 768 predicta

113 781 267 820 generalis
284 781 408 811 concilii
424 790 488 811 non
505 782 666 816 obstante,
682 784 785 821 tuque
800 783 1009 820 postmodum
1025 782 1123 812 eccle-

113 833 194 863 siam
213 834 252 863 de
272 833 399 868 Roeria,
419 836 621 872 spectantem
639 834 681 864 ad
700 835 904 864 collationem
922 835 1022 873 ipsius
1041 835 1122 873 epis-

112 886 184 925 copi
210 886 244 916 in
271 887 383 916 eadem
411 886 586 925 provincia,
622 886 713 917 fuisti
740 887 902 922 canonice,
931 890 968 917 ut
1009 889 1122 918 asseris

115 941 291 973 assecutus,
323 948 380 969 nos
410 939 516 978 igitur,
549 939 626 969 dicti
662 940 802 978 episcopi
831 940 1121 979 supplicationibus

111 991 267 1026 inclinati,
303 992 574 1030 dispensationem
598 992 785 1031 hujusmodi
807 995 934 1032 gratam
959 995 992 1022 et
1014 996 1120 1024 ratam

114 1045 280 1079 habentes,
314 1045 418 1083 ipsam
451 1045 647 1075 auctoritate
680 1046 856 1084 apostolica
891 1046 1121 1076 confirmamus

114 1099 148 1127 et
160 1097 317 1136 presentis
335 1098 446 1136 scripti
460 1098 640 1137 patrocinio
651 1099 898 1128 communimus.
909 1099 997 1129 Nulli
1013 1102 1120 1129 nostre

112 1144 366 1180 confirmationis
387 1152 447 1180 ete.
479 1151 555 1180 Dat.
582 1151 728 1186 Viterbii,
755 1151 822 1181 1111
854 1152 945 1181 nonis
969 1152 1119 1190 J'anuarii,

110 1211 196 1233 anno
227 1205 353 1242 quarto.
386 1215 398 1230 »

190 1412 279 1438 2422
596 1412 734 1444 Viterbe,
746 1412 763 1439 9
775 1412 937 1440 decembre
950 1413 1035 1440 1257.

152 1460 291 1487 officiali
310 1460 498 1487 Tornacensi
519 1461 651 1487 mandat
671 1462 706 1487 ut
726 1461 912 1494 magistrum
934 1461 1119 1488 Gervasium

111 1499 150 1526 de
160 1499 283 1533 Brugis,
309 1500 465 1531 clericum,
491 1500 662 1526 secundum
692 1500 815 1527 litteras
840 1500 886 1532 Ρ.,
912 1501 944 1527 in
975 1501 1119 1534 partibus

109 1539 293 1566 Alamaniae
307 1540 506 1574 Apostolicae
531 1540 618 1566 Sedis
641 1540 747 1573 legati,
771 1540 803 1566 in
835 1540 963 1567 ecclesia
987 1541 1119 1567 Antoni-

109 1579 185 1611 ensi,
212 1579 342 1606 diocesis
369 1579 608 1611 Cameracensis,
634 1579 730 1613 recipi
753 1579 850 1606 faciat
876 1580 907 1606 in
933 1581 1118 1607 canonicum

109 1619 141 1645 et
162 1619 194 1645 in
216 1619 345 1645 fratrem
368 1619 458 1653 eique
481 1619 519 1645 de
541 1619 648 1652 aliqua
669 1619 848 1652 praebenda
871 1620 910 1646 ab
934 1620 1050 1646 abbate
1060 1619 1118 1647 Lo-

110 1657 210 1684 biensi
230 1658 398 1692 provideri.
421 1658 518 1691 (Bm.
541 1658 590 1690 25,
611 1658 632 1686 f.
657 1659 724 1690 116,
746 1666 796 1686 an.
822 1659 873 1691 IV,
896 1667 921 1686 c.
946 1660 1006 1693 12.)

151 1759 162 1775 ιι
192 1770 221 1782 ..,
250 1747 384 1786 officiali
415 1748 614 1778 Tornacensi.
643 1748 707 1778 Sua
748 1748 840 1778 nobis
869 1749 1003 1778 dilectus
1031 1749 1117 1779 filius

108 1800 262 1839 magister
277 1801 448 1831 Gervasius
465 1801 503 1830 de
517 1801 643 1839 Brugis,
660 1801 801 1835 clericus,
818 1802 974 1840 petitione
990 1802 1117 1831 monuit

110 1854 196 1892 quod
224 1853 299 1883 olim
326 1853 461 1883 dilectus
487 1853 573 1883 filius
600 1856 708 1883 noster
733 1854 781 1889 Ρ.,
801 1855 911 1885 Sancti
931 1855 1056 1893 Georgii
1074 1855 1116 1884 ad

109 1906 225 1936 Velum
253 1907 396 1936 Aureum
425 1906 578 1936 diaconus
607 1907 787 1941 cardinalis,
815 1909 895 1936 tunc
915 1908 947 1937 in
968 1908 1116 1946 partibus

107 1959 276 1989 Alamanie
307 1959 491 1998 Apostolice
523 1959 611 1989 Sedis
642 1959 777 1998 legatus,
809 1969 904 1998 super
933 1961 1116 1999 receptione

108 2021 146 2042 ac
170 2012 352 2051 provisione
376 2021 434 2042 sua
458 2013 490 2041 in
516 2012 624 2051 aliqua
649 2013 853 2042 ecclesiarum
879 2014 1115 2043 Cameracensis

109 2065 273 2099 diocesis„
301 2065 421 2095 decano
458 2065 587 2095 ecclesie
612 2065 813 2100 Tudinensis‚
839 2066 1023 2095 Leodiensis
1049 2067 1116 2096 dio-

109 2118 197 2152 cesis,
218 2127 291 2147 suas
309 2118 433 2147 litteras
453 2118 512 2147 sub
531 2121 618 2147 certa
637 2118 740 2148 forma
760 2119 886 2148 direxit.
907 2119 951 2148 Et
969 2119 1043 2149 licet
1062 2120 1115 2149 de-

109 2179 207 2200 canus
229 2171 306 2209 ipse,
330 2171 524 2200 auctoritate
547 2171 733 2209 hujusmodi
754 2172 968 2207 litterarum..‚
994 2173 1115 2202 decano

109 2226 142 2253 et
159 2223 300 2262 capitulo
318 2223 525 2253 Antoniensis
543 2224 682 2258 ecclesie,
702 2224 834 2254 diocesis
868 2225 1115 2260 Cameracensis,

109 2285 146 2306 ac
176 2277 307 2311 etiam..‚
339 2277 451 2306 abbati
474 2277 633 2311 Lobiensi,
658 2278 786 2306 duxerit
814 2278 1048 2316 injungendum
1079 2281 1116 2308 ut

107 2329 214 2368 ipsum
235 2330 425 2368 magistrum
449 2330 485 2359 G.
507 2330 603 2359 iidem
626 2331 765 2360 decanus
786 2333 819 2360 et
840 2331 1018 2369 capitulum
1040 2332 1116 2360 reci-

109 2385 222 2421 perent
243 2382 275 2411 in
298 2383 487 2412 canonicum
510 2385 543 2412 et
564 2383 596 2412 in
618 2383 761 2417 fratrem,
785 2392 822 2413 ac
844 2384 928 2413 idem
951 2384 1052 2413 abbas
1073 2385 1115 2413 ad

109 2444 205 2474 quem
241 2435 273 2464 in
310 2436 422 2465 eadem
459 2436 589 2465 ecclesia
626 2437 841 2475 quarumdam
879 2437 1115 2475 prebendarum

109 2488 237 2517 collatio
251 2488 409 2526 pertinere
423 2488 549 2523 dicitur,
564 2489 624 2518 sibi
638 2489 677 2518 de
691 2489 853 2527 prebenda
875 2490 1115 2528 quamprimum

109 2541 150 2569 ad
179 2540 211 2569 id
241 2549 273 2569 se
302 2540 433 2570 offerret
462 2542 675 2579 oportunitas,
706 2542 899 2580 provideret,
930 2545 962 2571 et
992 2543 1115 2572 nullum

108 2594 219 2622 tamen
248 2595 297 2622 est
325 2593 431 2622 adhuc
459 2593 543 2623 idem
572 2594 724 2632 magister
753 2595 792 2624 de
820 2595 971 2633 predictis
1001 2595 1116 2624 litteris

110 2646 315 2675 commodum
329 2648 494 2675 assecutus
507 2657 513 2681 ;
527 2647 672 2676 volentes
685 2647 782 2685 igitur
795 2650 832 2676 ut
845 2647 947 2676 eidem
962 2648 1115 2686 magistro

111 2698 296 2736 hujusmodi
318 2699 422 2737 gratia
445 2698 609 2728 fructuosa
634 2700 796 2734 reddatur,
821 2701 1013 2730 mandamus
1038 2710 1116 2739 qua-

109 2750 207 2785 tinus,
233 2751 259 2780 si
284 2753 332 2780 est
356 2751 413 2785 ita,
440 2751 470 2780 in
497 2752 684 2781 executione
710 2753 899 2790 provisionis
925 2753 1034 2791 ipsius,
1059 2763 1116 2792 per

110 2805 143 2832 te
173 2803 223 2832 vel
255 2813 311 2842 per
341 2804 438 2833 alium
470 2805 665 2834 auctoritate
697 2807 805 2834 nostra
837 2807 990 2844 procedas
1020 2807 1115 2845 juxta

111 2857 296 2886 earumdem
320 2857 397 2886 dicti
421 2857 590 2886 cardinalis
614 2858 811 2887 continentia
836 2859 1026 2893 litterarum,
1053 2869 1115 2889 non

112 2909 262 2938 obstante
289 2909 519 2939 constitutione
548 2913 656 2939 nostra
684 2920 779 2949 super
805 2911 983 2941 cassatione
1010 2922 1116 2950 recep-

110 2961 236 2991 tionum
261 2962 347 2992 edita
371 2963 403 2992 in
427 2963 565 2992 ecclesiis
590 2963 856 3002 quibuscumque,
881 2974 935 2993 seu
961 2966 1047 3003 quod
1072 2965 1116 2994 ie-

111 3013 178 3043 licis
205 3015 434 3044 recordationis
465 3016 488 3045 1.
510 3025 604 3054 papa,
635 3016 837 3054 predecessor
864 3020 982 3052 noster,
1012 3018 1115 3047 inten-

1229 415 1326 445 tionis
1342 425 1398 446 sue
1415 426 1478 446 non
1495 426 1562 447 esse
1579 418 1743 449 declarans
1760 420 1846 459 quod
1863 422 2040 452 auctoritas
2056 423 2236 462 legatorum

1229 468 1262 497 in
1286 476 1382 507 regno
1398 469 1586 500 Alemannie
1602 480 1635 501 se
1651 472 1691 501 ad
1708 472 1876 503 civitatem
1892 474 1942 504 vel
1959 475 2110 505 diocesim
2127 476 2238 506 Came-

1230 529 1393 551 racensem
1415 523 1612 558 extenderet,
1636 525 1812 555 decreverit
1832 526 1959 556 irritum
1980 530 2013 557 et
2033 528 2129 558 inane
2150 530 2239 568 quic·

1231 573 1308 612 quid
1344 576 1456 604 contra
1491 576 1740 607 declarationem
1775 578 1960 617 hujusmodi
1994 580 2119 611 factum
2154 584 2237 612 esset

1231 626 1282 655 vel
1308 627 1508 666 contingeret
1532 630 1733 668 attemptari.
1763 631 1839 660 Dat.
1865 632 2011 667 Viterbii,
2036 633 2063 663 V
2090 634 2162 664 idus
2184 635 2238 664 de-

1231 678 1377 713 cembris,
1400 688 1485 710 anno
1516 681 1622 711 tertio.
1656 694 1667 709 »

1312 874 1400 900 2423
1696 877 1833 910 Viterbe‚
1845 879 1883 905 22
1895 880 2056 907 decembre
2070 881 2154 909 1257.

1272 913 1422 947 Magistro
1443 915 1583 942 Gali'rido
1604 916 1642 943 de
1663 916 1811 950 Derham,
1831 920 1943 945 rectori
1964 920 2110 948 ecclesiae
2130 921 2238 948 Sancti

1232 953 1316 980 Petri
1341 954 1378 980 de
1402 954 1621 987 Andewinder,
1647 956 1871 985 Lincolniensis
1896 959 2036 991 diocesis,
2061 960 2122 987 tria
2147 961 2238 988 bene-

1228 992 1303 1019 ficia
1325 994 1457 1025 tenenti,
1479 995 1620 1028 indulget
1643 996 1679 1022 ut
1701 996 1788 1023 aliud
1810 998 1910 1031 possit
1932 998 2120 1026 beneficium
2163 1000 2238 1027 reci-

1230 1039 1310 1065 pere.
1330 1033 1426 1066 (REG.
1446 1033 1494 1066 25,
1513 1034 1533 1061 f.
1554 1034 1621 1067 116,
1640 1042 1689 1062 an.
1711 1036 1763 1068 IV,
1782 1044 1806 1063 c.
1828 1036 1887 1069 13.)

1270 1120 1282 1135 «
1302 1109 1459 1148 Mayistro
1486 1110 1625 1149 Galsrido
1645 1111 1681 1141 de
1699 1112 1845 1147 Derham,
1862 1114 1968 1144 rectori
1989 1115 2109 1145 ecclesie
2130 1115 2238 1145 Sancti

1227 1161 1314 1191 Petri
1341 1162 1377 1192 de
1403 1162 1620 1198 Andewinder,
1648 1164 1880 1195 Lincolniensis
1906 1167 2045 1197 diocesis.
2086 1168 2238 1198 Volentes

1228 1214 1299 1248 tibi,
1336 1217 1391 1244 tue
1426 1216 1606 1246 devotionis
1641 1219 1674 1246 et
1708 1219 1880 1256 probitatis
1915 1220 2063 1254 obtentu,
2099 1221 2238 1259 gratiam

1228 1266 1332 1296 facere
1372 1268 1552 1306 specialem,
1587 1270 1652 1299 tuis
1686 1271 1976 1309 supplicationibus
2009 1273 2164 1307 inclinati,
2200 1276 2238 1303 ut

1229 1322 1356 1358 praeter
1388 1323 1446 1350 tua
1475 1321 1687 1352 ecclesiastica
1719 1323 1874 1353 beneficia
1910 1334 2020 1354 curam
2056 1326 2238 1355 animarum

1229 1380 1390 1402 annexam
1404 1373 1567 1408 habentia,
1582 1384 1719 1413 quorum
1734 1376 1807 1410 duo,
1823 1378 1859 1405 ut
1872 1377 1996 1411 asseris,
2011 1379 2238 1408 commendata

1228 1427 1262 1454 et
1294 1434 1395 1455 unum
1413 1426 1619 1456 intitulatum
1635 1428 1676 1456 ad
1691 1437 1820 1467 presens
1839 1429 1976 1464 obtines,
2002 1431 2103 1468 possis
2127 1432 2234 1461 adhuc

1229 1478 1359 1507 unicum
1401 1479 1488 1508 aliud
1532 1480 1782 1510 ecclesiasticum
1835 1481 2038 1517 beneficium,
2073 1484 2171 1513 etiam
2209 1484 2236 1514 si

1228 1530 1363 1560 similem
1378 1540 1488 1561 curam
1502 1532 1622 1562 habeat
1635 1535 1668 1562 et
1682 1533 1821 1571 dignitas
1835 1535 1885 1563 vel
1900 1538 2090 1573 personatus
2104 1536 2235 1571 existat,

1228 1585 1261 1612 et
1286 1583 1312 1612 si
1337 1586 1370 1613 te
1396 1584 1503 1623 aliqua
1530 1594 1570 1614 ex
1595 1585 1671 1623 ipsis
1697 1586 1856 1625 resignare
1878 1588 2058 1626 contigerit,
2086 1588 2147 1618 alia
2168 1590 2237 1619 loco

1227 1635 1354 1665 illorum
1373 1645 1435 1675 que
1452 1637 1672 1676 resignaveris,
1691 1638 1777 1668 licite
1794 1640 1943 1678 recipere,
1962 1640 1988 1669 si
2006 1641 2066 1670 tibi
2084 1642 2237 1671 canonice

1228 1688 1408 1718 offerantur
1427 1691 1460 1718 et
1479 1691 1548 1719 tam
1568 1690 1621 1720 illa
1642 1700 1741 1730 quam
1761 1692 1822 1722 alia
1843 1692 1965 1732 reliqua
1986 1693 2082 1723 libere
2101 1694 2230 1724 insimul

1228 1741 1374 1776 retinere,
1392 1743 1623 1772 constitutione
1639 1744 1793 1782 generalis
1821 1745 1945 1774 concilii
1961 1755 2057 1784 super
2072 1746 2132 1776 hoc
2148 1747 2235 1777 edita

1228 1803 1291 1824 non
1315 1795 1476 1830 obstante,
1500 1796 1561 1825 tibi
1583 1797 1779 1827 auctoritate
1802 1799 1999 1836 presentium
2022 1799 2236 1838 indulgemus,

1227 1847 1355 1885 proviso
1386 1848 1472 1886 quod
1504 1848 1659 1879 beneficia
1691 1850 1877 1888 hujusmodi
1908 1851 2024 1880 debitis
2056 1861 2120 1882 non
2150 1852 2237 1882 frau-

1226 1900 1343 1929 dentur
1369 1900 1530 1940 obsequiis
1556 1903 1588 1930 et
1613 1902 1796 1932 animarum
1822 1912 1896 1933 cura
1923 1904 1955 1933 in
1981 1904 2025 1933 eis
2052 1904 2236 1935 nullatenus

1226 1953 1414 1991 negligatur.
1474 1954 1561 1983 Nulli
1612 1957 1719 1984 nostre
1777 1957 1988 1986 concessionis
2041 1960 2101 1986 ete.
2158 1958 2237 1988 Dat.

1224 2006 1371 2040 Viterbii,
1396 2006 1445 2036 XI
1469 2007 1532 2036 kal.
1556 2007 1706 2045 januarii,
1730 2017 1815 2038 anno
1839 2011 1966 2048 quarto.
1992 2022 2003 2036 ι)

1304 2202 1393 2227 2424
1689 2202 1827 2236 Viterbe,
1839 2204 1877 2230 22
1889 2204 2051 2231 decembre
2064 2205 2150 2232 1257.

1266 2251 1441 2277 Galterrido
1470 2251 1507 2277 de
1536 2251 1643 2283 Gatos‚
1672 2252 1821 2279 canonico
1849 2253 1995 2279 ecclesiae
2023 2253 2232 2287 Cicestrensis‚

1224 2290 1367 2324 indulget
1394 2292 1429 2316 ut
1455 2292 1579 2324 praeter
1616 2291 1744 2318 unicum
1770 2292 1959 2319 beneficium
1986 2293 2232 2321 ecclesiasticum

1224 2330 1343 2356 habens
1369 2337 1476 2356 curam
1502 2331 1679 2357 animarum
1705 2338 1872 2363 annexam,
1899 2332 1961 2358 duo
1987 2333 2049 2359 alia
2074 2334 2233 2360 ecclesias-

1223 2370 1287 2396 tica
1312 2369 1475 2401 beneficia,
1501 2370 1597 2396 etiam
1622 2371 1647 2397 si
1679 2371 1814 2398 similem
1839 2379 1945 2398 curam
1970 2372 2109 2399 habeant
2133 2374 2165 2399 et
2189 2373 2233 2399 al-

1224 2411 1327 2436 terum
1351 2416 1459 2436 eorum
1487 2410 1623 2443 dignitas
1652 2410 1701 2436 vel
1729 2413 1914 2444 personatus
1942 2412 2069 2444 existat,
2097 2413 2232 2447 recipere

1224 2449 1332 2483 possit.
1351 2449 1448 2482 (Rea.
1468 2449 1517 2481 25,
1535 2449 1555 2476 f.
1578 2450 1633 2476 116
1651 2454 1697 2482 v0,
1716 2458 1766 2477 an.
1788 2451 1840 2482 IV,
1859 2458 1883 2478 c.
1905 2451 1965 2484 14.)

1266 2538 1278 2553 α
1310 2527 1478 2557 Galterrido
1504 2527 1540 2556 de
1572 2527 1673 2561 Gaios,
1701 2528 1848 2558 canonico
1874 2528 1994 2558 ecclesie
2022 2530 2232 2560 Ciceslrensis.

1227 2579 1375 2609 Volentes
1399 2580 1461 2609 tibi
1485 2582 1541 2609 tue
1566 2597 1615 2608 -.
1642 2580 1719 2609 Dat.
1745 2581 1891 2615 Viterbii,
1918 2582 1967 2611 XI
1993 2582 2055 2611 kal.
2081 2582 2231 2620 januarii,

1223 2641 1308 2662 anno
1340 2635 1466 2671 quarto.
1500 2644 1512 2660 »

1304 2815 1393 2840 2425
1752 2817 1889 2850 Viterbe,
1902 2818 1918 2844 5
1929 2818 2052 2851 Janvier
2064 2818 2149 2846 1258.

1266 2863 1422 2897 Philipp0‚
1452 2865 1578 2891 sacriste
1606 2865 1789 2898 Agathensi,
1818 2866 1978 2900 capellano
2007 2874 2062 2893 suo
2091 2867 2232 2900 indulget

1225 2904 1270 2934 ut,
1292 2905 1416 2936 praeter
1434 2905 1608 2931 sacristiam
1634 2905 1856 2938 Agathensem,
1883 2906 2009 2932 unicum
2029 2906 2115 2932 aliud
2141 2906 2232 2932 bene-

1225 2942 1332 2968 ficium
1358 2950 1465 2969 curam
1491 2944 1608 2970 habens
1635 2945 1811 2971 animarum
1837 2952 2003 2976 annexam,
2053 2946 2084 2972 in
2111 2946 2232 2972 Narbo-

1225 2982 1311 3008 nensi
1341 2983 1502 3015 provincia
1532 2984 1667 3017 recipere
1697 2985 1810 3011 valeat.
1842 2985 1939 3018 (Rae.
1971 2985 2018 3016 25,
2050 2985 2070 3012 f.
2103 2986 2159 3011 116
2185 2990 2232 3017 νο,

1224 3028 1273 3048 an.
1312 3021 1363 3053 IV,
1399 3030 1422 3049 c.
1461 3023 1520 3055 15.)
