2477 3512
994 307 1271 349 QUATRIEME
1291 307 1453 340 ANNEE
2223 313 2282 343 767

163 428 176 444 «
197 417 308 455 itaque
333 416 487 455 magistro
514 416 551 446 G.
578 409 798 455 personaliter,
826 418 859 445 et
885 415 1027 445 Gallutio
1054 423 1168 453 procu-

165 482 176 497 «
198 472 304 499 ratore
333 469 411 499 dicti
439 469 647 498 Windekindi
675 477 733 507 pro
762 477 799 498 eo
829 467 1091 506 comparentibus
1120 467 1166 505 (1)

165 534 176 549 «
199 531 306 552 coram
321 522 422 556 nobis,
439 531 478 551 ex
491 524 583 560 parte
599 521 676 550 dicti
690 521 835 559 magistri
851 521 887 550 G.
903 520 1027 549 libellus
1042 520 1170 549 oblatus

165 587 176 601 «
199 575 309 604 extitit
328 575 360 603 in
379 575 464 604 hunc
483 566 616 603 fnodum
637 584 643 603 ;

240 627 353 657 Coram
384 627 476 656 vobis
506 627 689 656 venerando
720 628 811 664 patre
843 626 972 655 domino
1002 625 1055 660 H.‚
1083 624 1171 654 tituli

165 692 177 707 «
199 682 309 710 sancte
332 679 448 709 Sabine
469 679 645 717 presbitero
667 679 831 712 cardinali,
854 678 1002 717 partibus
1023 678 1171 707 auditore

165 745 177 760 «
200 741 358 767 concesso,
378 732 456 761 dicit
473 734 505 761 et
523 731 675 770 proponit
692 732 844 769 magister
862 731 970 764 Guiso,
990 730 1171 769 prepositus

166 797 178 812 «
200 785 328 815 ecclesie
353 784 576 818 Frislariensis,
602 784 790 822 Maguntine
816 784 958 817 diocesis,
984 783 1171 812 Windekin—

165 850 178 865 «
200 838 277 867 dum
309 837 347 866 de
378 837 543 870 Waldeke,
576 836 766 866 canonicum
798 836 1011 865 Frislariensis
1042 835 1171 865 ecclesie

166 902 178 917 «
200 890 342 928 predicte
377 889 520 924 diocesis,
557 889 644 928 quod
679 898 751 918 cum
787 889 873 918 dicta
901 888 1101 927 prepositura
1130 888 1171 917 ad

166 954 178 970 «
199 943 305 980 ipsum
325 942 498 972 Guisonem
519 942 557 971 de
575 942 645 980 jure
665 941 826 980 pertineat
845 950 885 970 ex
904 941 1057 970 canonica
1077 941 1171 970 colla-

166 1007 178 1023 «
199 996 286 1024 tione
304 995 364 1024 sibi
381 994 478 1029 facta,
498 997 530 1023 et
547 994 645 1023 fuerit
661 995 765 1023 eidem
782 994 977 1023 auctoritate
994 993 1170 1032 apostolica

166 1059 178 1074 «
200 1048 398 1086 adjudicata,
413 1047 558 1086 prefatus
570 1047 806 1076 Windekindus
819 1047 1054 1085 preposituram
1068 1046 1171 1084 ipsam

166 1112 178 1127 «
200 1100 424 1130 nichilominus
460 1102 572 1129 contra
607 1100 770 1138 justitiam
807 1099 931 1129 detinet
967 1101 1170 1137 occupatam,

158 1158 178 1180 ⁷«
200 1162 343 1182 asserens
359 1162 391 1182 se
406 1153 458 1190 J'us
474 1153 591 1182 habere
608 1152 638 1181 in
656 1161 692 1181 ea
710 1153 748 1181 de
764 1152 861 1186 facto,
879 1161 952 1181 cum
969 1152 1007 1181 de
1022 1152 1091 1190 jure
1108 1160 1171 1180 non

165 1217 177 1232 «
200 1206 329 1235 habeat.
351 1205 444 1234 Unde
463 1205 546 1243 petit
565 1214 622 1243 per
639 1214 707 1239 vos,
728 1205 909 1234 venerande
928 1207 1029 1242 pater,
1051 1204 1171 1233 dictam

166 1270 178 1285 «
200 1258 436 1296 preposituram
470 1267 543 1287 cum
576 1257 701 1296 juribus
735 1260 767 1287 et
801 1257 1004 1295 pertinentiis
1036 1257 1101 1286 suis
1134 1266 1172 1286 ac

167 1323 178 1338 «
200 1311 359 1340 fructibus
381 1311 487 1340 medio
509 1313 654 1348 tempore
677 1320 716 1339 ex
737 1310 781 1339 eis
804 1310 973 1348 perceptis,
997 1309 1172 1339 sententia-

168 1375 179 1391 «
201 1364 273 1393 liter
289 1364 443 1392 declarari
459 1363 500 1392 ad
516 1363 653 1392 eundem
671 1363 844 1392 Guisonem
861 1363 1019 1401 pertinere
1037 1362 1075 1391 de
1089 1363 1170 1400 jure,

166 1428 178 1443 «
200 1418 233 1445 et
264 1416 419 1454 quicquid
449 1416 573 1445 factum
607 1418 655 1444 est
688 1416 727 1444 de
760 1424 796 1444 ea
829 1415 861 1444 in
893 1423 1027 1453 persona
1060 1415 1171 1453 ipsius,

166 1469 395 1498 «auctoritate
423 1468 599 1506 apostolica
630 1468 813 1497 confirmari
842 1470 874 1497 et
903 1468 1110 1501 corroborari,
1140 1471 1173 1497 et

167 1521 338 1550 «eundem
370 1521 622 1550 Windekindum
653 1521 694 1550 ab
725 1521 838 1550 eadem
868 1520 1071 1559 prepositura
1103 1529 1173 1549 sen-

166 1585 178 1601 «
200 1574 379 1603 tentialiter
391 1573 545 1607 amoveri,
560 1576 593 1602 et
607 1582 702 1611 super
715 1573 784 1611 ipsa
799 1573 859 1602 sibi
874 1576 1066 1612 perpetuum
1081 1573 1173 1602 silen-

165 1638 177 1653 «
199 1626 282 1655 tium
301 1626 433 1664 imponi,
454 1635 527 1655 cum
547 1626 671 1655 nullum
687 1626 740 1664 jus
759 1626 879 1655 habeat
897 1626 928 1655 in
948 1627 1070 1659 eadem,
1090 1626 1173 1664 petit

164 1690 176 1706 «
199 1687 354 1718 expensas
376 1678 480 1708 factas
503 1681 535 1708 et
557 1678 720 1708 faciendas
743 1688 823 1717 quas
846 1681 1006 1717 oportuno
1028 1681 1173 1717 tempore

164 1743 176 1758 «
199 1731 385 1761 declarabit.
414 1743 426 1758 »

206 1808 217 1823 «
240 1797 311 1826 Lite
338 1806 414 1826 vero
441 1806 537 1835 super
564 1797 651 1826 dicto
677 1797 784 1826 libello
811 1797 952 1835 legitime
979 1799 1173 1832 contestata,

164 1861 176 1876 «
198 1850 336 1888 prestito
357 1859 376 1879 a
398 1850 545 1888 partibus
565 1850 761 1888 JuramentQ
784 1849 879 1879 factis
901 1850 975 1879 hinc
996 1850 1069 1879 inde
1091 1850 1176 1888 posi—

163 1914 175 1929 «
198 1902 341 1932 tionibus
381 1905 414 1932 et
454 1903 715 1941 responsionibus
755 1902 946 1936 subsecutis,
988 1911 1171 1941 proponens

164 1967 175 1982 «
199 1955 304 1984 dictus
329 1955 483 1993 magister
508 1955 606 1985 Guiso
633 1964 689 1993 per
714 1955 970 1984 confessionnem
996 1956 1173 1985 adversarii

165 2019 176 2034 «
199 2008 247 2037 sui
275 2008 368 2046 plene
396 2010 543 2037 constare
571 2008 807 2046 preposituram
835 2017 967 2037 vacasse
995 2008 1173 2046 predictam

163 2071 176 2087 «
198 2069 254 2098 per
270 2063 408 2090 mortem
427 2061 591 2099 quondam
610 2060 772 2095 Eichardi‚
787 2061 942 2099 prepositi
960 2061 986 2089 F
988 2061 1175 2090 rislariensis

164 2125 176 2140 «
199 2113 327 2142 ecclesie
349 2114 543 2151 supradicte,
566 2122 603 2143 ac
625 2113 725 2151 ipsius
746 2114 948 2151 prepositure
971 2114 1175 2143 collationem

165 2177 176 2193 «
198 2166 239 2195 ad
253 2166 469 2195 venerabilem
483 2169 643 2204 patrem..‚
657 2166 884 2204 Maguntinum
898 2166 1174 2205 archiepiscopum

165 2230 176 2244 «
198 2219 367 2256 pertinere,
390 2219 561 2257 ipsumque
582 2221 614 2248 et
635 2219 873 2257 predecessores
895 2219 978 2248 illius
999 2219 1031 2248 in
1052 2229 1175 2257 posses-

165 2283 176 2297 «
199 2271 287 2300 sione
309 2271 493 2301 conferendi
516 2272 651 2301 eandem
673 2281 691 2301 a
714 2274 859 2310 tempore
882 2272 973 2309 cujus
996 2281 1059 2301 non
1083 2274 1175 2301 extat

164 2324 362 2358 «memoria,
393 2325 548 2358 extitisse,
579 2325 620 2353 ad
651 2325 852 2362 probandam
883 2325 1004 2354 dictam
1035 2325 1175 2363 preposi-

164 2388 175 2403 «
198 2379 306 2406 turam
329 2380 502 2406 vacantem
526 2387 581 2415 per
604 2380 741 2407 mortem
764 2378 912 2416 jamdicti
937 2378 973 2407 G.
997 2378 1038 2407 ab
1062 2379 1173 2407 eodem

165 2441 176 2455 «
199 2430 438 2468 archiepiscopo
457 2430 516 2459 sibi
535 2430 687 2459 canonice
704 2430 801 2459 fuisse
820 2431 980 2464 collatam,
1006 2431 1174 2469 ipsamque

164 2494 175 2509 «
198 2483 405 2520 postmodum
431 2492 519 2521 per.,.
546 2483 704 2512 decanum
729 2483 1011 2512 Warmaciemsem
1038 2484 1173 2522 ejusque

164 2546 176 2562 «
199 2535 333 2573 collegas
354 2535 550 2565 auctoritate
571 2536 748 2573 apostolica
770 2536 1003 2574 adjudicatam,
1026 2539 1058 2565 et
1079 2546 1174 2575 super

163 2600 175 2613 «
197 2596 233 2617 ea
269 2590 461 2626 perpetuum
497 2588 583 2617 dicto
620 2588 843 2618 Windekendo
878 2589 1068 2627 impositum
1105 2599 1172 2618 esse

164 2651 175 2667 «
197 2640 370 2674 silentium,
390 2641 514 2669 litteras
533 2641 765 2679 archiepiscopi
784 2642 953 2671 memorati
972 2651 1068 2680 super
1086 2642 1171 2671 dicta

165 2704 176 2719 α
199 2693 367 2723 collatione
393 2693 556 2722 confectas
581 2694 715 2732 ejusque
739 2694 841 2732 sigillo
866 2695 1020 2727 munitas,
1046 2697 1079 2723 et
1103 2704 1172 2723 sen-

164 2756 176 2772 «
198 2746 334 2775 tentiam
361 2746 521 2775 dictorum
546 2746 691 2784 judicum
718 2747 892 2776 eorundem
919 2747 1027 2785 sigillis
1052 2750 1085 2776 et
1110 2747 1172 2777 ins-

164 2809 176 2824 «
198 2798 353 2835 criptionc
385 2798 519 2827 testium
552 2799 737 2828 roboratam
770 2799 928 2833 exhibuit,
963 2802 996 2828 et
1029 2800 1172 2829 ostendit

165 2862 176 2877 «
199 2859 340 2880 asserens
366 2851 544 2889 predictam
570 2851 765 2880 sententiam
789 2852 983 2889 J'amdudum
1011 2853 1170 2890 prolatam

200 2979 374 3039 ¹·.}⁴⁸t²e'‘te
391 2980 427 3004 du
444 2981 557 3009 registre
574 2982 652 3009 porte
669 2980 873 3010 competentibuae
890 2982 936 3010 qui
953 2983 995 3005 ent
1011 2987 1064 3006 une
1081 2987 1172 3006 erreur

163 3018 238 3038 mam
252 3021 279 3039 es
294 3022 309 3039 e

1279 415 1343 443 «in
1372 424 1438 444 rem
1467 416 1618 445 transisse
1645 417 1836 455 judicatam,
1867 426 1939 446 cum
1968 426 2025 446 nec
2053 418 2094 447 ab
2123 427 2158 447 ea
2184 418 2282 448 fuerit

1276 478 1288 494 «
1310 468 1509 505 appellatum
1531 478 1587 498 nec
1607 469 1648 499 ab
1669 470 1804 499 adversa
1825 472 1917 508 parte
1938 472 2070 508 propter
2084 470 2152 508 ejus
2171 473 2283 501 contu-

1277 531 1288 546 «
1311 520 1448 549 maciam
1473 530 1512 550 ex
1535 530 1571 550 ea
1596 522 1738 559 potuerit
1761 522 1926 560 appellari.

1317 584 1328 598 «
1350 573 1470 602 Verum
1488 583 1503 602 e
1521 576 1632 603 contra
1651 575 1755 604 dictus
1773 577 1963 612 procurator
1978 575 2096 613 prefati
2113 576 2284 614 archiepis-

1275 635 1287 651 «
1310 625 1381 663 copi
1395 626 1599 655 collationem
1613 636 1653 656 ex
1666 636 1702 656 eo
1717 636 1781 656 non
1794 628 1900 656 valere
1915 628 2044 657 dicebat
2058 628 2143 666 quod
2159 637 2285 658 excom—

1276 689 1288 704 «
1310 678 1495 707 municatus
1514 682 1583 708 erat
1603 688 1639 708 eo
1659 682 1803 717 tempore
1823 689 1886 718 quo
1906 680 2027 709 dictam
2046 681 2283 719 preposituram

1277 742 1288 757 11
1311 731 1456 768 predicto
1475 731 1628 769 magistro
1649 732 1781 761 Guisoni
1801 733 1918 761 dicitur
1937 733 2119 767 contulisse,
2141 742 2196 771 per
2214 743 2284 763 sen-

1277 794 1288 809 «
1312 783 1448 812 tentiam
1468 793 1485 813 a
1506 784 1597 813 nobis
1616 786 1761 822 tempore
1780 785 1948 823 legationis
1969 788 2076 815 nostre
2095 786 2127 814 in
2147 787 2284 815 eundem

1278 847 1289 862 ι(
1311 836 1586 874 archiepiscopum
1622 839 1655 865 et
1690 837 1767 866 alios
1804 847 1887 866 nova
1923 838 2111 875 recipientes
2147 839 2281 877 pedagia

1278 888 1474 926 «prolatum
1506 889 1627 922 Leodii,
1661 898 1745 918 311110
1778 890 1898 918 (101111111
1930 890 2128 919 M.CC.LIII.
2162 891 2194 920 in
2225 900 2281 921 au-

1278 953 1290 968 «
1312 943 1460 979 tumpno,
1487 943 1519 970 et
1544 941 1619 980 quia
1646 942 1751 971 dictus
1776 943 1929 980 magister
1954 942 2052 971 Guiso
2074 943 2164 981 plura
2191 944 2286 973 bene—

1277 1004 1289 1020 «
1311 993 1385 1022 ficia
1406 994 1621 1023 ecclesiastica
1642 1003 1751 1023 curam
1768 994 1949 1023 animarum
1970 995 2124 1025 habentia
2145 996 2212 1025 sine
2224 997 2286 1025 dis-

1278 1058 1289 1072 «
1312 1046 1501 1084 pensatione
1540 1047 1629 1076 Sedis
1666 1047 1850 1085 Apostolice
1888 1048 2068 1081 obtinebat,
2106 1058 2286 1087 proponens

1279 1110 1290 1125 «
1313 1099 1537 1128 nichilominus
1555 1099 1716 1137 prefatum
1734 1100 1772 1128 V.
1800 1099 1959 1137 prefatam
1978 1101 2212 1139 preposituram
2231 1110 2287 1139 per

1279 1163 1291 1177 «
1314 1152 1437 1181 litteras
1446 1152 1528 1181 bone
1542 1152 1725 1186 memorie..‚
1738 1152 1930 1182 Albanensis
1947 1153 2101 1191 episcopi,
2117 1154 2285 1192 quondam

1280 1215 1291 1231 «
1314 1205 1346 1233 in
1371 1205 1517 1243 partibus
1541 1205 1708 1234 Alamanie
1732 1206 1916 1243 Apostolice
1942 1206 2030 1235 Sedis
2055 1207 2161 1245 legati,
2187 1216 2282 1245 super

1280 1269 1292 1285 «
1314 1258 1495 1296 provisione
1517 1258 1548 1287 in
1571 1258 1657 1287 dicta
1680 1258 1877 1287 Frislariensi
1899 1259 2029 1288 ecclesia
2050 1260 2087 1288 de
2110 1262 2284 1297 personatu

1280 1322 1291 1337 «
1314 1320 1368 1339 seu
1391 1310 1559 1348 dignitate,
1582 1320 1654 1340 cum
1676 1311 1717 1340 ad
1739 1311 1769 1340 id
1792 1321 1824 1340 se
1847 1311 1975 1340 offerret
1998 1312 2212 1349 oportunitas,
2241 1311 2287 1341 fa-

1280 1375 1291 1390 «
1314 1364 1425 1392 cienda
1454 1372 1628 1397 concessas,
1658 1364 1760 1393 eidem
1790 1364 1909 1393 dictam
1946 1365 2182 1402 preposituram
2218 1374 2287 1403 pre-

1280 1428 1291 1443 «
1315 1416 1399 1445 dicte
1422 1416 1601 1445 vacationis
1624 1419 1769 1454 tempore
1792 1417 1887 1446 fuisse
1912 1417 2061 1446 canonice
2092 1420 2285 1447 assecutum.

1281 1482 1292 1496 α
1316 1469 1417 1507 Super
1441 1469 1557 1508 quibus
1581 1469 1728 1498 formatis
1753 1470 1947 1507 quibusdam
1971 1470 2123 1504 articulis,
2149 1471 2189 1499 ad
2214 1479 2286 1508 pro-

1281 1534 1292 1548 «
1316 1522 1459 1550 bandum
1479 1531 1531 1551 eos
1551 1522 1713 1560 predictus
1732 1525 1921 1560 procurator
1939 1532 1970 1552 se
1990 1523 2123 1560 petebat
2141 1523 2282 1552 admitti.

1282 1587 1293 1601 «
1317 1575 1377 1604 Sed
1402 1575 1443 1603 ad
1469 1575 1528 1604 hoc
1552 1575 1715 1612 predictus
1739 1575 1892 1613 magister
1916 1575 2013 1605 Guiso
2039 1576 2198 1605 contrario
2222 1585 2285 1604 res-

1282 1639 1294 1654 «
1316 1628 1481 1665 pondebat
1500 1637 1567 1661 nos,
1588 1630 1755 1666 tamquam
1775 1628 1813 1657 de
1832 1628 1919 1657 facto
1938 1629 2075 1666 proprio,
2096 1631 2198 1658 certos
2217 1637 2283 1658 esse

1282 1691 1294 1707 «
1317 1680 1437 1709 nullam
1459 1680 1491 1709 in
1514 1680 1637 1710 dictum
1658 1681 1933 1719 archiepiscopum
1955 1690 2039 1710 anno
2062 1681 2192 1710 Domini
2213 1690 2285 1719 pro-

1282 1745 1294 1760 «
1316 1733 1404 1762 ximo
1432 1733 1618 1771 supradicto
1647 1733 1767 1767 Leodii‚
1797 1734 1966 1771 protulisse
1994 1735 2198 1768 sententiam,
2228 1743 2287 1763 nec

1283 1798 1295 1813 «
1317 1786 1436 1815 ibidem
1456 1795 1492 1815 eo
1512 1789 1657 1824 tempore
1677 1796 1734 1816 nos
1754 1786 1859 1821 fuisse,
1885 1787 1971 1825 quod
1986 1789 2018 1816 et
2037 1787 2122 1816 idem
2136 1787 2290 1825 magister

1284 1850 1295 1865 «
1319 1839 1417 1868 Guiso
1457 1839 1622 1868 nitebatur
1663 1840 1830 1868 ostendere
1867 1849 1906 1869 ex
1943 1840 2019 1869 data
2056 1840 2195 1878 plurium
2237 1840 2288 1869 lit-

1283 1903 1295 1918 «
1317 1894 1459 1920 terarum
1483 1894 1676 1926 nostrarum,
1700 1901 1780 1930 quas
1802 1895 1876 1930 post
1898 1901 2055 1922 recessum
2079 1895 2225 1922 nostrum
2248 1893 2288 1922 de

1283 1956 1295 1971 «
1318 1944 1436 1973 Leodio
1456 1953 1513 1982 per
1530 1945 1703 1978 Treverim,
1724 1945 1836 1974 Metim
1855 1948 1888 1974 et
1905 1945 2089 1975 Bisuntium
2109 1946 2284 1975 transitum

1284 2008 1295 2023 «
1317 1997 1474 2031 faciendo,
1501 1997 1532 2026 in
1557 2005 1699 2035 regressu
1725 2000 1834 2027 nostro
1859 1998 1899 2027 ad
1928 1999 2040 2028 Sedem
2066 1999 2286 2037 Apostolicam

1283 2050 1469 2079 «duximus
1501 2051 1730 2079 concedendas.
1764 2051 1968 2089 Subjungens
1999 2051 2097 2081 etiam
2130 2053 2216 2090 quod
2248 2062 2288 2082 ex

1283 2114 1295 2129 «
1318 2112 1403 2132 mera
1424 2103 1617 2132 liberalitate
1635 2103 1752 2141 prefati
1771 2104 2011 2142 archiepiscopi,
2032 2114 2094 2133 non
2115 2114 2154 2133 ex
2172 2105 2286 2135 litteris

1284 2167 1295 2182 «
1318 2155 1510 2193 impetratis,
1536 2156 1736 2194 prepositura
1759 2157 1819 2185 sibi
1843 2157 1958 2186 collata
1983 2157 2089 2186 fuerat
2112 2158 2286 2192 antedicta,

1284 2220 1295 2235 «
1318 2211 1413 2246 prout
1434 2218 1473 2237 ex
1492 2211 1602 2238 tenore
1621 2209 1801 2239 litterarum
1821 2209 1919 2247 ipsius
1939 2210 2168 2248 archiepiscopi
2187 2220 2287 2249 appa-

1283 2273 1294 2288 «
1317 2262 1419 2295 rebat,
1443 2270 1479 2290 ac
1502 2262 1563 2290 alia
1586 2262 1655 2299 ejus
1678 2262 1833 2291 beneficia
1857 2263 1986 2291 omnino
2009 2272 2123 2292 vacare
2146 2264 2286 2297 volebat,

1284 2326 1295 2341 «
1318 2317 1413 2352 prout
1432 2317 1537 2343 essent
1556 2315 1595 2343 de
1612 2315 1681 2352 jure
1700 2317 1866 2349 vacatura,
1886 2318 2058 2354 postquam
2079 2316 2199 2345 dictam
2220 2326 2288 2354 pre-

1283 2378 1295 2393 «
1318 2367 1507 2405 posituram,
1527 2376 1589 2405 que
1607 2367 1705 2405 ipsius
1723 2370 1792 2397 erat
1811 2368 1960 2397 ultimum
1981 2369 2183 2403 beneficium,
2203 2370 2287 2407 paci-

1283 2432 1294 2446 «
1316 2419 1376 2449 sice
1398 2419 1510 2449 fuisset
1531 2421 1679 2458 adeptus,
1702 2421 1726 2449 si
1748 2430 1821 2449 euin
1843 2430 1937 2459 super
1958 2422 2018 2450 hoc
2039 2422 2175 2451 obtentu
2198 2423 2286 2452 Sedis

1283 2484 1293 2499 «
1316 2473 1500 2510 Apostolice
1527 2473 1723 2511 dispensatio
1750 2483 1812 2503 non
1838 2474 1977 2511 juvaret.
2004 2474 2131 2512 Adjeeit
2159 2484 2286 2513 quoque

1282 2537 1293 2551 «
1317 2526 1421 2554 dictus
1443 2526 1594 2563 magister
1615 2526 1722 2559 Guiso,
1739 2526 1850 2565 [quod]
1874 2536 1928 2564 per
1948 2527 2083 2556 formam
2106 2528 2285 2556 litterarum

1282 2590 1293 2604 «
1317 2578 1393 2607 dicti
1419 2579 1539 2607 domini
1564 2579 1754 2608 Albanensis
1778 2580 1819 2608 31)
1844 2580 2027 2609 adversario
2052 2580 2221 2618 allegatam
2248 2581 2285 2609 de

1282 2643 1293 2657 «
1316 2631 1402 2661 dicta
1420 2632 1620 2669 prepositura
1639 2641 1710 2670 que,
1729 2632 1812 2661 sicut
1829 2635 1920 2670 patet
1938 2642 1976 2661 ex
1994 2632 2190 2661 confessione
2208 2633 2285 2661 dicli

1282 2696 1293 2711 «
1317 2685 1542 2722 procurat01·iS‚
1573 2694 1681 2713 curam
1711 2685 1808 2714 habet
1837 2686 2016 2714 animarum
2045 2694 2215 2719 annexam,
2247 2686 2285 2714 de

1282 2749 1293 2764 «
1316 2746 1378 2775 qua
1397 2737 1429 2766 in
1448 2737 1566 2766 eisdem
1585 2737 1699 2766 litteris
1717 2738 1838 2767 mentio
1856 2738 1941 2767 facta
1961 2738 2056 2766 fuisse
2087 2747 2149 2767 non
2168 2738 2285 2767 dicitur

1281 2802 1293 2817 «
1316 2800 1355 2819 ex
1385 2791 1520 2819 adverso
1551 2790 1736 2827 supradicto
1766 2791 1815 2818 W.
1847 2799 1909 2819 non
1942 2793 2093 2828 potuerat
2123 2791 2282 2828 provideri

1281 2855 1292 2870 «
1316 2845 1446 2881 propter
1472 2843 1611 2872 rationes
1638 2843 1777 2872 maxime
1804 2843 1835 2871 in
1864 2843 2005 2880 predicta
2033 2843 2192 2872 sententia
2220 2843 2284 2873 dic-

1281 2903 1292 2918 «
1317 2893 1421 2920 torum
1443 2891 1588 2929 judicum
1611 2891 1808 2929 assignatas;
1833 2893 1943 2920 contra
1967 2900 2065 2929 quam
2087 2891 2281 2921 sententiam

1279 2956 1290 2970 «
1314 2944 1399 2973 nulla
1423 2953 1550 2981 prorsus
1572 2944 1787 2982 appellatione
1801 2952 1999 2981 suspensam,
2014 2953 2070 2982 per
2083 2953 2180 2982 quam
2196 2944 2282 2973 dicto

1278 3008 1290 3024 ι
1312 2997 1361 3026 W.
1382 3005 1477 3034 super
1496 2997 1581 3026 dicta
1602 2996 1801 3034 prepositura
1821 2999 2013 3034 perpetuum
2032 2997 2195 3026 silentium
2214 2999 2284 3026 erat
