2477 3512
182 260 226 292 82
888 253 1157 286 REGISTRES
1183 251 1535 285 D'ALEXANDRE
1564 252 1612 285 IV

182 367 298 396 cetero
320 362 486 394 duxerint
506 361 732 402 imponenda,
756 360 895 391 illorum
915 362 949 390 et
971 362 1193 391 statutorum

183 426 223 448 30
252 416 413 447 omnium
443 415 590 446 aliorum
621 414 687 445 fiat
716 412 862 448 amotio,
894 422 961 453 que
991 412 1195 443 redundant

183 470 217 501 in
252 479 372 501 earum
412 467 644 509 prejudicium
679 468 715 497 et
750 465 925 496 libertatis
959 465 1194 496 ecclesiastice

184 522 450 555 detrimentum.
498 520 548 550 De
594 519 755 550 facienda
801 518 946 559 quidem
991 518 1195 549 confedera-

184 576 281 607 tione
305 575 359 605 vel
383 574 553 605 societate
579 573 669 602 inter
692 571 829 612 aliquas
852 570 1017 602 civitates
1041 570 1195 602 Ecclesie

185 629 345 660 Romane
375 626 527 661 nomine,
559 635 637 656 cum
668 624 780 665 ipsam
813 623 944 655 talibus
972 633 1041 654 non
1072 623 1192 654 deceat

183 680 367 722 implicari,
390 682 425 710 te
447 678 649 710 nullatenus
670 677 902 714 intromittas,
925 677 1089 708 Preterea
1111 676 1195 717 quia

184 733 397 766 merentium
427 731 628 763 consolator
658 730 832 761 Dominus
860 730 1012 770 gemitus
1042 728 1195 761 Ecclesie

183 797 248 819 sue
283 786 475 818 clementer
511 783 650 815 audivit
687 786 721 814 et
760 782 912 814 lacrimis
950 782 1194 824 plurimorum,

186 840 248 882 qui
292 839 368 880 ejus
414 836 689 869 miscricordiam
735 846 840 877 super
884 836 995 866 tantis
1040 835 1195 876 ipsorum

185 892 357 933 angustiis
399 891 538 922 assidue
579 890 831 931 implorabant,
875 889 983 920 finem
1026 888 1196 930 imposuit

184 946 409 981 affectatum,
435 943 577 975 brachio
601 954 661 975 sue
685 942 843 984 potentie
867 941 1096 982 confrigendo
1120 950 1196 982 pre-

184 999 270 1031 dicti
292 1007 423 1030 cornua
447 996 591 1033 Ezelini,
615 1005 755 1027 crucem
779 995 907 1026 amodo
931 1004 1001 1025 non
1025 994 1193 1036 predices,

184 1061 249 1084 nec
271 1051 379 1082 facias
402 1049 585 1091 predicari.
613 1049 784 1080 Votorum
809 1048 917 1079 ctiam
941 1047 1197 1088 redemptionis

185 1115 255 1137 non
275 1104 396 1145 exigas
416 1112 477 1134 nec
498 1102 606 1133 facias
627 1102 670 1133 ab
691 1102 757 1132 illis
777 1101 867 1141 exigi
888 1100 948 1142 qui
968 1100 1051 1131 olim
1072 1102 1195 1132 contra

185 1157 370 1189 Ezelinum
405 1156 556 1187 eundem
593 1155 704 1186 crucis
740 1154 960 1195 signaculum
997 1162 1196 1194 assumpse-

184 1212 280 1247 runt,
302 1209 384 1251 quia
406 1218 468 1239 nos
488 1210 664 1249 oportuno
687 1210 855 1248 tempore,
879 1209 985 1248 prout
1004 1206 1196 1248 expediens

186 1263 304 1299 fuerit,
336 1271 441 1303 super
471 1261 536 1292 hoc
567 1260 770 1292 curabimus
803 1259 998 1301 providere.
1031 1260 1196 1291 Ceterum

185 1319 247 1348 tue
276 1313 581 1355 circumspectioni
611 1313 872 1344 committimus
901 1315 940 1343 ut
969 1312 1004 1343 in
1034 1312 1197 1354 partibus

184 1369 252 1400 illis
276 1377 430 1403 maneas,
456 1369 491 1397 et
517 1369 576 1397 tue
600 1365 786 1406 legationis
810 1365 969 1397 officium
993 1365 1098 1406 juxta
1123 1374 1198 1396 mo-

184 1431 259 1454 rem
282 1421 476 1463 prudenter
498 1429 537 1450 ac
562 1418 788 1450 laudabiliter
811 1418 1008 1460 exequaris,
1035 1418 1197 1450 dummo-

184 1475 230 1506 do
257 1472 486 1505 consideratis
512 1471 790 1504 circumstantiis
815 1471 1001 1513 oportunis
1026 1470 1197 1503 fiduciam

185 1528 318 1559 habeas
344 1526 449 1567 quod,
476 1535 581 1566 super
606 1525 671 1556 hiis
696 1534 764 1566 que
788 1524 958 1556 honorem
983 1524 1198 1565 contingunt

186 1580 352 1616 Ecclesie‚
382 1578 494 1620 possis
523 1578 597 1609 Deo
626 1577 781 1619 propitio
810 1577 1019 1618 prosperari.
1051 1576 1085 1608 Si
1113 1586 1196 1608 vero

189 1636 250 1665 tua
278 1632 453 1674 presentia
480 1631 612 1662 ibidem
641 1640 710 1661 non
736 1630 844 1661 suerit
870 1629 1065 1666 fructuosa,
1092 1629 1199 1661 licen-

188 1686 276 1717 tiam
297 1684 364 1716 tibi
385 1684 611 1716 concedimus
633 1683 728 1725 quod
751 1683 796 1714 ad
820 1692 884 1714 nos
919 1683 1007 1715 duce
1046 1682 1199 1714 Domino

188 1738 386 1771 revertaris.
415 1737 498 1768 Dat.
526 1736 697 1778 Anagnie,
724 1735 843 1767 idibus
870 1735 1076 1772 decembris,
1106 1746 1198 1767 anno

187 1791 326 1834 quinto.
352 1803 365 1819 »

269 1941 357 1967 3004
634 1941 767 1974 Anagni,
792 1941 808 1966 7
832 1940 1006 1966 novembre
1031 1940 1117 1966 1259.

234 1995 400 2029 Episcopo,
425 1995 542 2021 decano
567 1996 597 2020 ct
622 1994 759 2027 capitulo
785 1993 1034 2026 Lingonensibns
1058 1993 1199 2026 indulget

192 2041 229 2065 ut
248 2040 287 2065 ad
307 2039 517 2072 receptionem
538 2046 590 2064 seu
610 2038 820 2072 provisionem
840 2038 1038 2071 quorundam
1058 2037 1090 2063 in
1109 2044 1201 2063 cano-

190 2084 276 2110 nicos
289 2083 416 2109 minime
429 2085 607 2109 teneantur.
621 2083 718 2116 (ΒΕΘ.
732 2082 781 2113 25,
795 2082 815 2108 f.
831 2082 889 2108 230
902 2085 948 2113 v0,
963 2089 1012 2108 an.
1028 2082 1065 2113 V,
1078 2089 1103 2107 c.
1119 2082 1201 2115 232.)

237 2186 249 2201 «
268 2199 287 2205 ..
307 2174 464 2215 episcopo
482 2174 534 2205 el..
553 2173 678 2204 decano
696 2174 724 2204 el
742 2172 892 2214 capitulo
908 2172 1200 2214 Linqonensibus.

193 2226 382 2258 Desideriis
405 2226 532 2257 vestris
556 2226 590 2257 in
616 2226 683 2257 hiis
705 2226 839 2258 affectu
864 2226 1028 2258 benivolo
1051 2226 1203 2258 libenter

191 2279 382 2311 annuimus
410 2289 471 2320 per
497 2289 565 2321 que
592 2279 739 2310 materia
767 2282 947 2311 summota
974 2279 1204 2324 gravaminis,

191 2334 309 2364 status
332 2332 441 2364 vestri
463 2332 704 2373 tranquillitas
726 2335 947 2374 procuretur.
972 2332 1062 2365 Sane
1085 2335 1203 2365 vestra

193 2385 319 2427 petitio
351 2385 452 2417 nobis
483 2385 643 2417 exhibita
675 2385 885 2417 continebat
916 2386 1023 2427 quod,
1055 2386 1138 2417 licet
1168 2386 1204 2417 in

197 2438 407 2479 Lingonensi
440 2438 584 2470 ecclesia
617 2448 685 2479 que
717 2448 779 2479 per
809 2438 919 2470 felicis
950 2439 1205 2470 recordationis

197 2490 444 2523 Innocentium
470 2501 612 2532 papam,
639 2492 922 2532 predecessorem
948 2494 1122 2529 nostrum,
1149 2502 1205 2523 su-

193 2553 256 2585 per
279 2544 479 2586 receptione
504 2544 659 2586 plurium
683 2547 833 2585 gravata
857 2544 991 2582 extitit,
1018 2544 1206 2586 quamplu—

193 2606 248 2629 res
266 2597 310 2628 ad
330 2597 542 2628 mandatum
563 2600 723 2628 nostrum
742 2597 944 2639 receperitis
962 2598 997 2628 in
1016 2597 1205 2630 canonicos

194 2652 231 2681 et
249 2650 284 2681 in
303 2649 442 2687 fratres,
465 2659 614 2691 quorum
637 2653 705 2682 tres
726 2651 884 2682 nondum
904 2653 987 2682 sunt
1007 2651 1205 2692 prebendas

195 2702 281 2733 inibi
300 2703 462 2739 assecuti,
484 2706 603 2734 tamen
624 2703 770 2744 quidam
790 2703 859 2740 alii,
881 2714 985 2746 super
1004 2704 1204 2745 receptione

195 2765 234 2786 ac
266 2755 467 2797 provisione
498 2766 560 2787 sua
591 2756 626 2787 in
658 2757 781 2787 eadem
813 2756 958 2788 ecclesia
989 2757 1204 2789 auctoritate

193 2807 395 2840 litterarum
437 2811 639 2840 nostrarum
678 2819 743 2840 vos
784 2809 1030 2851 multipliciter
1070 2810 1205 2851 inquie-

195 2863 286 2892 tant.
312 2862 426 2900 Quare
450 2861 549 2892 nobis
574 2861 754 2893 humiliter
775 2862 1002 2904 supplicastis
1025 2865 1065 2894 ut
1088 2863 1205 2904 provi-

197 2914 276 2944 dere
298 2913 400 2945 vobis
422 2924 527 2955 super
548 2914 613 2946 hoc
637 2917 785 2956 paterna
809 2915 1045 2947 sollicitudine
1067 2924 1206 2947 curare-

196 2975 285 2997 mus.
306 2966 378 2998 Nos
395 2967 528 3009 itaque,
548 2967 676 3000 vestris
693 2968 1014 3010 supplicationibus
1032 2968 1202 3006 inclinati,

1302 359 1479 401 premissis
1522 358 1614 390 veris
1657 359 1905 395 existentibus,
1951 359 2167 390 auctoritate
2210 358 2311 390 vobis

1303 412 1519 454 presentium
1556 411 1781 451 indulgemus
1819 414 1858 442 ut
1895 412 1938 443 ad
1976 412 2214 453 receptionem
2250 420 2311 443 seu

1302 465 1540 507 provisionem
1583 464 1707 496 talium
1752 474 1813 505 per
1853 464 1990 496 litteras
2031 464 2126 506 ipsas
2167 464 2312 496 minime

1301 518 1505 554 teneamini,
1538 527 1599 550 nec
1629 518 1674 549 ad
1705 517 1738 549 id
1770 516 1932 559 compelli
1963 517 2115 558 possitis,
2145 517 2254 549 etiam
2283 516 2312 549 si

1302 571 1346 602 ad
1375 571 1616 607 inhibitiones,
1647 571 1904 602 reservationes
1931 573 1967 602 et
1995 570 2082 602 alias
2111 579 2312 612 processum

1302 624 1349 655 sit
1370 634 1432 665 per
1452 625 1605 660 easdem,
1630 624 1723 665 quod
1748 624 1889 655 obstare
1912 623 2114 655 nullatenus
2136 623 2311 659 volumus.

1303 676 1498 709 dummodo
1534 677 1784 718 impetratores
1820 686 1941 708 earum
1978 686 2048 708 non
2083 676 2216 708 tuerint
2252 684 2314 717 per

1303 729 1380 762 illas
1416 730 1547 772 recepti
1584 730 1640 762 vel
1676 730 1828 762 assecuti
1866 730 2062 771 prebendas
2097 730 2132 760 in
2168 728 2313 761 ecclesia

1303 783 1537 824 supradicta;
1576 783 1827 825 suspensionis.
1867 781 2246 815 excommunicationis
2277 784 2316 815 et

1304 835 1485 869 interdicti
1515 837 1722 873 sententias,
1755 837 1782 869 si
1814 846 1903 878 quas
1933 836 2148 868 auctoritate
2179 835 2316 868 littera-

1305 899 1385 922 rum
1403 890 1560 931 ipsarum
1578 890 1615 922 in
1632 899 1697 922 vos
1715 890 1771 922 vel
1791 890 1826 921 in
1843 890 1997 931 aliquem
2012 892 2172 922 vestrum
2189 891 2316 921 contra

1305 946 1466 975 tenorem
1506 944 1723 985 presentium
1764 943 1976 985 promulgari
2017 942 2216 983 contigerit,
2257 942 2317 975 de-

1307 999 1491 1029 cernentes
1515 996 1633 1028 irritas
1656 1000 1692 1028 et
1717 997 1850 1029 inanes.
1877 996 2051 1028 Nolumus
2076 999 2196 1028 tamen
2219 995 2315 1037 quod

1309 1049 1446 1081 dilectis
1476 1049 1559 1081 filiis
1590 1049 1712 1087 Paulo,
1747 1053 1831 1081 nato
1863 1050 1990 1082 nobilis
2020 1049 2085 1081 viri
2117 1048 2242 1090 Angeli
2273 1048 2315 1080 de

1306 1102 1437 1135 Sancto
1478 1103 1686 1140 Eustachio,
1728 1103 1815 1135 civis
1857 1103 2021 1140 Romani,
2062 1105 2099 1135 et
2139 1102 2316 1139 Deodato,

1302 1164 1475 1198 germano
1517 1157 1635 1190 dilecti
1676 1156 1739 1188 filit
1780 1157 1937 1198 magistri
1980 1156 2114 1198 Augen,
2155 1155 2317 1188 canonici

1306 1209 1613 1249 (jathalaunensis‚
1654 1210 1691 1242 in
1732 1212 1851 1242 nostra
1894 1210 1989 1242 curia
2031 1209 2210 1246 advocati,
2253 1218 2316 1251 pro

1306 1272 1457 1304 quorum
1481 1264 1682 1306 receptione
1705 1273 1745 1295 ac
1769 1263 1969 1305 provisione
1992 1263 2028 1294 in
2051 1263 2147 1295 dicta
2170 1261 2316 1295 ecclesia

1306 1316 1498 1349 direximus
1526 1317 1658 1359 scripta
1688 1319 1819 1354 nostra,
1850 1326 1912 1358 per
1939 1316 2004 1348 hoc
2032 1316 2144 1358 possit
2171 1314 2316 1357 aliquod

1303 1371 1462 1412 generari
1482 1370 1716 1412 prejudicium
1735 1369 1791 1402 vel
1810 1369 1933 1411 gratiis
1951 1369 2000 1401 eis
2018 1368 2123 1402 factis
2140 1369 2176 1401 in
2195 1369 2315 1411 aliquo

1305 1424 1476 1465 derogari,
1500 1426 1564 1455 aut
1586 1424 1682 1465 quod
1705 1425 1886 1465 presentes
1907 1423 1952 1454 ad
1975 1422 2070 1464 ipsos
2090 1421 2319 1464 aliquatenus

1307 1487 1343 1509 se
1367 1478 1578 1509 extendant.
1606 1475 1702 1508 Nulli
1729 1479 1848 1508 nostre
1881 1475 2117 1508 concessionis
2141 1478 2177 1507 et
2201 1475 2317 1508 consti

1304 1530 1454 1562 tutionis
1486 1533 1553 1562 etc.
1587 1530 1671 1562 Dat.
1704 1529 1877 1571 Anagnie,
1906 1529 1958 1560 V1
1990 1529 2070 1560 idus
2100 1528 2316 1567 novembris,

1305 1593 1399 1616 anno
1426 1583 1563 1625 quinto.
1592 1596 1605 1611 »

1387 1756 1477 1782 3005
1739 1755 1873 1789 Anagni,
1900 1755 1936 1782 13
1959 1755 2122 1782 decembre
2145 1754 2236 1782 1259.

1351 1809 1500 1841 Antonio,
1523 1809 1635 1836 rectori
1657 1809 1836 1836 medietatis
1859 1808 2004 1836 ecclesiae
2027 1809 2064 1836 de
2087 1808 2206 1842 Choing
2228 1808 2318 1842 cujus

1311 1855 1484 1888 proventus
1507 1854 1645 1880 valorem
1669 1860 1809 1880 annuum
1832 1855 1969 1887 quatuor
1991 1860 2168 1880 marcarum
2191 1852 2319 1880 Sterlin-

1310 1904 1419 1932 gorum
1441 1906 1503 1924 non
1525 1898 1692 1929 excedunt,
1714 1897 1856 1930 indulget
1878 1899 1913 1924 ut
1935 1897 2097 1925 ecclesiam
2118 1897 2156 1924 de
2177 1897 2318 1932 Steping.

1310 1942 1535 1970 Lincolniensis
1563 1942 1704 1974 diocesis,
1731 1942 1821 1975 quus
1848 1944 2021 1976 proventus
2047 1942 2220 1969 valentiam
2247 1943 2318 1969 octo

1309 1994 1486 2014 marcarum
1513 1987 1738 2020 Sterlingorum
1765 1994 1828 2013 non
1854 1986 2028 2020 attingunt,
2055 1987 2189 2020 recipere
2208 1986 2317 2020 possit.

1308 2031 1407 2065 (Res.
1425 2031 1474 2063 25,
1490 2031 1511 2058 f.
1529 2031 1588 2058 230
1603 2035 1650 2063 v⁰,
1667 2038 1716 2057 an.
1735 2030 1772 2063 V,
1788 2038 1813 2057 c.
1831 2031 1913 2063 233.)

1355 2132 1367 2149 «
1401 2120 1564 2157 Antonio,
1592 2120 1709 2152 rectori
1735 2120 1923 2153 medietatis
1948 2120 2080 2152 ecclesie
2105 2121 2144 2152 de
2173 2120 2318 2162 Choinq,

1307 2172 1563 2205 Lincolniensis
1595 2173 1749 2205 diocesis.
1783 2173 1918 2205 Meritis
1951 2173 2139 2206 laudabilis
2171 2182 2317 2206 conver-

1309 2226 1456 2258 sationis
1499 2245 1555 2258 —.
1602 2227 1686 2258 Dat.
1731 2227 1903 2268 Anagnie,
1950 2227 2067 2258 idibus
2111 2226 2317 2264 decembris,

1310 2289 1403 2312 anno
1427 2279 1564 2321 quinto.
1589 2292 1602 2309 »

1387 2453 1479 2480 3008
1746 2452 1881 2486 Anagni,
1906 2452 1941 2479 17
1965 2452 2129 2479 decembre
2153 2451 2239 2478 1259.

1354 2508 1506 2542 Magistro
1543 2506 1683 2534 ,Iohanni
1721 2505 1758 2532 de
1797 2506 1936 2539 Stampis
1973 2505 2124 2533 canonico
2161 2503 2322 2536 Meldensi,

1312 2553 1445 2580 mandat
1462 2554 1499 2578 ut
1522 2551 1673 2584 magistro
1692 2550 1832 2577 ‚Iohanni
1851 2550 1889 2577 de
1909 2550 2027 2582 Dobra,
2045 2549 2158 2577 rectori
2177 2548 2323 2576 ecclesiae

1313 2598 1350 2624 de
1381 2596 1543 2630 Radulphi
1569 2595 1661 2627 Villa,
1689 2594 1939 2622 constantiensis
1965 2594 2106 2626 diocesis,
2133 2593 2187 2628 qui
2213 2600 2324 2627 quam-

1314 2642 1388 2668 dam
1403 2640 1581 2675 portionem
1595 2640 1628 2666 in
1641 2639 1771 2666 ecclesia
1785 2640 1823 2665 de
1837 2638 1974 2670 Amblia‚
1988 2638 2168 2672 Bajoeensis
2182 2637 2322 2670 diocesis,

1315 2685 1381 2712 sine
1406 2684 1588 2718 Apostolica
1612 2683 1845 2718 dispensatione
1869 2683 2062 2714 obtinuerat,
2086 2682 2231 2709 eamdem
2253 2688 2324 2716 por-

1312 2729 1432 2756 tionem
1455 2729 1493 2755 de
1515 2736 1598 2755 novo
1621 2728 1772 2759 conferat,
1796 2728 1973 2761 receptione
1994 2727 2091 2754 libera
2113 2727 2198 2760 prius
2220 2733 2324 2760 recep-

1311 2775 1347 2800 ta
1365 2775 1423 2800 etc.
1442 2773 1539 2806 (Hm.
1557 2773 1606 2804 25,
1626 2773 1646 2798 f.
1665 2772 1723 2799 230
1740 2776 1786 2804 v0,
1804 2780 1853 2799 an.
1872 2772 1910 2804 V,
1927 2779 1952 2798 c.
1970 2772 2054 2804 234.)

1357 2875 1371 2891 «
1396 2862 1570 2903 IWayislro
1598 2862 1756 2894 ι101111111ιὶ
1785 2863 1824 2894 de
1852 2862 2016 2904 Stampis,
2045 2860 2207 2894 canonico
2234 2858 2326 2892 Mel-

1310 2915 1418 2947 densi.
1449 2915 1609 2948 Dilectus
1636 2915 1732 2947 filius
1761 2915 1930 2957 magister
1955 2933 2009 2946 —.
2039 2914 2124 2946 Dat.
2152 2913 2324 2954 Anagnie‚

1313 2967 1387 3000 XII
1411 2967 1480 3000 kal.
1504 2968 1669 3010 januarii,
1694 2978 1787 3000 anno
1813 2967 1950 3010 quinto.
1976 2981 1988 2997 »
