2477 3512
201 253 245 286 88
903 251 1172 284 REGISTRES
1198 250 1550 284 D'ALEXANDRE
1579 252 1628 285 IV

202 360 359 392 dentiam
391 358 594 399 hujusmodi
627 368 661 390 se
694 361 776 389 111111·
811 358 979 399 temporis
1009 357 1207 395 obtulisset,

200 413 290 445 sicut
323 413 381 443 uni
413 421 455 443 ex
487 411 563 443 aliis
594 411 735 442 ecclesie
765 410 935 451 jamdicte
967 411 1144 442 canonicis
1174 411 1208 442 in

201 475 240 497 ea
277 465 513 497 residentibus
548 464 682 503 integre
719 463 921 499 ministrari,
957 463 1065 495 ctiam
1101 464 1128 495 si
1164 465 1207 495 ad

202 521 430 560 pretaxatum
453 520 594 558 tempus
616 528 650 548 se
674 527 741 548 non
765 516 893 558 poterit
917 517 1030 548 cidem
1052 517 1208 558 capitulo

203 575 414 614 presentare,
441 570 634 601 dummodo
659 570 747 601 infra
773 570 942 601 kalendas
966 570 1106 610 augusti
1132 580 1210 611 pro-

200 625 295 656 ximo
335 634 425 655 nunc
463 626 633 654 venturas
670 623 942 664 completurum,
980 623 1084 664 juxta
1123 623 1208 654 dicti

200 677 328 709 statuti
369 680 537 712 tenorem,
578 676 689 717 ipsam
729 676 954 708 residentiam
993 687 1028 708 se
1067 676 1207 707 duxerit

200 730 488 772 presentandum,
522 739 591 760 non
624 730 790 761 obstante
822 732 960 761 statuto
1001 730 1075 771 ipso
1112 729 1208 770 jura-

201 786 332 820 mento,
351 782 622 814 confirmatione
641 782 733 814 dicte
753 782 850 814 Sedis
868 786 927 814 aut
949 783 1015 815 alia
1035 783 1207 814 firmitate

200 837 355 873 vallato;
375 836 654 867 contradictores
672 838 739 867 etc.
761 835 843 867 Dat.
865 836 1034 875 Anagnie,
1050 836 1205 868 Xllkal.

198 890 298 932 junii,
325 899 417 920 anno
443 888 533 920 V11.
561 901 573 917 »

279 1045 367 1071 3032
667 1047 801 1081 Anagni‚
826 1048 862 1074 12
885 1048 1012 1074 octobre
1037 1048 1122 1074 1259.

240 1098 456 1131 Wigorniensi‚
491 1099 697 1126 Lincolniensi
732 1102 761 1126 et
798 1100 1018 1127 Heret’ordcnsi
1052 1101 1204 1135 episcopis

199 1143 331 1169 mandat
349 1145 384 1170 ut
403 1143 433 1169 in
453 1144 602 1170 abbatem
621 1146 652 1170 ct
671 1146 863 1171 conventum
882 1145 1063 1172 monasterii
1083 1145 1205 1172 Gloces-

199 1186 288 1218 triae,
310 1187 531 1220 XVigorniensis
554 1188 694 1220 diocesis,
717 1189 770 1222 (1111
792 1189 822 1215 111
846 1197 939 1216 031153
962 1197 1033 1216 cum
1055 1190 1204 1223 magistro

199 1230 320 1264 Egidio,
340 1234 458 1258 rectore
475 1232 619 1258 ecclesiae
636 1233 673 1259 de
690 1233 795 1264 Stoke,
814 1234 1048 1260 Herefordensis
1066 1235 1205 1266 diocesis,

200 1277 354 1308 vertente,
387 1277 743 1303 excommunicationem
778 1280 808 1304 et
842 1278 1000 1304 interdicti
1033 1279 1206 1305 sententias

199 1320 404 1351 incurrerant,
433 1321 533 1347 (110135
561 1321 733 1347 sententias
762 1329 860 1355 usque
888 1323 928 1349 ad
956 1323 1206 1349 satisfactionem

199 1364 385 1397 condignam
406 1365 528 1398 publice
549 1365 705 1392 nuntient.
726 1366 824 1399 (Res.
845 1366 894 1397 25,
914 1367 934 1393 t.
955 1367 1013 1393 233
1033 1371 1078 1399 νο,
1099 1375 1148 1394 an.
1170 1367 1206 1395 V.

199 1415 224 1434 e.
246 1408 328 1441 258.)

245 1502 257 1516 «
279 1513 298 1520 ..
324 1488 592 1529 ll'iymvu'elisss„
619 1489 861 1527 Lim-olnicnsi,
884 1494 942 1523 et..
967 1491 1206 1533 Herelomleusi

199 1541 378 1583 episcopis.
410 1542 478 1573 Sua
510 1543 609 1574 nobis
638 1543 805 1583 magister
834 1544 990 1585 Egidius,
1021 1545 1206 1577 subdiaco-

199 1604 263 1626 nus
288 1597 416 1631 noster,
438 1597 552 1626 rector
571 1596 712 1628 ecclesie
733 1597 775 1628 de
797 1597 915 1634 Stoke,
938 1598 1206 1631 Here-fordensis

199 1647 356 1683 diocesis,
380 1648 550 1689 petitione
573 1649 786 1681 monstravit
810 1651 915 1691 quod,
939 1661 1019 1682 011111
1042 1651 1075 1682 111
1098 1661 1204 1684 031153

199 1710 266 1741 que
294 1700 386 1731 inter
413 1700 539 1742 ipsum,
569 1712 612 1733 ex
641 1705 741 1743 parte
771 1713 851 1739 una,
881 1706 940 1735 et..
971 1704 1139 1736 abbatem
1168 1707 1203 1737 et

199 1756 415 1784 conventum
461 1755 664 1786 monasterii
711 1755 913 1793 Glocestrie‚
955 1757 1204 1798 WigorniensiS

200 1806 356 1843 diocesis,
382 1817 487 1848 super
511 1808 666 1849 quadani
692 1809 837 1849 pecunie
862 1820 1012 1847 summa,
1040 1811 1204 1852 dampnis

199 1862 234 1891 et
267 1860 438 1901 expensis,
473 1870 515 1892 ex
548 1860 658 1892 altera
691 1862 854 1899 vertitur,
889 1863 1057 1895 dilectum
1091 1864 1204 1895 silium

199 1912 407 1953 magistrum
430 1912 649 1945 Bernardum
677 1914 856 1956 Ispanum,
880 1916 1102 1958 capellanum
1127 1927 1205 1949 nos—

200 1967 305 2001 trum,
331 1966 530 1997 dederimus
554 1967 715 2008 partibus
738 1969 948 2006 auditorem,
974 1970 1067 2001 idem
1091 1970 1206 2012 capel-

198 2017 310 2055 lanus,
341 2019 421 2060 quia
452 2020 537 2051 dicti
565 2020 676 2051 abbas
703 2024 735 2052 et
767 2025 975 2059 conventus,
1005 2023 1039 2054 in
1069 2024 1204 2065 prefixo

199 2072 247 2102 eis
286 2072 436 2103 termino
476 2074 712 2114 peremptorio
752 2075 966 2107 auctoritate
1005 2077 1204 2109 litterarum

200 2125 297 2156 Sedis
320 2125 520 2166 Apostolice
544 2136 745 2167 comparere
763 2138 881 2159 coram
899 2129 998 2160 nobis
1016 2140 1076 2171 per
1097 2141 1132 2162 se
1149 2131 1204 2163 vel

199 2186 259 2218 per
300 2181 563 2218 procuratorem
603 2179 781 2220 ydoneum
822 2183 1081 2215 contumaciter
1124 2194 1205 2216 con-

201 2232 430 2271 tempserunt,
452 2241 670 2273 quamquam
691 2234 869 2274 predictus
888 2235 1090 2276 capellanus
1110 2237 1203 2278 ipsos

199 2282 234 2313 111
253 2283 433 2315 audientia
453 2285 593 2325 publica
613 2286 742 2327 pluries
760 2287 860 2318 citari
879 2288 1000 2320 fecerit
1019 2293 1052 2321 et
1070 2290 1203 2322 diutius

199 2339 279 2377 post
310 2337 461 2368 eundem
495 2337 683 2370 terminum
715 2341 930 2381 expectavit,
964 2346 1109 2384 propter
1140 2344 1203 2375 hu—

195 2388 350 2429 jusmodi
394 2392 655 2423 contumaciam
700 2393 927 2426 manifestam
970 2395 1004 2427 in
1048 2397 1200 2429 eundem

197 2441 365 2473 abbatem
393 2445 768 2477 excommunicationis
795 2450 830 2478 et
856 2447 890 2479 in
918 2449 1094 2489 predictos
1121 2460 1202 2482 con-

197 2497 346 2526 ventum
385 2496 562 2528 interdicti
603 2500 807 2537 sententias,
848 2501 1009 2542 exigente
1047 2502 1200 2543 justitia,

230 2581 252 2601 1.
271 2581 320 2602 Sic.
338 2581 376 2602 On
393 2584 453 2607 peut
470 2583 522 2604 etre
539 2585 631 2610 suu-pris
647 2585 678 2606 de
695 2586 749 2606 volr
765 2592 812 2607 une
830 2587 902 2608 lettre
919 2588 949 2608 de
966 2588 989 2609 la
1006 2589 1107 2610 stxieme
1123 2590 1203 2611 annee

197 2616 232 2637 du
247 2616 380 2641 pontificat
395 2617 563 2640 d'Alexandre
580 2620 613 2640 IV
628 2621 720 2646 figuret
734 2622 814 2647 parmi
829 2622 864 2643 les
878 2623 964 2644 lettres
979 2624 1009 2644 de
1025 2624 1048 2644 la
1063 2625 1203 2650 cinquieme

198 2651 284 2672 annee.
303 2652 448 2677 Cependant
465 2660 528 2675 nous
545 2661 575 2676 en
593 2662 671 2676 avons
689 2663 722 2677 un
739 2658 811 2678 autre
828 2658 940 2684 exemple
957 2659 1013 2684 plus
1029 2659 1088 2684 10111,
1107 2666 1164 2681 sous
1181 2661 1202 2681 le

198 2687 302 2707 numero
313 2687 384 2712 3035,
396 2688 460 2709 alors
472 2695 520 2715 que
531 2690 553 2710 le
564 2691 699 2712 document
711 2692 754 2717 qui
765 2693 813 2713 suit
826 2699 853 2713 ce
864 2693 961 2715 dernier
971 2696 1009 2715 est
1020 2695 1051 2716 de
1062 2695 1086 2715 la
1097 2696 1202 2716 seconde

198 2722 284 2743 annee.
300 2722 369 2743 Nous
383 2729 461 2744 avons
475 2725 532 2750 deja
547 2726 639 2751 signale'
653 2727 708 2752 plus
722 2727 784 2748 haut
799 2729 850 2753 (n00
863 2729 935 2754 2765,
949 2730 1023 2754 2766)
1037 2730 1102 2751 deux
1116 2731 1202 2752 lettres

198 2757 229 2777 de
244 2757 268 2778 la
283 2758 423 2783 cinquieme
439 2760 517 2781 annee
534 2762 694 2787 enregistrees
710 2768 770 2784 avec
787 2764 857 2784 celles
873 2765 904 2785 de
920 2765 943 2785 la
960 2765 1099 2790 quati-ieme
1115 2766 1201 2787 annee.

199 2792 238 2813 On
253 2799 412 2819 remen-quera
428 2796 548 2817 toutefois
564 2802 613 2822 que
628 2803 667 2818 ces
684 2798 749 2819 deux
766 2799 851 2820 lettres
867 2802 912 2820 ont
929 2800 968 2821 ete
984 2801 1129 2822 transcrites
1145 2803 1200 2822 tout

198 2827 213 2848 3
228 2827 251 2848 13
266 2828 301 2848 fin
316 2828 347 2849 de
362 2831 428 2850 cette
443 2832 523 2855 partle
538 2832 571 2852 du
587 2834 723 2854 manuscrit
738 2834 857 2858 reservee,
873 2841 903 2856 cn
918 2836 1036 2861 principe,
1052 2842 1102 2857 aux
1117 2837 1202 2857 lettres

198 2863 229 2883 de
244 2863 266 2883 la
281 2864 420 2889 quatrieme
434 2866 512 2887 annee
527 2868 551 2887 et
568 2868 668 2893 qu’clles
683 2869 815 2894 precedent
831 2870 893 2891 ainsi
908 2871 1131 2896 immediatement,
1147 2873 1202 2893 saul

199 2898 259 2918 trois
274 2899 380 2920 reuiuets
394 2901 471 2922 restes
485 2908 516 2922 en
530 2902 604 2924 blanc
618 2904 683 2929 (volr-
696 2904 752 2929 plus
767 2904 829 2926 haut
843 2909 872 2926 11ο
885 2906 957 2931 2767,
972 2907 1032 2928 note
1046 2907 1071 2932 1)
1085 2907 1156 2928 celles
1171 2908 1201 2928 dc

199 2932 223 2989 :a
239 2933 378 2989 cilpquieme
394 2937 473 2957 amic-e
489 2943 549 2958 avec
567 2938 694 2964 lesquelles
711 2939 767 2960 elles
784 2940 838 2961 font
856 2947 904 2962 une
920 2942 1054 2964 transitton
1072 2944 1142 2963 toute
1159 2949 1200 2964 na-

212 2973 254 2989 ure
273 2975 293 2990 e.

1259 357 1264 390 1

1315 358 1565 399 promulgavit,
1599 361 1703 400 prout
1735 359 1768 390 in
1800 360 2038 391 instrumento
2070 360 2210 402 publico
2240 361 2322 393 inde

1314 412 1476 443 confecto
1509 411 1660 451 sigillato
1694 411 1804 452 sigillo
1839 412 1947 454 ipsius
1979 413 2151 454 capellani
2186 413 2322 456 plenius

1315 464 1444 496 dicitur
1479 464 1663 496 contineri.
1702 466 1816 504 Quare
1855 466 2034 507 predictus
2071 469 2186 498 rector
2222 466 2323 498 nobis

1314 517 1529 559 supplicavit
1566 518 1746 550 humiliter
1782 521 1819 550 ut
1855 519 2051 551 sententias
2085 519 2180 560 ipsas
2215 519 2324 552 robur

1313 571 1507 602 faceremus
1539 571 1722 602 firmitatis
1753 571 1913 603 debitum
1945 571 2116 604 obtinere.
2150 572 2322 612 Quocirca

1314 624 1526 655 mandamus
1552 624 1721 665 quatinus
1745 624 1897 656 eundem
1923 624 2093 656 abbatem
2118 634 2324 657 excommu-

1314 676 1471 708 nicatum
1504 680 1539 708 et
1573 677 1686 708 dictos
1719 680 1936 708 conventum
1969 678 2178 709 interdictos
2211 687 2322 720 usque

1313 730 1357 761 ad
1386 730 1667 761 satisfactionem
1696 730 1908 770 condignam
1937 730 2082 771 singulis
2111 730 2235 762 diebus
2262 731 2324 763 do-

1314 783 1450 814 minicis
1483 786 1517 814 et
1552 783 1688 815 festivis
1723 783 1860 824 publice
1895 783 2067 815 nuntietis
2100 787 2135 815 et
2169 783 2214 815 ab
2247 783 2324 816 aliis

1312 836 1463 872 faciatis,
1491 846 1552 877 per
1577 836 1694 867 omnia
1721 836 1795 867 loca
1822 836 1855 867 in
1883 836 2012 877 quibus
2036 837 2201 878 expedire
2226 836 2324 868 vide—

1312 889 1398 925 ritis,
1424 888 1591 920 nuntiari.
1616 889 1717 929 Quod
1741 889 1768 920 si
1792 899 1861 920 non
1885 899 2006 920 omnes
2028 892 2094 921 etc.
2121 890 2203 921 Dat.
2228 889 2324 921 Ana-

1313 942 1401 983 gnie,
1432 942 1506 972 llll
1530 942 1609 973 idus
1633 941 1798 979 octobris,
1825 952 1918 973 anno
1943 942 2080 984 1111111111,
2108 957 2120 969 υ

1392 1101 1482 1127 3033
1810 1102 1944 1135 Anagni,
1969 1102 2001 1128 11
2027 1101 2129 1135 J‘uillet
2153 1102 2240 1128 1259.

1352 1155 1543 1189 Raymundo
1562 1156 1599 1182 dc
1620 1156 1754 1187 peralta,
1773 1156 1992 1182 archidiacono
2011 1155 2220 1187 Tirasonensi,
2238 1155 2319 1190 epis-

1314 1199 1383 1233 copi
1401 1200 1684 1233 caesaraugustani
1697 1200 1815 1234 nepoti,
1833 1200 1973 1233 indulget
1987 1201 2020 1226 ut
2034 1201 2158 1233 praeter
2169 1200 2324 1227 archidia-

1312 1246 1462 1270 conatum
1486 1245 1723 1271 Tirasonensern
1747 1246 1778 1271 et
1802 1244 1963 1271 ecclesiam
1987 1244 2024 1271 de
2042 1244 2138 1276 Pobo,
2154 1244 2323 1271 Caesarau-

1315 1290 1467 1322 gustanae
1507 1288 1647 1320 diocesis,
1687 1296 1794 1315 curam
1835 1289 2011 1316 animarum
2052 1288 2204 1315 habentes
2244 1295 2322 1322 quos

1314 1332 1448 1365 obtinet,
1482 1332 1542 1359 alia
1575 1333 1785 1360 ecclesiastica
1817 1333 1970 1360 beneficia
2003 1333 2098 1360 etiam
2131 1333 2156 1359 si
2189 1333 2323 1360 similem

1314 1384 1422 1404 curam
1450 1377 1589 1404 habeant
1619 1379 1650 1404 et
1678 1379 1865 1411 personatus
1894 1377 1944 1404 vel
1973 1377 2143 1411 dignitates
2172 1376 2323 1410 existant,

1316 1429 1414 1455 usque
1435 1422 1475 1448 ad
1495 1429 1656 1449 summam
1676 1423 1804 1448 centum
1832 1429 2010 1449 marcarum
2042 1421 2173 1455 argenti,
2194 1428 2323 1456 compu-

1314 1465 1391 1492 tatis
1416 1465 1674 1493 archidiaconatu
1698 1468 1729 1493 et
1754 1466 1882 1493 ecclesia
1905 1465 2085 1500 praedictis,
2109 1465 2142 1492 in
2167 1465 2322 1500 Hispania

1314 1510 1449 1544 recipere
1474 1511 1506 1537 et
1531 1510 1664 1537 retinere
1690 1510 1806 1542 valeat,
1833 1518 1894 1537 non
1921 1510 2069 1537 obstante
2095 1509 2322 1537 constitutione

1315 1562 1332 1582 a
1354 1554 1514 1588 quondam
1536 1554 1565 1581 J.
1589 1554 1751 1582 sabinensi
1772 1555 1928 1589 episcopo,
1949 1556 2027 1581 tunc
2047 1554 2078 1581 in
2098 1553 2243 1588 partibus
2263 1553 2322 1581 illis

1310 1599 1426 1632 legato,
1445 1599 1539 1626 edita.
1559 1599 1657 1632 (Rau.
1680 1599 1728 1631 25,
1748 1599 1768 1625 f.
1788 1599 1846 1626 233
1865 1603 1911 1631 νο,
1931 1607 1980 1626 an.
2000 1599 2038 1630 V,
2057 1606 2082 1625 c.
2102 1598 2185 1632 259.)

1356 1704 1369 1719 «
1404 1690 1609 1731 Raymundo
1645 1690 1684 1722 de
1721 1690 1867 1727 Perdita,
1905 1690 2144 1722 archidiacono
2183 1690 2319 1722 Tiraso-

1308 1744 1418 1776 nensi.
1438 1743 1593 1784 Adjutos
1612 1754 1750 1775 morum
1769 1747 1803 1776 et
1824 1763 1876 1775 ›—.
1898 1744 1981 1775 Dat.
2000 1743 2171 1784 Anagnie,
2192 1743 2222 1775 V
2240 1743 2320 1776 idus

1307 1797 1395 1838 julii,
1417 1806 1510 1828 anno
1531 1796 1668 1838 quinto.
1691 1810 1703 1825 n

1391 1956 1480 1982 3034
1840 1956 1975 1990 Anagni,
1998 1955 2036 1983 30
2057 1955 2126 1989 juin
2150 1955 2236 1982 1259.

1351 2009 1508 2044 Episcopo
1524 2009 1815 2043 caesaraugustano
1832 2009 2123 2043 successoribusque
2138 2008 2201 2036 suis
2216 2008 2319 2036 indul-

1311 2056 1363 2088 get
1379 2055 1415 2080 ut
1432 2054 1470 2080 de
1487 2053 1636 2086 Zuerade,
1653 2054 1692 2081 de
1708 2053 1840 2086 Uslibol,
1857 2054 1895 2081 de
1911 2053 2070 2086 Albalato,
2087 2053 2126 2080 de
2141 2052 2319 2085 Almuchol‚

1311 2099 1348 2125 de
1364 2098 1519 2130 Andorra,
1536 2098 1573 2125 de
1588 2098 1685 2125 Areos
1702 2098 1731 2125 S.
1750 2098 1866 2125 Mariae
1882 2099 1913 2125 et
1929 2097 1958 2125 S.
1977 2097 2111 2132 Spiritus
2127 2097 2165 2125 de
2180 2096 2317 2130 Turolio,

1311 2143 1340 2169 S.
1356 2142 1484 2169 Martini
1498 2143 1535 2169 de
1549 2142 1643 2174 Rivo,
1657 2143 1694 2169 de
1708 2142 1878 2177 Anempto,
1893 2142 1930 2169 de
1944 2141 2097 2174 Cotanda,
2112 2142 2150 2168 de
2163 2141 2317 2174 Xorchas,

1310 2187 1348 2213 de
1373 2186 1510 2218 Linares‚
1535 2187 1573 2213 de
1598 2186 1705 2218 Portu,
1730 2187 1768 2214 de
1792 2187 1968 2220 Avingalbo
1993 2187 2025 2213 et
2049 2186 2087 2213 de
2110 2186 2318 2213 Valderoures

1309 2231 1452 2258 ecclesias
1477 2238 1548 2258 cum
1572 2231 1769 2265 pertinentiis
1793 2231 1874 2258 sicut
1898 2231 2051 2258 hactenus
2076 2230 2115 2257 ad
2140 2237 2214 2257 usus
2238 2230 2318 2264 epis-

1309 2275 1425 2310 copalis
1445 2283 1570 2302 mensae
1590 2275 1722 2302 retinere
1741 2276 1871 2309 possint.
1892 2275 1989 2309 (ΗΕΘ.
2009 2275 2058 2312 25,
2079 2275 2099 2302 f.
2119 2274 2189 2307 234,
2208 2281 2258 2301 an.
2278 2273 2317 2307 V,

1310 2328 1335 2347 c.
1355 2319 1437 2353 260.)

1353 2422 1366 2438 «
1395 2434 1414 2442 ..
1443 2410 1600 2451 episcopo
1630 2410 1938 2451 Cesarauyuslono.
1968 2410 2055 2441 Cum
2084 2419 2103 2441 a
2133 2408 2233 2441 nobis
2260 2427 2316 2440 —.

1308 2463 1392 2494 Dat.
1415 2463 1586 2504 Anagnie,
1613 2463 1646 2494 II
1668 2462 1738 2495 kal.
1759 2462 1848 2504 julii,
1871 2473 1964 2495 anno
1987 2463 2124 2504 quinto.
2150 2475 2162 2490 »

1389 2613 1479 2639 3035
1840 2613 1974 2647 Anagni,
1997 2614 2035 2640 20
2056 2613 2125 2647 juin
2149 2613 2235 2640 1260.

1349 2666 1491 2693 Ministro
1520 2668 1551 2692 et
1579 2666 1696 2693 vicario
1726 2667 1909 2694 sclavoniae
1936 2674 1972 2694 ac
2000 2667 2172 2700 guardiano
2200 2666 2316 2694 ordinis

1308 2710 1464 2736 Minorum
1491 2710 1636 2737 ι1311101151
1664 2711 1795 2737 mandat
1822 2713 1857 2737 ut
1883 2711 2062 2738 abbatissae
2088 2713 2119 2738 et
2145 2711 2315 2738 conventui

1307 2755 1490 2781 monialium
1516 2755 1707 2781 inclusarum
1733 2755 1914 2782 monasterii
1940 2756 1968 2782 S.
1996 2755 2116 2782 Nicolai
2141 2755 2313 2787 Jadrensis,

1307 2799 1424 2825 ordinis
1442 2799 1471 2825 S.
1491 2799 1648 2831 Damiani,
1667 2800 1707 2825 ad
1726 2799 1904 2826 Romanam
1922 2800 2094 2826 Ecclesiam
2111 2799 2195 2826 nullo
2212 2799 2315 2826 medio

1307 2843 1504 2876 pertinentis,
1539 2845 1677 2876 quatuor
1711 2844 1748 2870 de
1782 2844 1931 2870 fratribus
1967 2851 2074 2870 eorum
2108 2843 2224 2870 ordinis
2258 2851 2314 2878 pro

1306 2887 1499 2914 celebrandis
1520 2887 1633 2914 divinis
1654 2887 1766 2914 officiis
1786 2889 1961 2915 concedant
1980 2888 2012 2914 in
2031 2888 2172 2922 ipsorum
2192 2895 2315 2915 monas-

1304 2931 1381 2957 terio
1400 2938 1629 2964 permansuros.
1648 2932 1746 2965 (Rea.
1766 2932 1814 2963 25,
1834 2932 1854 2958 f.
1874 2932 1943 2963 224,
1962 2939 2011 2959 an.
2033 2932 2070 2964 V,
2089 2940 2113 2959 c.
2133 2932 2187 2959 261
2206 2939 2213 2964 ς
2233 2931 2313 2958 Ροτ-

1304 2982 1409 3002 THAST
1428 2975 1561 3009 17892·.)

2450 3395 2465 3422 .Υ,
2466 3352 2470 3362 ,
