2477 3512
224 271 264 303 12
922 274 1189 307 REGISTRES
1218 276 1569 310 D’ALEXANDRE
1600 278 1646 310 IV

283 392 293 405 «ι
324 378 471 409 Henrieo
500 379 538 410 (Ie
569 379 730 419 lt'infflm,
760 379 934 421 capellano
963 384 1084 417 nostro,
1114 383 1238 414 decano

238 430 368 463 ecclesie
403 432 519 463 Sancti
554 432 704 463 ,1111111111
739 433 1000 465 Lmzdoniensis.
1037 435 1237 476 Apostolice

239 484 335 515 Sedis
367 485 566 525 benignitas
600 505 648 516 ⁷—.
683 486 764 517 Dat.
798 486 966 527 Anagnie.
1001 487 1066 518 XV
1091 487 1158 519 kal.
1192 489 1238 519 te-

239 537 378 573 bruarii,
405 547 496 568 anno
523 538 657 579 quinto.
686 552 697 565 »

317 678 406 704 2815
719 681 851 711 Armenii
877 681 911 707 12
936 681 1047 708 sevrier
1072 683 1157 709 1259.

279 731 413 757 Priorem
433 734 462 757 et
482 732 655 765 capitulum
674 734 862 760 cathedralis
881 734 1026 761 ecclesiae
1046 735 1074 762 S.
1095 736 1238 762 Andreae

235 775 266 801 in
295 775 409 807 Scotia,
436 776 552 802 ordinis
580 776 608 803 S.
638 777 815 810 Augustini,
844 780 932 812 rogat
959 781 990 806 et
1018 779 1164 807 hortatur
1191 782 1239 811 ut,

237 819 261 845 si
285 819 357 852 ipsis
382 820 514 853 placeat,
539 821 705 847 restituant
733 822 835 853 Petro,
859 822 979 853 clerico,
1004 825 1079 851 nato
1105 824 1238 858 Georgii,

236 863 358 889 comitis
373 864 410 889 (10
425 864 600 896 Cabaliaca,
615 865 775 892 ecclesiam
790 866 827 892 de
842 866 1035 899 Chinachim,
1051 867 1079 895 S.
1096 868 1239 895 Andreae

237 908 376 939 diocesis,
412 915 473 941 qua
508 916 578 934 eum
617 909 816 936 Innocentius
851 918 933 944 papa
971 912 1012 937 IV
1046 912 1238 946 privaverat,

237 951 309 985 quia
339 952 498 985 quondam
530 953 681 980 Frederici
710 954 783 980 olim
813 955 1009 989 imperatoris
1039 957 1145 984 fautor
1173 965 1237 985 esse

241 996 413 1022 dicebatur.
435 997 531 1027 (Huc.
554 998 601 1028 25,
623 998 642 1023 s.
668 998 721 1024 192
744 1002 788 1027 νο,
809 1007 858 1026 an.
881 999 916 1031 V,
937 1008 962 1026 c.
985 1001 1044 1031 47;
1068 1001 1241 1028 Porrimsr
1291 1007 1292 1042 ᾗ
1340 1024 1366 1055 Si
1414 1025 1507 1066 quod
1555 1024 1702 1066 predicti

1292 1071 1293 1075 ¹
1343 1078 1523 1110 habebant
1559 1077 1592 1108 in
1629 1077 1773 1110 decimis
1808 1077 1963 1120 predicte
1998 1080 2100 1114 terre,
2136 1077 2350 1120 promittens

239 1041 358 1073 17479»

286 1160 295 1171 ⁴·
327 1171 345 1177 ..
373 1147 481 1187 priori
510 1150 536 1178 cl
564 1148 711 1189 capitulo
740 1150 938 1181 callicdralis
966 1151 1097 1183 ecclesie
1125 1153 1242 1184 Sancli

240 1199 373 1231 Anclree
398 1200 432 1231 in
460 1201 581 1237 Scolia,
608 1202 739 1233 ordinis
766 1203 882 1234 Sancti
908 1204 1109 1244 ,11191151ιίιῄ
1136 1207 1242 1237 (lons-

240 1252 370 1283 titutus
404 1253 436 1283 in
472 1254 645 1294 presentia
727 1281 733 1286 .
774 1256 854 1287 Dat.
890 1257 1059 1298 Anagnie,
1100 1258 1131 1289 ll
1166 1258 1243 1290 idus

240 1305 415 1340 februarii,
449 1316 540 1337 anno
572 1307 707 1348 quinto.
742 1322 752 1335 ι)

318 1447 406 1473 2816
721 1449 855 1483 Anagni‚
881 1450 916 1476 12
940 1451 1052 1478 tevi-ier
1076 1452 1161 1479 1259.

279 1500 427 1534 Magistro
451 1502 565 1528 Rotino
588 1502 625 1528 de
648 1502 847 1536 Tohenengo‚
870 1505 1019 1531 canonico
1044 1505 1244 1539 Eboracensi,

240 1546 369 1571 mandat,
396 1548 441 1576 ut,
466 1546 491 1572 si
516 1547 667 1579 praedicti
692 1548 777 1581 prior
801 1550 831 1574 et
857 1549 1030 1582 capitulum
1056 1551 1243 1578 mandatum

239 1590 446 1623 apostolicum
465 1591 633 1624 adimplere
652 1592 854 1623 neglexerint,
873 1593 911 1619 ad
930 1593 1139 1626 provisionem
1160 1595 1244 1622 dicto
1294 1609 1295 1614 =

240 1634 332 1660 Petro
354 1634 462 1660 clerico
486 1635 660 1662 faciendam
684 1637 857 1670 provideat.
881 1637 977 1669 (neo.
1001 1638 1049 1669 25,
1072 1638 1092 1664 f.
1118 1639 1174 1665 192
1197 1644 1243 1672 νο,

239 1686 288 1704 an.
313 1678 348 1710 V,
371 1679 399 1704 d.
423 1682 462 1711 c.)

293 1794 295 1801 ι
343 1778 512 1819 ,1111913110
559 1780 682 1820 Ii'asino
727 1781 765 1811 (Ie
813 1781 1022 1822 'l'nlzciieiiyo,
1069 1782 1243 1823 capellano

241 1833 361 1866 nostro,
396 1832 568 1872 capellano
605 1833 819 1865 liboracensi.
856 1835 1067 1865 Constitutis
1101 1835 1133 1866 in
1170 1845 1244 1876 prc-

240 1885 350 1915 sentia
376 1904 419 1906 a*
440 1888 505 1915 etc.
531 1896 639 1926 usque
663 1886 694 1917 in
722 1887 837 1918 l'inein.
864 1902 874 1914 n

317 2026 405 2052 2817
720 2030 854 2062 Anagni,
879 2030 915 2056 13
939 2031 1051 2058 sevrier
1075 2032 1161 2059 1259.

279 2070 559 2098 Renuntiationem
590 2073 675 2098 omni
695 2073 755 2106 juri
776 2074 806 2100 in
827 2074 954 2101 decimis
983 2075 1114 2109 alicujus
1144 2078 1244 2104 terrae
1293 2091 1295 2111 2

1294 2114 1295 2122 ¹
1344 2129 1354 2140 τ’
1371 2115 1619 2147 canonicorum
1667 2113 1755 2154 (sic)
1800 2112 1941 2144 ecclesie
1986 2112 2107 2144 Sancti
2150 2112 2260 2145 Marci
2309 2113 2351 2145 de

239 2114 417 2147 Padwanae,
442 2116 480 2142 ab
504 2117 674 2143 Aleardino
698 2118 858 2147 canonico.
881 2120 1007 2146 nomine
1029 2120 1245 2155 archipresby-

238 2159 295 2184 teri
315 2161 343 2185 et
365 2160 494 2192 capituli
513 2161 658 2187 ecclesiae
679 2162 847 2189 Paduanae
867 2163 897 2189 in
918 2165 1101 2191 monastorii
1121 2166 1149 2192 S.
1181 2167 1245 2194 Ma-

238 2202 299 2228 riae
326 2203 363 2229 (10
389 2204 566 2237 Virginibus
593 2206 629 2231 de
656 2205 794 2232 Venetiis
820 2207 960 2234 favorem
986 2208 1104 2236 factam
1133 2211 1245 2238 confir-

237 2248 314 2278 mat,
337 2247 537 2275 instrumenti
560 2249 630 2275 inde
652 2250 786 2276 confecti
808 2252 947 2277 tenorem
970 2252 1115 2280 inserens.
1148 2255 1246 2288 (Rae.

238 2291 286 2321 25,
305 2292 325 2317 f.
346 2291 401 2317 192
420 2296 465 2320 νο.
483 2301 532 2319 an.
554 2293 588 2324 V,
607 2301 632 2320 e.
651 2294 713 2323 48.)

286 2411 295 2423 ω
324 2422 342 2428 ..
369 2398 476 2439 priori
503 2401 531 2430 et
557 2401 732 2432 conventui
758 2403 955 2434 monasterii
982 2403 1102 2435 Sancte
1128 2406 1244 2437 Marie

239 2450 277 2481 de
318 2451 521 2491 Virqinibus
555 2452 594 2483 de
635 2453 791 2490 venetii&
829 2455 872 2486 acl
906 2456 1097 2488 Romanam
1133 2459 1244 2490 Eccle-

238 2504 326 2534 siam
351 2504 443 2535 1111110
466 2505 574 2536 medio
596 2506 807 2546 pertinenti&
832 2508 963 2540 ordinis
988 2509 1104 2541 Sancti
1127 2512 1242 2544 illari-i

239 2557 440 2588 Mantuani.
475 2558 524 2590 Ea
557 2568 623 2600 que
654 2559 786 2599 judicio
819 2560 872 2592 vel
905 2564 1090 2595 eoncordia
1125 2566 1243 2597 1011111-
1291 2578 1293 2589 1

241 2612 370 2641 uantur
392 2613 458 2642 ete.
483 2622 592 2653 usque
615 2614 835 2645 communiri.
861 2614 951 2646 Sanc
975 2616 1098 2657 petitio
1124 2622 1240 2651 vestra

240 2663 340 2694 nohis
359 2664 517 2695 exhibita
538 2665 745 2697 continebat
766 2668 872 2708 quod,
894 2668 974 2699 licet
996 2669 1103 2701 felicis
1132 2682 1244 2704 recor-

240 2715 393 2748 dationis
411 2717 451 2749 G.
464 2718 686 2758 predecessor
711 2722 839 2757 noster,
866 2723 901 2752 et
928 2732 989 2753 1105
1015 2726 1243 2764 postmodum

240 2770 282 2799 ad
320 2769 432 2801 instar
466 2770 586 2812 ipsius,
624 2772 724 2803 vobis
758 2773 771 2792 ¹
823 2774 1026 2807 (luxerimus
1063 2776 1244 2819 indulgen-

241 2822 324 2853 dum
353 2825 393 2853 ut
420 2823 461 2854 de
490 2824 657 2856 tredecim
686 2826 816 2857 mansis
844 2829 944 2863 terre,
974 2828 1141 2861 Paduane
1170 2831 1243 2863 dio-

240 2875 335 2911 cesis,
355 2885 374 2906 a
392 2875 494 2907 vobis
511 2877 701 2918 emptionis
721 2878 824 2909 titulo
844 2880 1014 2920 acquisito
1033 2881 1074 2913 de
1094 2884 1240 2923 pecunia

271 2990 292 3011 1.
311 2991 371 3017 Reg.
388 2998 393 3013 :
408 2992 486 3013 nobis.

1288 423 1289 428 1
1340 394 1447 426 quani
1480 385 1571 417 idem
1604 387 1827 428 predecessor
1856 387 1954 419 dedit
1985 389 2198 420 monasterio
2228 391 2346 421 vestro

1338 437 1470 469 intuitu
1497 438 1650 480 pietatis,
1678 440 1763 471 nulli
1789 440 1943 473 decimas
1967 441 2101 473 solvere
2127 441 2345 479 teneamoni‚

1338 490 1586 524 nichilominus
1620 495 1765 524 tamen..
1819 493 2091 535 archipresbiter
2139 497 2175 526 et
2209 495 2348 537 capitu-

1338 543 1408 576 lum
1446 545 1587 577 ecclesie
1626 546 1804 583 Paduane,
1842 549 2037 579 asserentes
2073 548 2168 589 quod
2206 548 2343 580 decima

1339 599 1426 629 terre
1458 598 1612 640 predicte
1643 599 1844 641 pertinebat
1874 601 1917 632 ad
1950 600 2052 642 ipsos.
2083 611 2161 633 eam
2191 611 2209 633 a
2242 601 2345 633 vobis

1336 653 1458 682 contra
1492 651 1709 691 indulgentie
1742 653 1897 694 predicte
1930 656 2087 686 tenorem
2120 664 2182 696 per
2212 654 2347 686 violen-

1338 703 1423 735 tiam
1457 707 1691 742 extorserunt,
1726 716 1830 748 super
1863 707 2020 748 predicta
2055 707 2189 739 decima
2223 717 2343 739 eoram

1339 757 1484 788 diocesis
1522 758 1700 799 judicibus
1741 760 1954 791 auctoritate
1996 760 2204 792 litterarium
2245 760 2346 792 Sedis

1338 810 1539 851 Apostoliee
1584 821 1645 843 vos
1685 812 1926 854 multipliciter
1950 813 2183 845 molestando.
2215 813 2343 845 Verum

1340 862 1558 899 Aleardinus,
1589 865 1778 897 canonicus
1809 866 2009 902 Paduanus,
2042 866 2181 898 nomine
2212 865 2348 908 predic-

1341 919 1457 950 torum
1479 917 1762 959 archipresbiteri
1784 921 1816 949 et
1839 919 1985 960 capituli
2005 928 2023 949 a
2045 919 2173 961 quibus
2192 918 2349 951 habebat

1339 981 1444 1013 super
1475 972 1538 1003 1100
1570 971 1717 1012 speciale
1751 972 1972 1008 mandatum,
2005 971 2107 1003 cessit
2139 971 2235 1003 omni
2265 971 2347 1013 juri,

1750 1024 2022 1067 archipresbiter
2066 1028 2101 1056 ct
2148 1024 2348 1067 capitulum

1341 1132 1434 1173 quod
1464 1130 1636 1163 nominati
1664 1131 1936 1173 archipresbiter
1961 1134 1994 1163 et
2022 1129 2219 1173 capitulum
2246 1130 2350 1163 vohis

1341 1193 1447 1226 super
1474 1184 1639 1226 predictis
1667 1184 1812 1216 decimis
1839 1184 1881 1216 de
1909 1187 2024 1216 cetero
2054 1194 2122 1215 non
2152 1184 2348 1216 movebunt

1342 1238 1496 1279 aliquam
1539 1238 1772 1278 questionem,
1814 1240 1918 1279 prout
1960 1237 1994 1269 in
2036 1237 2178 1279 publico
2219 1237 2350 1269 instru-

1344 1294 1462 1322 incnto
1508 1291 1586 1322 10110
1631 1291 1792 1322 confecto
1837 1290 1973 1332 plenius
2016 1290 2229 1322 continetur.
2275 1289 2349 1322 Nos

1343 1345 1459 1385 igitur,
1505 1344 1630 1375 vesu-is
1673 1343 1993 1386 supplicationibus
2037 1343 2206 1380 inclinati,
2252 1343 2348 1385 quod

1342 1408 1446 1440 super
1474 1398 1536 1428 hoc
1565 1397 1609 1428 ab
1637 1397 1759 1428 eodeni
1788 1396 1956 1429 canonico
1984 1397 2120 1428 factum
2147 1399 2201 1428 est
2228 1399 2347 1429 ratum

1343 1452 1514 1482 habentes
1543 1453 1574 1482 et
1608 1453 1761 1490 gratum,
1794 1450 1876 1481 illud
1909 1449 2122 1481 auctoritate
2153 1449 2347 1492 apostolica

1293 1522 1295 1534 1
1343 1504 1595 1535 confirmanius
1621 1506 1652 1535 et
1685 1503 1855 1545 presentis
1881 1502 2002 1544 scripti
2031 1502 2225 1544 patrocinio
2253 1512 2347 1534 com-

1343 1557 1532 1592 munimus,
1561 1560 1716 1588 tenorem
1741 1557 1898 1597 ejusdem
1924 1555 2150 1587 instrumenti
2174 1556 2216 1588 de
2240 1556 2348 1587 verbo

1343 1611 1386 1642 ad
1420 1611 1564 1641 verbum
1598 1609 1818 1651 presentibus
1848 1609 1950 1641 inseri
1980 1609 2150 1641 facientes
2179 1608 2240 1651 qui
2269 1608 2351 1641 talis

1342 1667 1391 1695 cst
1427 1675 1433 1694 ;

1927 1740 1965 1767 28
1989 1740 2160 1767 novembre
2184 1740 2271 1767 1258.

1389 1810 1399 1823 «
1431 1796 1534 1827 Anno
1568 1795 1710 1827 Domini
1742 1794 1968 1831 MCCLVIII,
2002 1794 2193 1826 indictione
2224 1794 2349 1836 prima,

1343 1862 1354 1877 α
1371 1849 1425 1881 die
1448 1848 1553 1880 tertio
1575 1850 1726 1880 exeunte
1749 1847 1944 1884 novembri,
1968 1847 2002 1878 in
2026 1847 2201 1889 presentia
2224 1847 2351 1880 horum

1343 1902 1517 1934 «testium
1543 1903 1759 1942 rogatorum,
1786 1900 1952 1933 videlicet
1979 1900 2126 1942 dompni
2149 1899 2251 1938 Boni,
2277 1910 2353 1933 mo-

1342 1969 1355 1984 «
1371 1955 1474 1987 nachi
1518 1955 1560 1986 de
1604 1954 1759 1990 Perusia,
1805 1953 1952 1985 diocesis
1995 1953 2186 1990 Tervisine‚
2231 1953 2352 1986 fratris

1343 2009 1630 2043 «Bonaventure,
1662 2007 1844 2049 presbiteri
1873 2009 1909 2038 et
1937 2006 2096 2038 canonici
2126 2006 2247 2038 Sancti
2277 2007 2352 2039 Sal-

1343 2076 1355 2086 a
1372 2062 1504 2093 vatoris
1526 2062 1566 2093 (10
1590 2060 1756 2096 Venetiis,
1780 2060 2003 2091 dominorum
2026 2059 2190 2100 Symonis
2212 2060 2348 2098 Mauro,

1344 2167 1538 2203 «Venonis,
1581 2166 1774 2208 presbiteri,
1817 2165 1992 2197 Dominiei
2035 2165 2179 2197 Plebani
2219 2166 2352 2207 presbi-

1344 2236 1354 2246 1‹
1371 2221 1447 2257 teri,
1476 2220 1594 2256 Marci,
1622 2219 1763 2251 ecclesie
1790 2218 1911 2250 Sancti
1938 2218 2142 2262 paterniani
2169 2218 2211 2250 de
2237 2218 2350 2251 Vene-

1344 2275 1440 2309 «tiis‚
1488 2273 1671 2307 leonardi,
1717 2272 1873 2303 custodis
1917 2271 2057 2303 ecclesie
2102 2271 2271 2303 Paduane
2313 2275 2350 2304 et

1344 2328 1530 2362 «alioruin,
1563 2326 1595 2356 in
1629 2325 1794 2359 Venetiis.
1827 2325 1859 2355 iu
1892 2325 2046 2356 claustro
2077 2324 2197 2356 Sancti
2228 2325 2351 2357 Salva-

1343 2381 1466 2416 «toris,
1497 2379 1661 2411 dominus
1689 2378 1900 2409 Aleardinus
1929 2378 1971 2409 (le
2000 2377 2120 2409 Monte
2150 2377 2347 2416 Lambono,

1342 2433 1560 2465 «canonieus
1606 2432 1806 2467 Paduanus,
1851 2430 2018 2471 syndicus
2061 2433 2096 2462 et
2139 2433 2350 2472 procurator

1343 2500 1353 2515 α
1370 2486 1502 2518 domini
1531 2485 1635 2521 Petri,
1664 2483 1946 2525 archipresbiteri
1972 2486 2008 2514 et
2033 2483 2180 2525 capituli
2207 2484 2349 2516 Padua-

1342 2550 1506 2575 «norum,
1542 2538 1633 2570 sicut
1668 2540 1765 2579 patet
1805 2546 1865 2578 per
1899 2536 2182 2578 procuratorium
2217 2537 2347 2570 instru-

1341 2595 1529 2624 «mentum
1568 2592 1770 2622 consectum
1810 2599 1870 2631 per
1907 2590 2110 2621 Johauuem
2149 2589 2192 2621 de
2228 2590 2347 2622 Butri-

1341 2645 1467 2687 «gello,
1504 2643 1692 2685 imperialis
1727 2643 1804 2674 aule
1840 2642 2017 2674 notarium
2053 2652 2072 2673 a
2108 2652 2163 2674 me
2197 2642 2346 2675 Alberto

1341 2713 1353 2727 u
1370 2698 1467 2733 Gaia,
1503 2697 1651 2731 notario,
1686 2696 1760 2727 viso
1794 2699 1827 2727 et
1862 2695 1963 2731 lecto,
1997 2695 2099 2736 cujus
2132 2698 2234 2727 tenor
2267 2696 2346 2728 talis

1340 2754 1420 2782 «est
1448 2761 1453 2782 2

1762 2828 1898 2859 Padoue,
1923 2826 1960 2853 10
1982 2827 2154 2854 novembre
2178 2827 2264 2855 1258.

1385 2898 1397 2912 ι(
1425 2883 1463 2914 In
1490 2883 1630 2915 nomine
1657 2882 1798 2914 Domini
1826 2881 1890 2912 Dei
1915 2879 2036 2917 eterni,
2064 2890 2157 2912 anno
2182 2881 2343 2923 ejusdem

1338 2936 1579 2968 «Nativitatis
1621 2934 1845 2970 MCCLVIII,
1888 2933 2080 2965 indictione
2121 2934 2246 2975 prima,
2288 2934 2344 2967 die

1338 2989 1500 3021 «decimo
1544 2989 1699 3020 intrante
1743 2986 1937 3023 novembri,
1982 2987 2207 3027 presentibus
2249 2996 2344 3029 pres-
