2477 3512
1002 269 1206 308 SIXIEME
1232 270 1399 309 ANNEE

136 381 280 413 «nensis
310 381 453 413 ecclesie
485 381 779 423 archiepiscopus,
814 382 850 413 P.
885 381 1144 423 Gratianopoli-

135 439 269 468 «tanus
291 436 488 478 episcopus,
514 435 708 477 Philippus,
732 436 978 477 Lugdunensis
999 436 1142 471 electus,

135 504 147 519 «
162 492 424 532 cognoscentes
444 493 483 522 ut.
502 490 625 522 arbitri
642 490 873 523 arbitratores
889 493 924 523 et
941 489 1143 523 amicabiles

135 545 426 587 «compositores,
452 545 494 577 de
518 545 666 587 querelis
690 555 749 577 seu
773 545 1009 577 controversis
1032 545 1144 586 agita-

136 601 210 632 «tis
248 601 341 632 inter
388 601 625 632 venerabilem
677 604 815 642 patrem
854 601 891 632 P.
930 600 993 631 Dei
1030 600 1143 641 gratia

133 655 367 697 «episcopum
390 655 683 692 Maurianensem,
707 658 742 687 et
764 656 960 697 capitulum
982 655 1141 696 ejusdem

133 709 238 746 «loci,
271 710 309 742 P.
341 710 492 752 priorem
524 713 559 742 et
589 710 776 742 canonicos
807 710 967 747 Ethonis,
999 719 1043 742 ex
1073 719 1140 741 una

133 777 145 792 «
161 767 271 806 parte,
297 768 332 796 et
355 765 449 796 viros
473 765 649 806 religiosos
675 765 717 797 D.
742 766 922 801 abbatem,
940 768 973 796 et
996 775 1140 797 venera-

135 817 267 849 «bilem
304 821 520 850 conventum
558 817 676 849 Sancti
714 818 894 849 Michaelis
930 818 1060 850 Clusini
1097 828 1139 850 ex

133 870 283 908 «altera,
313 880 418 913 super
446 871 603 912 prioratu
635 870 812 902 Hethonis
841 874 875 902 et
905 871 1142 912 pertinentiis,

133 933 266 965 «quem
299 924 416 956 dictus
447 924 559 955 abbas
590 934 670 955 cum
703 927 882 955 conventu
915 934 978 955 suo
1010 925 1074 956 sibi
1107 928 1139 956 et

133 977 375 1008 «monasterio
405 986 467 1008 suo
497 977 724 1018 appropriare
755 977 971 1009 auctoritate
1001 981 1139 1019 aposto·

131 1029 223 1061 «lica
263 1029 484 1066 intendebat,
527 1032 667 1071 recepto
708 1030 742 1061 in
783 1040 845 1061 nos
885 1031 1140 1072 compromisso

132 1082 361 1123 «juramento
385 1082 529 1114 firmato
553 1085 588 1114 et
613 1083 677 1113 sub
702 1085 797 1114 certa
823 1092 911 1124 pena
936 1093 954 1114 a
980 1084 1140 1125 partibus

132 1134 373 1177 «supradictis
404 1135 573 1177 inquisito
607 1136 759 1176 negotio,
793 1136 979 1177 diligenter
1010 1137 1140 1167 auditis

132 1191 194 1219 «et
228 1187 418 1219 intellectis
453 1198 519 1229 que
557 1191 675 1229 partes
709 1198 903 1230 proponere
939 1189 1137 1223 voluerunt,

132 1242 319 1272 «tractatu
344 1239 468 1272 habito
493 1250 573 1272 cum
598 1241 740 1278 eisdem,
767 1241 1029 1273 communicato
1053 1242 1139 1283 juris

131 1306 144 1322 «
160 1293 354 1335 peritorum
373 1293 528 1329 consilio,
549 1293 603 1325 die
622 1293 702 1325 lune
720 1296 803 1325 ante
821 1293 953 1326 festum
972 1294 1137 1326 Omnium

132 1359 144 1375 «
160 1346 371 1378 Sanctorum
402 1346 564 1388 partibus
594 1346 785 1387 assignata,
818 1347 862 1378 ad
894 1347 1029 1379 dictum
1062 1358 1138 1379 nos—

132 1402 254 1431 «trum
294 1401 473 1431 statutum
512 1402 547 1431 et
587 1399 775 1431 arbitrium
815 1399 1064 1441 proterendum
1104 1401 1136 1431 in

131 1453 234 1494 «ipso
256 1452 351 1484 dicto
372 1455 511 1483 statuto
532 1454 567 1483 et
588 1452 734 1483 arbitrio
756 1452 965 1494 proferendo
987 1453 1029 1484 de
1051 1453 1138 1494 peri-

130 1508 277 1537 «torum
303 1504 447 1537 consilio
475 1504 698 1547 procedimus
724 1505 759 1536 in
788 1505 880 1536 hunc
909 1506 1065 1537 modum.
1099 1506 1136 1536 In

130 1558 279 1600 «primis
312 1557 466 1599 quidem,
502 1557 543 1588 de
576 1566 741 1598 expresso
775 1567 946 1589 consensu
982 1558 1136 1599 partium

130 1610 408 1653 «predictarum,
440 1610 633 1642 retinemus
663 1610 757 1651 quod
789 1620 851 1641 nos
881 1614 951 1642 tres
982 1611 1036 1642 vel
1067 1611 1136 1642 duo

129 1673 202 1697 «ex
227 1663 327 1695 nobis
355 1672 465 1704 usque
493 1663 537 1695 ad
565 1672 698 1695 annum
725 1665 761 1694 et
789 1663 892 1701 diem,
922 1663 1135 1701 declarandi,

131 1716 426 1758 «interpretandi,
450 1715 612 1757 augendi,
635 1715 827 1753 minuendi,
851 1717 1046 1758 corrigendi
1067 1717 1138 1749 dic-

130 1772 236 1801 «tum
259 1772 421 1801 nostrum
444 1771 624 1800 statutum
648 1778 708 1800 seu
732 1769 919 1801 arbitrium
943 1769 1137 1802 habeamus

131 1822 353 1865 «plenariam
375 1824 603 1864 potestatem.
629 1821 892 1863 Subsequenter
915 1822 1134 1864 proferimus,

131 1889 143 1905 α
159 1875 443 1918 pronuntiamus,
470 1874 685 1912 ordinamus,
712 1874 905 1907 statuimus
930 1875 1136 1907 arbitrando

131 1929 253 1970 «quod
286 1928 463 1970 prioratus
495 1927 658 1965 Ethonis‚
691 1927 947 1959 Maurianensis
980 1928 1136 1967 diocesis,

131 1991 238 2014 «cum
279 1981 351 2013 suis
391 1980 617 2023 appenditiis,
658 1980 797 2022 juribus
837 1984 873 2013 et
914 1982 1137 2023 pertinentiis

130 2033 329 2066 «universis
355 2033 554 2076 applicetur
579 2036 615 2065 et
640 2034 838 2066 subiciatur
863 2035 976 2065 ordini
1003 2037 1039 2066 et
1066 2045 1138 2067 mo-

130 2086 311 2120 «nasterio
340 2086 459 2118 Sancti
488 2086 668 2118 Michaelis
696 2086 838 2124 Clusini,
868 2090 902 2119 et
931 2088 1034 2129 pleno
1061 2088 1137 2129 jure

131 2141 203 2173 «ad
229 2139 484 2172 monasterium
510 2139 687 2181 pertineat
718 2139 754 2171 in
781 2142 992 2182 perpetuum
1018 2150 1140 2182 supra-

130 2193 305 2230 «dictum‚
331 2195 367 2224 et
390 2192 438 2224 sic
462 2191 656 2224 statuimus
680 2192 887 2224 arbitrando
912 2195 947 2224 et
972 2193 1139 2226 amicabi-

130 2245 237 2278 «liter
261 2245 518 2287 componendo.
545 2245 745 2277 Statuimus
770 2246 879 2278 etiam
906 2247 1000 2287 quod
1027 2247 1138 2279 abbas

130 2310 144 2327 α
159 2298 279 2330 Sancti
297 2297 487 2334 Michaelis,
508 2297 567 2339 qui
586 2308 678 2330 nunc
696 2300 749 2330 est
766 2301 802 2330 et
820 2299 880 2340 qui
898 2308 961 2341 pro
979 2302 1137 2342 tempore

129 2363 142 2380 α
158 2350 274 2388 fuerit,
301 2353 412 2393 ponat
437 2353 473 2382 et
498 2351 608 2392 possit
634 2361 763 2393 ponere
788 2351 919 2383 ibidem
946 2352 1138 2385 monachos

130 2406 193 2435 «et
213 2403 364 2446 priorem
385 2403 437 2435 sui
458 2403 601 2440 ordinis,
623 2406 658 2435 et
679 2404 835 2445 regulam
855 2414 955 2437 suam
977 2415 995 2437 a
1017 2415 1138 2438 mona-

129 2456 230 2488 «chis
267 2456 339 2488 suis
376 2456 509 2488 ibidem
548 2456 757 2498 degentibus
795 2457 904 2489 faciat
943 2458 1134 2490 observari.

131 2509 248 2541 «Sane
270 2509 448 2540 canonicis
470 2519 563 2541 nune
586 2510 809 2551 presentibus
830 2510 864 2541 in
888 2510 982 2543 dicto
1005 2511 1136 2553 priora-

128 2565 196 2594 «ω
223 2561 454 2604 provideatur
481 2561 672 2594 honorifice
701 2572 761 2604 per
788 2562 923 2595 dictum
951 2563 1131 2599 abbatem,

128 2615 326 2657 «quamdiu
370 2614 524 2646 vixerint
567 2615 603 2646 in
647 2615 773 2647 habitu
817 2615 966 2657 regulari
1011 2617 1131 2649 Sancti

129 2668 346 2710 «Augustini
375 2677 480 2709 quem
509 2668 683 2704 deterunt,
714 2668 767 2700 vel
797 2669 831 2700 in
860 2669 985 2702 habitu
1015 2680 1136 2702 mona-

130 2720 258 2758 «chali,
293 2720 320 2752 si
355 2730 491 2752 sumere
525 2720 712 2757 voluerint,
747 2724 782 2753 et
816 2721 880 2753 hoc
914 2732 1135 2755 reservamus

130 2773 304 2806 «arbitrio
343 2773 572 2814 singulorum.
614 2774 720 2805 Porro
759 2774 945 2816 episcopus
985 2776 1136 2807 Mauria-

131 2826 284 2863 «nensis,
313 2826 371 2868 qui
400 2836 491 2857 nunc
518 2828 571 2857 est
597 2829 631 2857 et
659 2827 717 2867 qui
746 2836 806 2868 pro
834 2830 991 2869 tempore
1019 2829 1134 2865 fuerit,

132 2879 290 2911 «habeat
312 2881 347 2910 et
369 2879 540 2920 percipiat
563 2879 691 2910 ibidem
714 2879 909 2920 spiritualia
933 2881 966 2912 in
989 2881 1079 2913 clero
1101 2885 1136 2914 et

132 2931 290 2973 «populo
320 2934 356 2963 et
386 2932 670 2973 procurationem
702 2932 859 2964 debitam
890 2934 1025 2965 ratione
1057 2935 1137 2965 visi-

132 2984 318 3021 «tationis,
346 2984 578 3015 obventiones
605 2987 640 3015 et
666 2985 868 3017 exactiones
894 2986 980 3017 alias
1006 2987 1137 3019 ibidem

2196 284 2258 315 105

1250 393 1261 409 α
1281 382 1443 423 exigendi
1462 393 1531 414 non
1552 384 1680 415 habeat
1701 389 1916 426 potestatem
1933 398 1940 424 ;
1961 398 2022 428 pro
2042 390 2116 420 aliis
2137 393 2257 422 autem

1251 444 1347 475 «que
1372 435 1528 467 habebat
1552 437 1606 468 vel
1632 437 1848 478 percipiebat
1873 439 2002 471 ibidem
2031 442 2145 473 dictus
2168 443 2257 483 epis-

1252 496 1399 529 «copus‚
1431 488 1561 519 habeat.
1591 492 1624 520 et
1655 490 1825 531 pereipiat
1855 493 2040 524 annuatim
2070 495 2105 524 in
2136 505 2256 536 perpe—

1252 543 1382 572 «tuum
1404 541 1478 582 ipse
1500 544 1534 572 et
1557 552 1772 574 successores
1793 544 1869 583 ejus
1891 546 2126 586 quadraginta
2150 548 2255 579 libras

1249 604 1262 621 «1
1279 592 1531 626 Viennensium
1556 594 1786 636 assIgnandas
1810 606 1915 638 super
1939 598 2038 629 bonis
2064 599 2189 631 domus
2214 601 2255 632 de

1251 657 1263 674 «
1279 646 1419 678 Etlione
1441 648 1596 688 predicte
1617 649 1660 679 nd
1681 649 1950 682 extimationem
1973 652 2081 682 nostri
2103 653 2255 694 episcopi

1249 699 1613 741 «Gratianopolitani.
1646 702 1732 732 Item
1761 703 1952 734 statuimus
1979 705 2070 745 quod
2100 706 2254 746 capitulo

1249 752 1514 785 «Maurianensi
1544 754 1694 793 assignet
1727 755 1842 786 dictus
1871 756 1991 790 abbas,
2023 768 2126 798 super
2157 759 2256 789 bouis

1247 805 1366 837 «dicte
1392 806 1518 838 domus
1534 807 1685 842 Ethone,
1709 807 1830 839 decem
1844 808 1950 840 libras
1974 810 2118 842 sortium
2146 811 2254 851 Segu-

1249 858 1443 891 «siensium
1470 860 1525 891 vel
1554 860 1755 901 quindecim
1782 861 1888 892 libras
1915 861 2167 895 Viennensium
2195 874 2255 895 au-

1251 921 1367 943 «nuas
1391 914 1427 943 et
1452 915 1623 954 perpetuo
1650 923 1711 955 pro
1738 915 1901 945 omnibus
1928 924 1994 955 que
2020 916 2054 946 in
2081 916 2155 947 loco
2182 926 2257 957 pre-

1249 976 1262 992 «
1277 965 1372 996 dicto
1394 965 1569 1007 percipere
1590 966 1774 998 consuevit
1795 967 1839 998 ad
1860 968 2127 1000 estimationem
2149 970 2257 1000 nostri

1250 1030 1263 1045 «
1280 1018 1434 1060 episcopi
1450 1019 1783 1060 Gratianopolitani.
1801 1020 2029 1052 Decernimus
2044 1022 2153 1054 etiam
2167 1023 2257 1053 arbi—

1252 1083 1264 1098 «
1280 1071 1407 1102 trando
1430 1072 1525 1113 quod
1548 1072 1706 1113 prefatus
1729 1073 1840 1104 abbas
1863 1074 1966 1114 priori
1991 1074 2075 1105 dicti
2096 1075 2173 1111 loci,
2198 1076 2256 1116 qui

1252 1134 1372 1155 «nunc
1407 1127 1471 1161 est,
1509 1125 1695 1166 provideat
1731 1129 1974 1167 competenter
2008 1130 2044 1158 et
2080 1128 2258 1169 persolvat

1249 1177 1437 1209 «totaliter
1460 1178 1580 1209 debita
1604 1178 1696 1210 dicte
1719 1179 1856 1210 domus.
1884 1180 1972 1211 Item
1996 1180 2144 1212 dicimus
2167 1182 2258 1212 arbi-

1251 1231 1407 1261 «trando
1440 1231 1559 1272 quod..
1593 1232 1687 1272 prior
1719 1232 1880 1269 Ethonis,
1914 1233 1973 1274 qui
2006 1243 2067 1274 pro
2099 1237 2257 1275 tempore

1249 1283 1393 1319 «fuerit,
1419 1294 1438 1315 a
1463 1284 1725 1316 contributione
1750 1295 1985 1326 expensarum
2010 1287 2142 1318 domini
2168 1297 2257 1329 pape

1251 1337 1486 1368 «nuntiorum
1526 1340 1561 1368 et
1601 1339 1875 1370 consecrationis
1913 1339 2067 1381 episcopi
2108 1340 2259 1371 Mauriu-

1249 1390 1393 1421 «nensis
1426 1390 1628 1422 nullatenus
1660 1394 1859 1423 excusetur.
1897 1392 2119 1433 Injungimus
2151 1394 2259 1425 etiam

1248 1443 1371 1474 «dicto
1407 1443 1531 1475 abbati
1567 1444 1774 1475 arbitrando
1811 1445 1905 1486 quod
1941 1446 2127 1477 arbitrium
2164 1447 2257 1478 istud

1247 1505 1338 1537 «per
1376 1496 1501 1528 Scdcm
1541 1498 1783 1538 Apostolicam
1824 1498 1931 1529 faciat
1970 1499 2183 1535 confirmari,
2223 1503 2258 1531 et

1247 1561 1259 1576 «
1275 1549 1370 1590 quod
1392 1549 1464 1591 ipse
1487 1552 1522 1581 et
1542 1560 1758 1582 successores
1780 1551 1832 1582 sui
1853 1552 2116 1583 revocationem
2138 1552 2263 1593 hujus-

1246 1602 1370 1633 «modi
1408 1603 1538 1634 statuti
1578 1604 1714 1644 possint
1754 1604 1956 1635 nullatenus
1994 1605 2186 1646 impetrare
2224 1608 2259 1637 et

1247 1657 1398 1686 «contra
1429 1655 1690 1687 ordinationem
1722 1656 1927 1697 hujusmodi
1957 1657 2101 1699 aliquod
2132 1658 2259 1689 immu-

1247 1709 1349 1739 «tare
1384 1708 1439 1739 vel
1474 1711 1705 1750 attemptare.
1743 1709 1866 1741 Partes
1900 1713 2021 1741 autem
2056 1711 2259 1752 supradicte

1249 1761 1523 1802 «supradictum
1550 1764 1729 1794 statutum
1755 1765 1787 1793 et
1815 1763 2002 1794 arbitrium
2027 1764 2110 1805 ipsis
2135 1765 2260 1796 recita-

1247 1816 1364 1851 «tum,
1392 1814 1543 1846 scienter
1568 1818 1603 1846 et
1630 1816 1823 1856 prudenter
1848 1816 2051 1857 approbant
2076 1820 2111 1848 et
2137 1827 2259 1859 accep-

1246 1869 1366 1898 «tant.
1409 1867 1446 1898 In
1485 1867 1587 1908 cujus
1624 1868 1672 1899 rei
1710 1868 1956 1900 testimonium
1995 1879 2067 1906 nos,
2109 1871 2257 1911 predicti

1247 1920 1569 1962 «archiepiscopus,
1596 1921 1781 1963 episcopus
1806 1924 1841 1953 et
1865 1922 2008 1959 electus,
2034 1922 2154 1964 sigillis
2179 1933 2257 1955 nos-

1246 1973 1337 2004 «tris
1360 1976 1540 2014 presentes
1562 1973 1700 2005 litteras
1723 1974 1916 2015 sigillamus
1940 1985 2009 2006 una
2033 1985 2113 2007 cum
2137 1976 2256 2017 sigillis

1246 2026 1431 2068 «partium
1475 2026 1728 2068 predictarum.
1773 2028 1904 2060 Actum
1948 2028 1981 2059 in
2025 2029 2169 2061 ecclesia
2213 2030 2256 2061 de

1247 2079 1490 2121 «Burgundio,
1522 2080 1680 2122 predicta
1709 2081 1764 2112 die
1792 2081 1873 2113 lune
1902 2084 1984 2113 ante
2013 2082 2144 2114 festum
2174 2083 2256 2115 Om-

1246 2132 1371 2164 «nium
1405 2133 1628 2170 Sanctorum,
1663 2144 1755 2165 anno
1788 2135 1931 2166 Domini
1963 2135 2210 2167 MCCLVIIII.
2245 2150 2256 2165 >v

1291 2185 1386 2218 Nulli
1421 2189 1539 2218 nostre
1574 2187 1855 2219 confirmationis
1891 2191 1957 2220 etc.
1981 2188 2064 2220 Dat.
2082 2189 2252 2231 Anagnie,

1249 2238 1303 2271 III
1328 2239 1396 2271 kal.
1421 2239 1600 2277 februarii,
1625 2250 1719 2272 anno
1743 2244 1855 2273 sexto.
1881 2254 1894 2269 n

1326 2429 1408 2456 3071
1720 2431 1854 2466 Anagni,
1878 2432 1916 2459 30
1937 2432 2061 2466 janvier
2084 2432 2171 2460 1260.

1283 2482 1403 2510 Abbati
1422 2484 1644 2516 Athanatensi,
1666 2484 1883 2518 Lugdunensis
1903 2486 2044 2518 diocesis,
2066 2487 2199 2513 mandat
2219 2487 2255 2513 ut

1244 2526 1363 2554 dietam
1384 2528 1616 2556 ordinationem
1638 2529 1799 2556 observari
1820 2529 1926 2557 faciat.
1949 2530 2046 2563 (RES.
2070 2531 2118 2563 25,
2140 2531 2161 2557 f.
2185 2531 2253 2563 242,

1243 2578 1295 2599 an.
1315 2570 1371 2604 VI,
1392 2579 1417 2599 c.
1441 2572 1478 2599 29
1494 2572 1565 2606 bis.)

1290 2682 1302 2699 «
1338 2695 1357 2702 ..
1394 2670 1510 2702 abbati
1546 2671 1784 2707 Athanalensi,
1823 2671 2064 2712 Luqdunensis
2098 2672 2256 2704 diocesis.

1244 2723 1351 2755 Lecta
1382 2733 1501 2756 coram
1532 2724 1632 2755 nobis
1662 2725 1873 2756 dilectorum
1903 2726 2081 2757 filiorum..
2112 2725 2252 2757 abbatis

1244 2779 1279 2808 et
1297 2778 1496 2808 conventus
1514 2777 1717 2809 monasterii
1739 2777 1858 2809 Sancti
1879 2778 2057 2810 Michaelis
2076 2779 2118 2809 de.
2138 2778 2251 2815 Clusa,

1244 2829 1288 2861 ad
1317 2829 1517 2861 Romanam
1546 2829 1738 2862 Ecclesiam
1767 2830 1860 2862 nullo
1888 2832 2002 2862 medio
2030 2831 2256 2873 pertinentis,

1245 2882 1377 2914 ordinis
1399 2883 1519 2914 Sancti
1533 2883 1728 2920 Benedicti,
1746 2883 1972 2915 'I'aurinensis
1988 2884 2143 2920 diocesis,
2162 2884 2254 2925 peti-

1244 2934 1294 2966 tio
1312 2936 1521 2967 continebat
1539 2937 1644 2977 quod,
1665 2937 1777 2978 primo
1796 2947 1857 2978 per
1874 2937 1981 2968 felicis
2000 2937 2252 2968 1'(.·cordationis

1248 2987 1494 3020 Innocentium
1521 2999 1662 3031 papam,
1691 2990 1969 3030 predecessorem
1998 2993 2157 3022 nostrum
2183 2993 2252 3022 etc.
