2477 3512
1007 281 1284 325 QUATRIEME
1299 280 1462 314 ANNEE
2214 278 2275 308 815

154 405 270 426 vacare
293 394 473 434 contigerit,
495 393 547 423 ille
569 393 620 422 cui
634 392 704 431 ejus
714 391 860 422 custodia
879 390 1048 420 commissa
1067 388 1165 419 fuerit

155 449 197 479 ab
210 449 263 478 illo
276 448 318 478 ad
331 456 428 486 quem
448 446 634 485 hujusmodi
644 445 790 475 custodia
801 443 931 474 ecclesia
946 443 1015 481 ipsa
1025 444 1164 472 vacante

156 501 307 540 pertinet,
326 509 390 530 non
409 500 517 538 capiat
535 499 573 528 de
591 501 687 532 terra,
717 497 816 536 ipsius
842 496 971 526 ecclesie
989 495 1049 524 nisi
1067 494 1165 524 ratio-

157 554 278 583 nabiles
290 553 396 582 exitus
408 555 441 582 et
453 551 701 581 consuetudines
713 559 750 580 ac
761 548 966 579 rationabilia
977 547 1119 581 servitia,
1132 549 1166 576 et

157 607 215 636 hec
232 607 354 645 absque
384 605 552 635 hominum
569 606 602 633 et
627 612 733 633 rerum
759 602 858 641 ipsius
876 600 1005 631 ecclesie
1023 601 1165 629 destruc-

156 660 245 689 tione
277 667 316 688 ac
347 660 472 696 guasto.
506 656 711 686 Venerabiles
745 664 873 694 quoque
905 654 1020 683 fratres
1053 652 1164 682 nostri.

155 711 349 744 Bonifatius,
387 709 625 740 Cantuan'ensis
649 708 906 746 archiepiscopus
931 709 1014 739 etc..‚
1039 705 1166 735 Londo-

158 764 308 797 niensis..‚
334 762 574 796 Lincolniensis,
601 770 638 791 ac
664 761 717 790 alii
742 759 882 798 episcopi
908 759 1052 797 ejusdem
1078 757 1166 796 regni

156 817 263 846 induti
291 815 548 854 pontificatibus,
579 814 718 844 candelis
747 812 898 845 accensis,
929 812 967 841 de
996 811 1166 840 voluntate

157 870 257 908 ipsius
280 869 361 907 regis
384 871 417 897 et
451 868 610 897 baronum
633 866 721 904 regni
744 866 889 903 ejusdem
912 867 945 894 et
968 864 999 893 in
1024 864 1166 902 ipsorum

158 922 329 961 presentia,
351 921 383 950 in
406 929 515 950 omnes
536 920 606 949 illos
629 919 684 958 qui
705 918 846 948 fecerent
862 920 974 947 contra
992 916 1167 946 concessio-

158 984 231 1005 nem
263 973 460 1012 hujusmodi,
492 970 835 1002 excommunicationis
866 970 1061 999 sententiam
1093 977 1167 998 auc-

157 1027 290 1057 toritate
330 1025 500 1059 ordinaria,
540 1025 688 1063 exigente
725 1023 864 1062 justitia,
922 1022 1168 1061 promulgarunt

159 1082 255 1118 prout
273 1080 305 1108 in
323 1078 438 1108 litteris
456 1078 530 1107 inde
548 1077 703 1107 confectis
722 1077 846 1115 plenius
865 1076 982 1105 dicitur
1000 1075 1166 1109 contineri,

157 1133 254 1171 idque
276 1131 374 1161 felicis
404 1130 634 1160 recordationis
659 1130 683 1158 I.
706 1138 801 1168 papa,
825 1129 1028 1167 predecessor
1049 1130 1167 1162 noster,

158 1184 367 1223 postmodum
385 1183 602 1213 confirmavit.

199 1237 320 1267 Verum
331 1237 351 1266 J
355 1236 507 1269 ohannes,
521 1236 627 1265 dictus
637 1235 793 1269 Walram,
806 1234 979 1264 canonicus
990 1234 1167 1268 Wellensis‚

158 1290 209 1320 cui
231 1289 295 1319 fuit
317 1298 419 1328 nuper
441 1288 587 1318 custodia
611 1287 746 1317 Eliensis
769 1287 898 1317 ecclesie
920 1289 999 1316 tunc
1020 1286 1168 1316 vacantis

158 1342 338 1376 commissa,
355 1351 392 1371 ac
407 1341 580 1370 familiares
597 1343 629 1370 et
645 1340 815 1378 complices
831 1340 911 1378 ejus,
928 1339 1031 1368 clerici
1047 1341 1079 1368 et
1094 1339 1166 1368 laici

157 1396 198 1425 ad
224 1395 405 1424 custodiam
431 1394 516 1423 dicte
542 1393 672 1423 ecclesie
698 1392 857 1431 deputati,
884 1392 968 1421 bona
994 1392 1094 1430 ipsius
1120 1401 1170 1421 ec-

156 1448 248 1477 clesie
276 1456 313 1477 ac
341 1446 508 1476 hominum
544 1455 676 1475 suorum
704 1448 816 1474 contra
845 1444 1082 1474 concessionem
1111 1445 1169 1473 hu-

155 1500 297 1537 jusmodi
330 1509 387 1538 pro
421 1508 478 1528 sue
511 1497 692 1528 voluntatis
726 1497 818 1527 libito
854 1498 1094 1531 destruxerunt,
1130 1497 1163 1526 in

153 1553 336 1582 animarum
387 1560 519 1581 suarum
538 1550 717 1589 periculum
736 1551 768 1579 et
786 1550 932 1588 ejusdem
950 1549 1079 1579 ecclesie
1099 1559 1162 1579 non

154 1605 319 1635 modicum
346 1604 590 1638 detrimentum,
608 1605 741 1642 propter
757 1603 844 1641 quod
862 1603 1028 1632 Johannes
1055 1611 1093 1631 ac
1120 1602 1167 1631 fa-

156 1658 294 1688 miliares
319 1666 357 1687 ac
382 1656 553 1695 complices
577 1656 715 1694 predicti
739 1655 926 1694 hujusmodi
950 1655 1170 1684 excommuni-

156 1710 292 1741 cationis
312 1710 510 1740 sententiam
530 1709 744 1742 incurrerunt,
767 1717 825 1738 nec
846 1710 961 1737 curant
982 1708 1111 1737 ecclesie
1132 1717 1170 1737 ac

157 1786 199 1798 ...,
219 1763 368 1802 episcopo
382 1762 563 1792 Eliensibus
580 1761 733 1800 predictis
751 1761 789 1790 de
806 1761 955 1799 dampnis
982 1763 1015 1789 et
1032 1760 1167 1799 injuriis,

157 1825 219 1855 que
246 1815 433 1854 hujusmodi
460 1814 626 1844 occasione
652 1814 796 1852 predicte
823 1813 951 1843 ecclesie
978 1813 1169 1848 intulerunt,

157 1868 413 1899 satisfactionem
437 1867 580 1906 aliquam
604 1867 765 1896 exhibere.
791 1866 896 1902 Quare
920 1865 1065 1904 prefatus
1089 1866 1170 1904 epis-

157 1931 256 1960 copus
281 1921 372 1951 nobis
396 1920 561 1950 humiliter
583 1919 779 1958 supplicavit
802 1921 839 1948 ut
862 1919 1031 1957 providere
1053 1919 1114 1948 sibi
1137 1922 1170 1948 et

157 1975 261 2004 eidem
285 1973 414 2003 ecclesie
439 1982 535 2011 super
559 1973 620 2002 hoc
644 1975 780 2010 paterna
805 1972 1020 2001 sollicitudine
1046 1981 1171 2001 curare-

157 2036 239 2056 mus.
260 2026 415 2063 Quocirca
434 2025 628 2055 mandamus
648 2025 813 2063 quatinus,
832 2024 957 2054 vocatis
977 2024 1031 2063 qui
1050 2024 1171 2054 fuerint

157 2079 325 2113 evocandi,
347 2079 373 2108 si
394 2079 455 2107 tibi
477 2078 660 2108 constiterit
692 2078 737 2107 ita
759 2086 837 2111 esse,
860 2077 1043 2106 Johannem
1066 2086 1103 2107 ac
1124 2077 1171 2107 fa-

158 2133 306 2166 miliares,
330 2134 363 2161 et
385 2131 555 2169 complices
578 2130 749 2169 predictos,
774 2130 844 2164 nisi,
868 2139 885 2159 a
908 2132 940 2159 te
963 2130 1078 2159 moniti
1102 2131 1171 2160 dili-

158 2187 280 2223 genter,
299 2184 383 2214 infra
403 2186 642 2222 competentem
662 2183 836 2212 terminum
856 2192 873 2212 a
894 2185 926 2212 te
946 2183 1169 2221 prefigendum

158 2238 288 2271 eisdem,
316 2238 353 2266 de
380 2237 529 2275 dampnis
554 2239 586 2265 et
612 2236 736 2274 injuriis
757 2236 943 2274 hujusmodi
963 2236 1111 2274 episcopo
1137 2239 1170 2266 et

159 2290 287 2320 ecclesie
324 2289 476 2328 predictis
512 2289 768 2318 satisfactionem
805 2289 981 2327 plenariam
1019 2289 1170 2318 duxerint

158 2343 420 2382 impendendam,
461 2351 562 2380 usque
601 2342 642 2371 ad
682 2341 937 2371 satisfactionem
977 2342 1169 2381 condignam

158 2396 289 2434 singulis
314 2395 425 2424 diebus
444 2395 611 2424 dominicis
635 2396 667 2424 et
690 2394 825 2429 festivis,
851 2395 986 2433 pulsatis
1005 2395 1169 2433 campanis

158 2451 191 2478 et
224 2440 363 2478 candelis
396 2448 547 2481 accensis,
581 2447 879 2477 excommunicatos
898 2448 1024 2485 publice
1041 2448 1169 2477 nunties

158 2504 191 2531 et
218 2502 259 2531 ab
286 2501 355 2530 aliis
382 2510 438 2539 per
464 2501 571 2529 omnia
598 2501 667 2530 loca
695 2500 726 2528 in
746 2500 863 2538 quibus
885 2500 1035 2538 expedire
1069 2500 1170 2529 videri

157 2554 270 2587 facias,
286 2556 319 2583 et
333 2554 374 2582 ab
390 2553 538 2592 omnibus
553 2553 655 2582 artius
681 2553 806 2582 evitari.
823 2553 1082 2582 Contradictores
1109 2556 1169 2583 etc.

160 2607 236 2636 Dat.
262 2606 409 2639 viterbii,
427 2593 541 2635 ‘idibus
565 2605 657 2643 junii,
683 2614 767 2634 anno
793 2608 920 2644 quarto.
948 2616 959 2631 »

241 2811 321 2838 2651
678 2812 815 2843 Viterbe,
833 2811 986 2845 12jui11et
1002 2811 1089 2838 1258.

201 2864 415 2892 Lanfrancum
430 2865 467 2891 de
481 2865 589 2896 Cocco,
605 2865 791 2891 canonicum
805 2864 994 2896 Curiensem,
1009 2865 1170 2898 quondam

161 2904 346 2938 scriptorem
369 2912 472 2936 suum,
496 2904 738 2931 Mediolanensis
759 2904 902 2936 diocesis,
927 2905 981 2937 qui
1006 2905 1168 2938 quandam

162 2951 319 2970 summam
349 2944 469 2977 argenti
498 2944 649 2970 fratribus
672 2944 817 2970 Tiburtio
847 2945 878 2970 et
908 2944 1032 2975 Pontio,
1053 2944 1171 2970 ordinis

159 2983 295 3010 fratrum
333 2983 600 3016 Praedicatorum,
637 2983 757 3010 nuntiis
794 2983 1019 3017 archiepiscopi
1056 2983 1172 3016 Strigo-

1268 389 1383 416 niensis
1406 390 1491 423 apud
1514 390 1624 416 Sedem
1641 388 1866 423 Apostolicam,
1882 394 1937 421 per
1956 386 2125 420 quemdam
2143 386 2276 412 servien-

1268 431 1335 456 tem
1359 429 1464 455 fratris
1490 429 1637 460 Arburdi,
1674 427 1890 462 penitentiarii
1921 433 2032 460 papae,
2058 425 2175 451 furtive
2201 425 2272 451 sub-

1268 469 1353 495 trahi
1374 469 1566 502 procuravit,
1587 470 1618 494 et
1638 469 1693 502 qui
1713 468 1830 494 citatus
1850 466 1965 500 pluries
1985 465 2016 491 in
2037 464 2199 490 audientia
2218 471 2274 498 pu-

1270 508 1362 539 blica,
1386 516 1490 535 coram
1513 508 1682 534 camerario
1706 513 1884 541 comparere
1907 512 1969 532 non
1993 504 2125 535 curavit,
2150 505 2278 537 propter

1270 548 1354 574 hunc
1377 548 1543 581 gravitatis
1566 555 1726 574 excessum
1750 548 1781 572 et
1804 546 1889 579 quod
1912 545 1999 576 alias,
2024 544 2062 570 de
2084 543 2223 569 falsitate
2246 543 2277 569 in

1269 587 1383 613 litteris
1416 587 1595 621 apostolicis
1627 589 1768 620 tempore
1802 584 1988 615 Innocentii‚
2020 590 2120 617 papae
2152 582 2279 616 praede-

1271 627 1409 658 cessoris,
1430 627 1595 653 commissa
1614 628 1679 652 erat
1700 626 1872 652 admodum
1890 624 2072 654 infamatus,
2093 629 2146 656 per
2165 621 2278 654 magis-

1271 668 1355 692 trum
1378 666 1564 697 Jordanuin,
1587 666 1615 692 S.
1639 666 1801 692 Romanae
1818 664 1973 690 Ecclesiae
1991 661 2279 688 vicecancellarium

1271 707 1302 731 et
1330 706 1499 737 notarium,
1527 706 1644 739 privari
1672 705 1741 730 fecii
1772 704 1877 730 officio
1905 702 2096 736 scriptoriae,
2125 701 2178 727 sed
2205 700 2280 734 quia

1271 745 1303 771 id
1328 753 1390 771 non
1416 746 1542 779 reputat
1568 744 1728 770 sufficiens
1753 744 1793 769 ad
1818 743 2005 773 vindictam,
2031 749 2101 767 eum
2127 739 2281 766 universis

1272 785 1432 811 beneficiis
1452 784 1678 814 ecclesiasticis,
1699 783 1773 809 locis
1794 790 1830 809 ac
1850 781 2035 815 praebendis
2055 782 2084 806 et
2105 780 2173 813 J'ure
2193 786 2280 813 prae-

1272 825 1408 850 sentium
1436 824 1626 850 auctoritate
1653 824 1806 856 perpetuo
1827 822 1943 855 privat.
1960 821 2057 853 (ΒΕΘ.
2086 820 2134 851 25,
2162 820 2182 845 f.
2212 818 2281 849 151,

1272 871 1321 890 an.
1351 864 1402 894 IV,
1428 871 1453 890 c.
1478 863 1555 895 209;
1581 863 1754 889 PorrnAsr
1775 859 2183 893 17343;BERN001LL1,n0
2196 858 2280 889 675.)

1314 978 1326 993 «
1342 967 1394 996 Ad
1412 967 1550 1005 suturam
1571 966 1615 994 rei
1635 964 1825 994 memoriam.
1846 963 1926 993 Cum
1948 962 2148 992 Lanfrancus
2168 962 2206 990 de
2230 978 2281 990 —.

1272 1020 1348 1049 Dat.
1373 1019 1520 1053 Viterbii,
1543 1018 1572 1048 V
1596 1018 1668 1047 idus
1691 1017 1771 1056 julii,
1796 1026 1881 1046 anno
1906 1018 2032 1054 quarto.
2058 1026 2069 1041 >³

1353 1224 1442 1251 2652
1799 1222 1937 1253 Viterbe‚
1956 1220 1992 1247 17
2010 1219 2096 1252 aofit,
2115 1219 2202 1245 1258.

1315 1277 1414 1304 Priori
1431 1276 1577 1303 basilicae
1592 1274 1641 1303 Ad
1656 1276 1771 1302 Sancta
1790 1275 1976 1301 Sanctorum
1995 1273 2033 1299 de
2050 1273 2134 1299 Urbe
2152 1272 2285 1298 mandat

1276 1319 1311 1343 ut
1341 1318 1378 1343 de
1404 1316 1519 1343 litteris
1549 1315 1728 1349 apostolicis
1757 1322 1891 1347 quarum
1921 1313 2110 1339 auctoritate
2140 1312 2285 1338 Romana

1274 1357 1395 1388 mulier,
1411 1363 1441 1382 se
1455 1356 1556 1383 filiam
1579 1355 1755 1381 naturalem
1771 1354 1898 1387 Rogerii
1912 1354 1949 1379 de
1965 1353 2119 1378 Laterano
2135 1358 2284 1382 asserens,

1273 1396 1536 1430 legitimationem
1562 1395 1713 1425 obtinuit,
1740 1394 1907 1420 veritatem
1934 1392 2083 1425 inquirat.
2111 1391 2207 1424 (ΗΕΘ.
2235 1390 2284 1421 25,

1276 1436 1297 1461 f.
1326 1436 1392 1467 151,
1420 1443 1469 1461 an.
1499 1435 1551 1466 IV,
1577 1442 1602 1461 c.
1630 1434 1711 1465 210.)

1317 1551 1372 1573 «..,
1393 1538 1493 1577 priori
1527 1537 1652 1567 basilice
1684 1537 1735 1565 Ad
1764 1536 1878 1566 Sancla
1906 1535 2088 1565 Sanctorum
2126 1534 2162 1563 de
2194 1533 2284 1563 Urbe.

1317 1592 1462 1620 Dilectus
1490 1590 1577 1619 filius
1605 1589 1761 1628 Rogerius
1790 1589 1828 1618 de
1856 1588 2028 1621 Laterano,
2057 1587 2167 1620 laicus,
2196 1586 2288 1616 nobis

1275 1644 1440 1674 humiliter
1461 1643 1667 1681 supplicavit,
1690 1644 1727 1671 ut
1769 1651 1842 1671 cum
1866 1642 2013 1670 Romana
2037 1640 2150 1669 mulier
2172 1649 2233 1678 que
2255 1648 2287 1668 se

1273 1696 1376 1726 filiam
1401 1697 1469 1734 ejus
1494 1695 1608 1725 asserit
1632 1695 1823 1728 naturalem,
1849 1693 2043 1732 apostolicas
2068 1702 2163 1731 super
2186 1692 2288 1730 legiti-

1274 1750 1417 1779 matione
1432 1758 1500 1783 sua,
1517 1751 1554 1778 ut
1568 1749 1600 1777 in
1616 1748 1708 1777 bonis
1723 1739 1822 1786 ipsius
1838 1746 1967 1785 Rogerii
1982 1746 2152 1775 succedere
2167 1745 2286 1779 valeat,

1274 1812 1311 1832 eo
1336 1803 1369 1831 id
1394 1802 1523 1841 penitus
1548 1801 1727 1839 ignorante,
1753 1800 1877 1830 litteras
1898 1799 2098 1837 impetravit,
2120 1798 2289 1836 providere

1272 1855 1306 1885 in
1325 1855 1385 1885 hac
1405 1856 1497 1893 parte
1516 1854 1576 1883 sibi
1586 1863 1636 1888 ne,
1646 1855 1798 1892 pretextu
1817 1853 1954 1886 illarum,
1965 1852 1998 1881 in
2011 1851 2164 1890 predictis
2183 1850 2288 1885 bonis,

1274 1908 1405 1946 aliquod
1426 1907 1487 1936 sibi
1508 1907 1620 1936 eadem
1642 1906 1755 1935 mulier
1774 1906 1826 1943 jus
1848 1905 1956 1935 valeat
1977 1904 2158 1937 vendicare,
2174 1904 2213 1933 de
2234 1903 2289 1932 be-

1275 1961 1434 1999 nignitate
1456 1959 1631 1998 apostolica
1655 1967 1849 1988 curaremus.
1872 1958 1939 1987 Nos
1960 1957 2069 1996 igitur,
2092 1957 2191 1995 ipsius
2213 1965 2288 1995 sup-

1275 2013 1502 2052 plicationibus
1538 2012 1694 2045 inclinati,
1731 2011 1925 2040 mandamus
1961 2010 2116 2048 quatinus
2152 2009 2286 2039 eandem

1275 2066 1439 2096 mulierem
1465 2065 1640 2094 efficaciter
1669 2073 1800 2094 moneas
1829 2066 1862 2093 et
1891 2063 2059 2101 diligenter
2087 2063 2221 2092 inducas
2250 2065 2288 2091 ut

1276 2118 1462 2157 hujusmodi
1484 2127 1591 2147 coram
1613 2120 1645 2146 te
1667 2108 1791 2146 litteras
1814 2117 1964 2146 exhibere
1986 2118 2146 2154 procuret,
2170 2115 2287 2153 quibus

1275 2171 1438 2205 exhibitis,
1462 2171 1487 2200 si
1510 2171 1622 2200 eadem
1646 2170 1761 2199 mulier
1783 2169 1923 2207 legitime
1947 2169 2082 2207 probare
2106 2167 2288 2206 nequiverit

1275 2225 1362 2264 quod
1383 2224 1448 2262 ipse
1470 2224 1576 2253 littere
1597 2224 1635 2252 de
1656 2223 1757 2261 ipsius
1779 2222 1907 2261 Rogerii
1929 2221 2123 2251 conscientia
2144 2223 2177 2250 et
2197 2229 2287 2250 man-

1274 2277 1352 2307 dato
1372 2277 1492 2306 fuerint
1512 2276 1694 2314 impetrate,
1708 2276 1759 2304 vel
1779 2275 1805 2304 si
1826 2284 1878 2304 eas
1899 2274 2047 2304 exhibere
2069 2273 2216 2307 noluerit,
2239 2275 2286 2308 tu,

1274 2330 1470 2360 auctoritate
1497 2331 1616 2362 nostra,
1645 2328 1771 2366 prefato
1799 2328 1936 2366 Rogerio
1963 2327 2154 2365 disponendi
2180 2329 2212 2356 et
2238 2335 2287 2356 or-

1275 2383 1408 2412 dinandi
1440 2383 1536 2411 libere
1570 2382 1608 2411 de
1641 2381 1733 2411 bonis
1767 2381 1930 2419 predictis,
1952 2379 2139 2418 hujusmodi
2171 2379 2286 2408 litteris

1275 2444 1479 2474 nequequam
1496 2435 1713 2468 obstantibus,
1729 2434 1824 2472 juxta
1842 2443 1895 2462 sue
1920 2433 2157 2471 beneplacitum
2173 2433 2285 2461 volun-

1274 2489 1352 2518 tatis
1378 2489 1511 2517 liberam
1536 2488 1660 2517 tribuas
1694 2487 1895 2516 facultatem.
1931 2486 2189 2515 Contradictores
2224 2487 2275 2514 etc

1276 2542 1351 2571 Dat.
1377 2541 1525 2575 Viterbii,
1550 2541 1629 2570 XVI
1654 2540 1716 2569 kal.
1741 2539 1942 2578 septembris,
1966 2548 2051 2568 anno
2075 2540 2201 2577 quarto.
2226 2549 2237 2563 »

1355 2773 1443 2799 2653
1825 2772 1962 2802 Viterbe,
1981 2771 2019 2796 29
2038 2770 2116 2797 avril
2135 2770 2222 2797 1258.

1316 2826 1560 2859 Archiepiscopo
1589 2825 1758 2851 Senonensi
1785 2824 1915 2850 mandat
1943 2824 1977 2849 ut
2005 2823 2042 2848 de
2069 2823 2207 2856 quadam
2233 2830 2285 2856 pe-

1276 2865 1386 2892 cuniae
1408 2872 1530 2891 summa
1553 2872 1570 2891 a
1592 2864 1712 2891 Jacobo
1734 2864 1835 2891 Scarsi
1856 2863 1957 2889 bonae
1978 2862 2146 2888 memoriae
2167 2862 2286 2889 archie-

1274 2905 1402 2938 piscopo
1427 2904 1596 2931 Senonensi
1618 2902 1845 2938 praedecessori
1869 2910 1924 2928 suo
1934 2903 2091 2933 mutuata,
2112 2902 2212 2928 eidem
2230 2902 2284 2929 Ja-

1275 2945 1353 2971 cobo
1374 2944 1625 2971 satisfactionem
1645 2943 1818 2977 impendat.
1839 2942 1936 2974 (Rsso.
1958 2941 2006 2973 25,
2026 2942 2047 2967 f.
2070 2941 2136 2973 151,
2158 2949 2206 2968 an.
2232 2942 2285 2973 IV,

1275 2991 1300 3010 c.
1334 2983 1417 3016 211.)
