2477 3512
975 296 1253 337 QUATRIEME
1273 296 1436 330 ANNEE
2191 306 2251 336 785

131 414 144 429 «ι
166 403 204 432 (16
249 401 410 435 Milheriis,
445 401 581 436 clerici..,
614 401 745 431 illustris
773 402 853 440 regis
886 402 1009 440 Anglie,
1045 402 1137 440 cujus

131 466 144 481 «
165 455 354 493 procurator
382 454 503 488 existit,
535 454 632 493 quod,
663 463 736 483 cum
767 455 872 484 dictus
903 454 1064 483 Gilbertus
1095 454 1136 483 ad

131 518 143 533 «
165 506 329 536 ecclesiam
358 507 468 536 Sancti
495 507 583 536 Petri
619 507 657 536 de
693 507 915 541 Norhantone,
943 507 1076 536 liberam
1105 508 1138 535 et

131 571 143 586 «
165 561 346 593 vacantem,
374 568 392 588 a
419 559 502 588 veris
528 559 673 597 patronis
698 559 798 598 ipsius
824 560 952 589 ecclesie
979 559 1138 588 Lincolni-

130 624 143 638 «
165 612 231 641 ensi
250 612 409 650 episcopo,
430 612 489 641 loci
509 612 688 646 diocesano,
708 612 821 642 fuisset
841 612 991 642 canonice
1011 604 1155 650 presen—v

130 676 142 690 «
164 667 264 698 tatus,
289 673 326 693 ac
348 665 433 693 idem
457 665 623 703 episcopus
646 665 713 702 Jam
736 665 777 694 ad
801 665 1042 703 inquisitionem
1066 673 1138 702 pro-

131 730 143 743 «
165 717 319 751 cessisset,
344 719 441 755 prout
464 717 561 746 moris
585 719 633 746 est
668 717 700 746 in
724 718 871 756 partibus
895 718 1018 756 Anglie,
1043 726 1138 746 vene-

131 782 142 796 «
165 769 272 799 rabilis
319 772 444 808 pater..,
484 769 723 799 Cantuariensis
774 770 1042 808 archiepiscopus,
1083 769 1138 808 qui

130 834 142 848 «
165 823 285 852 nullam
307 832 402 861 super
421 823 480 852 hoc
502 825 697 861 potestatem
721 823 989 857 habebat,dicens
1011 832 1043 852 se
1064 832 1138 852 ean-

131 887 143 901 «
166 875 238 904 dem
257 875 421 904 ecclesiam
441 876 479 904 de
497 875 595 909 facto,
615 884 687 904 curn
707 876 745 905 (le
762 876 833 914 jure
852 885 914 905 non
934 878 1052 914 posset,
1071 884 1139 904 ma-

130 934 143 950 α
161 923 260 962 gistro
278 923 445 953 Guillelmo
459 924 498 953 de
507 923 660 953 Altavilla
674 924 856 958 contulisse,
876 924 996 953 decano
1010 924 1048 953 de
1059 924 1139 953 Nor-

131 988 143 1003 «
165 976 317 1010 hantone,
339 976 568 1006 Lincolniensis
589 976 721 1006 diocesis
742 977 923 1011 mandavit,
945 980 982 1006 ut
1001 977 1139 1006 eundem

132 1040 144 1056 «
165 1029 355 1067 magistrum
396 1029 592 1059 Willelmum
632 1029 666 1059 in
707 1030 940 1068 possessionem
973 1030 1140 1059 induceret

131 1093 143 1108 «
165 1082 293 1111 ecclesie
316 1082 509 1120 supradicte,
533 1083 625 1121 cujus
647 1082 823 1116 occasione,
855 1082 939 1112 idem
973 1082 1140 1121 episcopus

132 1146 144 1161 «
160 1134 405 1164 institutionem
459 1135 586 1165 distulit
627 1135 764 1174 predicti
806 1136 951 1174 magistri
994 1135 1139 1169 Gilberti,

131 1198 144 1214 α
165 1190 297 1226 propter
314 1197 376 1226 que
394 1190 426 1217 et
444 1197 483 1217 ne
500 1188 586 1217 idem
613 1189 752 1218 decanus
770 1188 933 1227 prefatum
951 1189 1141 1227 magistrum

132 1251 144 1267 «
165 1240 360 1270 Willelmum
383 1241 415 1269 in
439 1241 670 1279 possessionem
693 1241 859 1270 induceret
895 1241 979 1270 dicte
1013 1241 1142 1270 ecclesie

133 1305 145 1319 «
167 1293 208 1322 ad
225 1302 323 1332 quam
339 1294 503 1332 predictus
519 1294 673 1332 magister
689 1294 852 1324 Gilbertus
868 1294 975 1323 fuerat
991 1294 1143 1323 canonice

132 1349 380 1384 «presentatus,
421 1356 494 1376 cum
523 1347 608 1376 idem
636 1347 686 1376 W.
717 1347 840 1376 nullum
868 1347 920 1385 jus
949 1347 1082 1376 haberet
1110 1346 1142 1375 in

134 1410 145 1425 «
167 1399 246 1437 ipsa,
262 1408 303 1428 ex
316 1402 407 1437 parte
423 1399 567 1437 ejusdem
582 1400 727 1438 magistn'
743 1400 878 1429 Gilberti
892 1400 955 1428 fuit
969 1400 1001 1428 in
1016 1399 1142 1437 scriptis

133 1463 145 1478 «
167 1452 208 1481 ad
237 1452 350 1482 Sedem
369 1453 590 1490 Apostolicam
617 1453 827 1491 appellatum,
856 1455 888 1481 et
915 1452 1053 1490 apostoli
1080 1452 1143 1481 ins-

133 1515 145 1531 «
167 1506 277 1534 tanter
298 1505 402 1543 petiti.
428 1505 533 1541 Quare
555 1505 639 1543 petit
662 1505 768 1534 dictus
790 1508 980 1544 procurator
1002 1505 1143 1543 appella-

133 1568 145 1583 «
179 1557 300 1586 tionem
336 1557 439 1595 ipsam
487 1558 690 1596 pronuntiari
722 1558 910 1597 legitimam,
947 1560 980 1587 et
1025 1558 1143 1587 cassari

133 1621 145 1636 «
167 1619 221 1639 seu
239 1619 365 1639 cassum
382 1613 415 1639 et
430 1610 557 1640 irritum
581 1611 724 1640 nuntiari
741 1611 895 1650 quicquid
912 1613 986 1649 post
1002 1608 1143 1649 appella-

131 1673 144 1690 «
162 1662 284 1692 tionem
316 1663 502 1701 hujusmodi
532 1663 643 1693 extitit
673 1666 919 1702 attemptatum.

156 1727 187 1753 γα
212 1716 293 1745 Item
325 1716 408 1754 petit
440 1717 622 1755 predictum
654 1717 845 1755 magistrum
879 1717 1059 1746 Gilbertum
1086 1725 1142 1746 seu

133 1780 145 1795 «
167 1777 210 1803 se,
230 1769 358 1799 nomine
377 1769 487 1807 ipsius,
507 1770 549 1799 ad
568 1778 678 1799 curam
693 1772 725 1799 et
738 1770 890 1808 regimem
902 1770 1002 1808 ipsius
1013 1769 1142 1799 ecclesie

133 1833 145 1848 «
167 1831 224 1860 per
243 1831 312 1856 vos,
327 1822 455 1852 domine
476 1822 629 1861 magister
648 1823 797 1857 Martine,
817 1823 948 1852 admitti
961 1825 994 1852 et
1015 1822 1142 1852 institui

133 1886 146 1901 «
166 1874 199 1904 in
219 1884 388 1914 personam
407 1884 462 1904 seu
482 1878 638 1905 rectorem
657 1875 757 1914 ipsius
775 1878 809 1905 et
827 1885 923 1914 super
941 1876 1052 1905 eadem
1073 1884 1142 1914 pre-

134 1939 146 1955 «
168 1927 255 1957 dicto
274 1928 428 1966 magistro
446 1928 605 1957 Willelmo
624 1931 818 1967 perpetuum
837 1929 1000 1958 silentium
1019 1929 1142 1967 imponi

134 1992 146 2007 «
168 1989 241 2010 cum
264 1981 386 2010 nullum
407 1981 459 2019 jus
481 1981 601 2010 habeat
622 1981 654 2011 in
676 1982 799 2011 eadem.
823 1981 910 2010 Petit
931 1991 1087 2020 expensas
1108 1982 1141 2011 in

134 2046 146 2061 ιι
167 2034 223 2063 lite
245 2033 348 2063 factas
370 2036 404 2063 et
425 2036 627 2072 protestatur
647 2034 831 2069 faciendas;
868 2035 925 2064 hec
947 2035 1030 2073 petit
1051 2035 1141 2064 salvo

133 2098 145 2114 «
166 2087 237 2126 jure
259 2087 399 2116 addendi
422 2087 472 2116 vel
495 2087 661 2117 minuendi
684 2090 744 2117 etc.

175 2147 187 2162 «
209 2135 280 2165 Lite
302 2135 400 2174 igitur
419 2145 515 2174 super
536 2135 630 2165 dictis
650 2136 764 2165 libellis
785 2136 926 2174 legitime
948 2138 1141 2171 contestata,

134 2200 146 2215 «
167 2188 340 2227 juratoque
363 2189 402 2217 de
424 2188 563 2218 veritate
586 2188 732 2222 dicenda,
756 2188 851 2218 factis
874 2189 1087 2227 positionibus
1110 2191 1143 2218 et

135 2253 146 2267 ει
168 2241 427 2280 responsionibus
449 2242 490 2271 ad
512 2242 651 2276 easdem,
668 2242 816 2276 testibus,
834 2242 950 2271 litteris
971 2244 1004 2271 et
1025 2242 1143 2271 instru-

135 2306 146 2321 «
168 2293 286 2323 mentis
321 2294 353 2323 in
388 2294 503 2333 Anglia
540 2303 647 2324 coram
683 2295 778 2324 certis
813 2295 1088 2324 examinatoribus
1124 2303 1143 2324 a

135 2358 146 2373 «
170 2347 250 2377 Sede
271 2347 458 2385 Apostolica
471 2347 636 2386 deputatis
655 2348 821 2386 productis
839 2350 872 2377 et
889 2348 930 2377 ad
945 2348 1065 2377 curiam
1080 2348 1144 2377 Ro-

135 2411 147 2426 «
168 2409 299 2429 manam
320 2400 459 2429 fideliter
478 2400 627 2434 remissis,
649 2401 758 2439 eisque
777 2410 834 2439 per
854 2401 1044 2439 magistrum
1065 2401 1145 2430 Leo-

135 2465 147 2479 «
169 2454 317 2487 nardum,
339 2455 504 2482 cantorem
524 2453 772 2488 Messanensem‚
795 2454 916 2483 domini
937 2463 1020 2492 pape.
1041 2454 1144 2492 capel-

135 2517 147 2532 «
169 2506 289 2540 lanum,
314 2506 460 2544 partibus
483 2509 615 2545 propter
636 2507 818 2536 absentiam
841 2507 976 2545 predicti
999 2507 1144 2545 magistri

135 2559 300 2588 «Martini
331 2559 512 2588 auditorem
544 2568 729 2589 concessum
767 2560 854 2589 dicto
885 2560 1043 2589 Willelmo
1075 2569 1144 2598 per-

135 2623 147 2638 «
169 2612 321 2641 sonaliter
341 2614 374 2641 et
395 2612 572 2645 Galluchio,
594 2613 795 2650 procuratori
821 2613 976 2651 sepedicti
998 2613 1143 2647 Gilberti,

136 2676 148 2691 «
170 2665 352 2703 publicam,
373 2665 535 2703 predictus
555 2664 740 2694 Galluchius
759 2674 777 2695 a
797 2666 1014 2704 publicatione
1035 2666 1145 2704 hujus-

136 2729 147 2744 «
169 2718 255 2747 modi
289 2727 431 2747 asserens
465 2727 497 2747 se
531 2720 713 2756 gravatum,
748 2718 789 2747 ad
824 2719 990 2748 dominum
1025 2728 1144 2757 papam

137 2781 148 2796 «
170 2771 365 2809 appellavit;
387 2780 483 2809 super
504 2780 567 2809 qua
589 2771 805 2808 appellatione
827 2774 859 2800 et
881 2772 1008 2809 negotio
1030 2772 1144 2810 princi-

137 2834 149 2849 «
172 2823 234 2861 pali
253 2823 337 2852 idem
357 2824 505 2853 dominus
524 2832 608 2861 papa
628 2833 684 2852 nos
704 2823 834 2853 fratrem
856 2825 1037 2862 Hugoncm,
1058 2825 1143 2854 tituli

138 2887 149 2901 «
173 2876 287 2905 Sancte
330 2876 445 2905 Sabine
486 2877 698 2914 presbiterum
741 2877 945 2910 cardinalem,
988 2879 1144 2907 concessit

138 2939 149 2954 κ
172 2929 316 2966 partibus
346 2929 536 2958 auditorem.

179 2995 189 3009 α
213 2984 278 3013 Nos
300 2993 385 3018 vere,
410 2984 530 3013 meritis
553 2984 777 3022 appellationis
802 2985 985 3022 hujusmodi
1008 2987 1142 3023 cognitis

1244 412 1256 427 ‹<
1278 404 1311 430 et
1335 403 1427 440 plene
1452 403 1611 439 discussis,
1638 407 1919 443 pronuntiavimus
1945 408 2027 437 male
2052 408 2250 446 appellatum

1244 465 1255 480 «
1278 456 1311 484 et
1340 455 1422 485 bone
1452 458 1699 494 pronuntiatum
1728 458 1825 488 fuisse
1855 462 1888 489 et
1916 469 1983 489 esse
2013 461 2251 498 procedendum

1245 518 1256 533 «
1279 516 1385 537 coram
1407 509 1509 543 nobis,
1532 511 1648 548 quibus
1670 514 1702 540 et
1723 512 1897 550 principale
1919 514 2083 551 negotium
2105 514 2251 543 commis-

1245 570 1257 585 «
1279 569 1349 589 sum
1369 561 1532 596 extiterat,
1552 563 1583 591 in
1598 563 1666 601 ipso
1686 565 1813 602 negotio
1828 565 2004 604 principali.
2021 566 2128 595 Factis
2142 566 2253 604 itaque

1245 623 1257 638 «
1283 613 1416 642 rubricis
1427 623 1444 643 a
1456 615 1601 652 partibus
1615 618 1647 644 et
1657 616 1700 645 eis
1711 626 1767 655 per
1776 618 2030 647 examinatorem
2040 619 2254 648 communiter

1245 676 1257 691 «
1279 665 1416 695 electum
1439 667 1579 696 fideliter
1601 669 1804 703 examinatis,
1828 679 2001 710 earumque
2025 671 2160 701 aliarum
2183 680 2254 710 par-

1246 728 1257 743 «
1280 718 1362 747 tium
1392 720 1647 756 probationibus,
1677 721 1802 759 juribus
1831 726 1864 751 et
1892 724 2137 762 allegationibus
2166 724 2254 758 visis,

1246 771 1400 800 «auditis
1428 775 1461 800 et
1490 773 1658 811 diligenter
1685 774 1847 812 inspectis,
1877 776 1996 805 auditis
2024 779 2057 806 et
2085 776 2256 806 intellectis

1246 834 1258 849 «
1281 823 1430 853 omnibus
1446 834 1508 863 quc
1523 828 1631 863 partes
1648 835 1755 855 coram
1772 828 1862 857 nobis
1879 838 2055 866 proponere
2071 830 2254 862 voluerunt,

1246 886 1259 903 ι(
1281 876 1392 906 habito
1422 877 1598 915 peritorum
1628 879 1768 913 consilio,
1798 880 1877 918 juris
1907 881 2016 910 ordine
2045 881 2077 910 in
2108 882 2257 911 omnibus

1247 936 1259 950 «
1282 925 1464 960 observato,
1491 929 1619 965 recepto
1646 927 1684 956 de
1710 929 1950 965 pronuntiando
1976 938 2071 967 super
2096 930 2257 968 premissis

1248 988 1259 1003 «
1282 978 1438 1007 mandato
1461 988 1479 1008 a
1504 979 1634 1008 domino
1658 982 1767 1009 nostro
1790 990 1917 1010 summo
1940 981 2094 1019 pontifice
2117 983 2256 1021 speciali,

1248 1041 1260 1056 «
1283 1030 1358 1068 quia
1388 1040 1444 1068 per
1472 1040 1508 1060 ea
1538 1041 1600 1070 que
1629 1033 1766 1070 probata
1796 1036 1872 1063 sunt
1901 1034 1932 1062 in
1961 1034 2081 1072 judicio
2111 1036 2258 1064 constitit

1248 1094 1261 1109 «
1283 1083 1374 1112 nobis
1396 1083 1609 1113 intentionem
1633 1086 1768 1123 predicti
1789 1086 1939 1116 Willelmi
1962 1087 2053 1125 plene
2086 1087 2258 1117 fundatam

1249 1147 1261 1162 «
1283 1138 1316 1165 et
1335 1136 1539 1166 collationem
1559 1138 1597 1167 de
1617 1138 1703 1167 dicta
1723 1139 1854 1168 ecclesia
1874 1140 2025 1169 canonice
2044 1140 2105 1169 sibi
2124 1140 2257 1174 factam,

1250 1200 1262 1215 α
1284 1197 1341 1217 nec
1362 1189 1483 1228 aliquid
1505 1189 1623 1219 efficax
1643 1200 1700 1229 pro
1721 1192 1822 1221 altera
1843 1195 1934 1230 parte
1955 1192 2051 1222 fuisse
2073 1193 2258 1231 probatum,

1250 1252 1262 1267 «
1285 1241 1335 1270 die
1355 1242 1484 1271 sabbati
1504 1245 1579 1272 ante
1600 1252 1705 1273 ramos
1726 1244 1911 1274 Palmarum
1932 1245 2094 1284 assignata
2115 1255 2260 1284 peremp-

1250 1305 1262 1320 «
1284 1294 1365 1323 torie
1385 1295 1426 1324 ad
1447 1295 1658 1325 diffinitivam
1678 1297 1873 1326 sententiam
1893 1298 2088 1327 audiendam
2108 1299 2260 1336 predictis

1251 1358 1262 1373 ι(
1284 1347 1334 1376 W.
1360 1356 1417 1385 pro
1429 1357 1472 1382 se,
1487 1350 1519 1377 et
1533 1348 1699 1378 Galluchio
1713 1359 1770 1388 pro
1782 1353 1962 1380 memorato
1975 1351 2119 1380 Gilberto
2132 1360 2262 1390 compa-

1251 1410 1263 1426 «
1285 1400 1430 1429 rentibus
1454 1410 1562 1430 coram
1586 1402 1687 1436 nobis,
1712 1403 1850 1432 eundem
1874 1403 2088 1437 Galluchium,
2112 1413 2262 1442 procura-

1252 1463 1264 1478 «
1285 1454 1389 1481 torem
1412 1453 1529 1491 prefati
1560 1454 1705 1489 Gilberti,
1728 1455 1827 1493 ipsius
1850 1456 1989 1490 nomine,
2012 1465 2049 1485 ac
2070 1456 2176 1494 ipsum
2200 1457 2263 1486 Gil-

1251 1516 1264 1531 «
1286 1505 1425 1540 bertum,
1456 1507 1497 1535 ad
1524 1507 1763 1536 restitutionem
1782 1508 1911 1537 ecclesie
1929 1509 2123 1547 supradicte,
2142 1509 2263 1547 jurium

1251 1568 1264 1584 «
1286 1560 1319 1587 et
1343 1559 1613 1596 pertinentiarum
1626 1560 1725 1598 ipsius
1739 1561 1884 1598 predicto
1897 1561 2056 1591 Willelmo
2070 1561 2262 1596 faciendam.

1250 1611 1522 1641 «sententialiter
1555 1613 1842 1651 condempnamus,
1877 1616 1910 1643 et
1942 1614 2047 1652 ipsum
2083 1615 2264 1644 Gilbertum

1250 1674 1262 1689 «
1284 1663 1325 1692 ab
1346 1664 1459 1693 eadem
1477 1665 1618 1699 ecclesia,
1633 1665 1758 1704 juribus
1776 1668 1809 1695 et
1826 1667 2028 1705 pertinentiis
2049 1667 2114 1696 suis
2134 1676 2264 1697 amove-

1249 1726 1262 1743 «
1283 1725 1355 1746 mus
1378 1719 1411 1746 et
1435 1717 1634 1748 decernimus
1655 1719 1883 1754 amovendum,
1908 1728 1945 1749 ac
1968 1720 2072 1758 ipsam
2095 1720 2261 1750 ecclesiam

1249 1780 1261 1795 «
1284 1778 1357 1798 cum
1375 1770 1501 1808 Juribus
1521 1773 1553 1800 et
1573 1771 1641 1809 ejus
1661 1771 1864 1810 pertinentiis
1884 1781 1940 1810 per
1958 1772 2169 1802 diffinitivam
2189 1782 2259 1803 sen-

1249 1833 1261 1849 «
1282 1822 1422 1852 tentiam
1448 1823 1607 1853 Willelmo
1635 1824 1860 1862 adjudicamus
1887 1825 2001 1859 eidem,
2043 1825 2169 1864 prefato
2197 1825 2262 1855 Gil-

1250 1886 1262 1901 «
1283 1875 1375 1904 berto
1385 1885 1481 1914 super
1497 1885 1533 1905 ea
1544 1879 1577 1905 et
1586 1877 1656 1914 eJus
1668 1877 1794 1915 juribus
1807 1879 1840 1906 et
1853 1878 2056 1916 pertinentiis
2066 1881 2260 1917 perpetuum

1249 1939 1260 1954 «
1283 1928 1446 1957 silentium
1474 1929 1677 1967 imponentes
1704 1939 1741 1959 ac
1768 1930 1969 1969 sepedictum
1996 1931 2192 1960 Willelmum
2219 1931 2260 1961 ab

1249 1980 1382 2019 «ipsius
1413 1981 1547 2012 Gilberti
1578 1991 1675 2021 super
1703 1983 1763 2012 hoc
1792 1983 1996 2021 impetitione
2025 1984 2261 2014 sententialiter

1247 2044 1260 2060 «
1282 2033 1496 2063 absolventes.
1536 2034 1670 2073 Insuper
1707 2037 1740 2065 et
1777 2035 1990 2070 Galluchium,
2020 2038 2260 2075 procuratorem

1248 2086 1381 2124 «ipsius
1412 2087 1547 2116 Gilberti
1576 2088 1721 2126 ejusdem
1759 2089 1888 2118 ecclesie
1918 2089 2057 2123 nomine,
2088 2098 2125 2119 ac
2154 2089 2261 2128 ipsum

1249 2150 1262 2166 «
1285 2139 1466 2169 Gilbertum
1488 2140 1520 2169 in
1544 2141 1692 2170 ducentis
1714 2143 1747 2170 et
1769 2142 1976 2180 septuaginta
2000 2142 2114 2171 marcis
2137 2142 2261 2181 argenti

1249 2203 1262 2219 «
1284 2201 1341 2230 pro
1369 2192 1530 2222 fructibus
1558 2193 1643 2223 dicte
1671 2194 1800 2223 ecclesie
1828 2195 1973 2233 predicto
2001 2195 2159 2224 Willelmo
2187 2195 2262 2224 sub-

1250 2256 1262 2272 «
1284 2245 1408 2279 tractis,
1435 2246 1613 2275 secundum
1631 2247 1878 2276 extimationem
1896 2248 2050 2286 temporis
2068 2250 2101 2277 et
2118 2248 2260 2277 valorem

1250 2308 1263 2324 «
1284 2297 1450 2327 fructuum
1474 2298 1506 2327 in
1528 2299 1649 2337 judicio
1673 2300 1858 2338 probatum,
1882 2302 1915 2330 et
1937 2300 1969 2330 in
1992 2303 2123 2330 centum
2146 2300 2262 2330 marcis

1251 2362 1263 2377 «
1285 2351 1410 2389 argenti
1434 2351 1563 2381 nomine
1586 2354 1809 2391 expensarum}
1831 2352 1863 2382 in
1886 2353 1942 2382 lite
1973 2353 2144 2387 factarum,
2169 2356 2262 2383 taxa—

1251 2415 1263 2430 «
1285 2403 1373 2433 tione
1401 2404 1555 2442 premissa
1573 2405 1824 2444 juramentoque
1859 2406 1959 2444 ipsius
1986 2406 2048 2440 W.,
2077 2407 2260 2440 subsecuto,

1252 2468 1263 2483 «
1285 2456 1389 2486 eidem
1411 2457 1570 2487 Willelmo
1593 2458 1829 2488 sententialiter
1851 2459 2136 2497 condempnamus.

1294 2523 1305 2537 «
1331 2512 1366 2540 In
1384 2512 1476 2550 cujus
1493 2513 1537 2541 rei
1554 2513 1777 2542 testimonium
1795 2514 1854 2543 hoc
1871 2523 1999 2552 presens
2017 2514 2181 2552 publicum
2199 2514 2261 2543 ins-

1252 2566 1488 2594 «trumentum
1521 2575 1578 2604 per
1609 2566 1799 2604 magistrum
1833 2566 2033 2605 Stephanum
2067 2567 2189 2596 dictum
2223 2567 2262 2596 de

1252 2628 1264 2643 ‹<
1287 2617 1380 2655 Pyre,
1400 2618 1549 2647 clericum
1567 2618 1786 2652 Bisuntinum,
1808 2619 1970 2648 notarium
1991 2622 2146 2653 nostrum,
2167 2620 2261 2648 scribi

1252 2672 1319 2699 «et
1346 2671 1502 2708 publicari
1530 2671 1662 2700 fecimus
1690 2674 1722 2700 ct
1751 2675 1859 2701 nostro
1887 2672 1987 2710 sigillo
2016 2672 2141 2700 muniri.
2178 2672 2261 2702 Lata

1252 2734 1263 2749 «
1285 2723 1348 2752 fuit
1374 2724 1431 2753 hec
1456 2724 1616 2753 sententia
1644 2733 1699 2762 per
1724 2725 1847 2754 dictum
1874 2725 2039 2753 dominum
2066 2725 2261 2754 cardinalem

1251 2787 1263 2802 «
1286 2777 1450 2805 sedentem
1462 2777 1492 2805 in
1505 2777 1599 2805 domo
1612 2776 1747 2806 fratrum
1756 2777 2260 2812 PredicatorumViterbicnsium‚

1252 2829 1317 2857 «in
1347 2838 1410 2867 qua
1441 2830 1546 2858 dictus
1576 2829 1724 2859 dominus
1753 2830 1922 2858 cardinalis
1960 2830 2157 2859 morabatur.
2189 2830 2262 2859 Pre-

1252 2892 1263 2908 «
1286 2882 1431 2911 sentibus
1454 2882 1607 2919 magistro
1630 2883 1788 2911 Willelmo
1811 2885 1843 2911 ct.
1867 2882 2033 2911 Galluchio
2056 2883 2207 2920 predictis
2230 2886 2262 2912 et

1251 2945 1262 2960 «
1286 2934 1345 2963 hiis
1377 2935 1513 2963 testibus
1537 2945 1541 2963 :
1567 2935 1720 2971 magistro
1744 2935 1892 2964 Johannc
1915 2936 1953 2964 dc
1984 2935 2103 2973 Capua,
2136 2936 2262 2965 notario

1250 2998 1262 3013 ‹<
1285 2987 1405 3016 domini
1433 2996 1533 3025 papc;
1561 2988 1721 3026 magistris
1746 2988 1886 3017 Berardo
1921 2988 1959 3016 de
1986 2988 2130 3026 Neapoli,
2166 2989 2263 3018 Petro

2118 3170 2150 3193 95³
