2477 3512
954 306 1231 347 QUATRIEME
1251 306 1412 339 ANNEE
2180 313 2241 343 793

125 416 176 445 vel
197 415 290 444 utiles
310 414 519 448 videbuntur,
540 414 566 443 si
586 413 721 444 forsitan
743 423 800 452 per
819 413 1004 452 episcopum
1024 413 1131 451 ipsum

124 478 145 498 a
167 470 312 506 tempore
336 476 400 506 quo
424 476 482 506 pro
506 469 598 505 parte
622 466 700 496 dicti
724 466 856 505 capituli
879 465 942 495 fuit
966 466 1007 495 ab
1031 475 1067 495 eo
1091 466 1132 495 ad

127 521 240 551 sedem
258 520 477 558 Apostolicam
496 520 705 558 appellatum,
724 518 995 549 excommunicati
1013 518 1133 547 fuerint

126 574 281 602 hactenus
307 573 358 602 vel
384 573 545 611 pendente
566 572 694 611 negotio
715 571 835 601 fuerint
854 571 887 600 in
907 571 1064 605 futurum,
1086 571 1131 600 ita

125 628 257 664 propter
277 626 336 655 hoc
355 635 411 664 per
430 628 463 655 te
483 625 534 654 vel
561 634 617 663 per
634 625 733 654 alium
754 626 863 654 nostra
882 624 951 653 vice
972 624 1131 657 absolvas,

127 679 213 717 quod
234 679 273 708 de
293 678 425 708 noton'is
446 677 637 711 excessibus,
659 686 716 716 pro
737 677 854 716 quibus
874 676 1060 715 hujusmodi
1080 685 1134 705 ex-

126 730 416 761 communicatione
457 732 610 760 tenentur
641 730 776 763 astricti,
810 729 898 768 prius
932 729 1134 758 satisfaciant

127 786 347 822 competenter
368 785 401 812 et
424 792 519 821 super
542 783 647 812 dubiis
671 783 710 812 de
732 783 874 821 parendo
896 782 960 820 juri
989 784 1133 820 prestent

126 837 285 875 ydoneam
328 836 522 865 cautionem.
560 836 636 865 Dat.
679 835 826 869 Viterbii,
869 835 897 864 V
938 835 1002 864 kal.
1045 834 1132 869 maii,

126 898 210 926 anno
242 891 369 928 quarto.
402 900 413 915 »

207 1084 296 1110 2546
576 1083 707 1115 Latran,
720 1084 756 1110 21
772 1083 937 1110 decembre
960 1084 1050 1111 1255.

155 1133 218 1163 ,Ad
240 1132 430 1167 petitionem
467 1132 649 1159 abbatissae
668 1135 700 1159 et
717 1134 895 1159 conventus
915 1132 944 1159 S.
957 1132 1133 1159 Salvatoris

127 1173 166 1199 de
180 1170 374 1203 Passiniano,
391 1172 622 1199 camerinensis
631 1172 773 1204 diocesis,
783 1172 907 1198 inhibet
915 1180 954 1198 ne
963 1173 1133 1206 quisquam

128 1213 160 1239 in
186 1214 290 1238 castro
311 1212 340 1238 S.
369 1211 511 1238 Severini
533 1212 583 1238 vel
608 1212 676 1245 eJus
705 1212 876 1244 territorio,
902 1212 1133 1245 cujuscumque

126 1252 331 1286 protessionis
354 1251 404 1278 vel
429 1252 559 1283 ordiniS,
582 1252 699 1283 locum,
723 1252 855 1278 domum
885 1254 942 1278 aut
967 1253 1134 1278 monaste-

126 1292 209 1318 rium
243 1292 436 1323 construere,
476 1291 579 1317 facere
614 1291 664 1317 vel
705 1291 819 1324 eligere
859 1292 922 1317 aud
964 1291 1134 1317 aedificare

127 1333 322 1365 praesumat.
358 1331 457 1364 (Res.
494 1330 543 1363 25,
583 1331 605 1357 f.
642 1330 700 1357 136
734 1334 781 1362 v0,
817 1338 867 1357 an.
906 1331 959 1362 IV,
994 1338 1019 1357 c.
1051 1331 1133 1364 119.)

169 1433 180 1447 ι
196 1443 225 1456 ..,
243 1420 397 1450 abbatisse
413 1422 440 1449 et
456 1420 616 1450 conventui
644 1420 824 1450 monasterii
842 1420 948 1450 Sancti
966 1420 1134 1450 Salvatoris

126 1482 300 1512 pauperum
348 1473 539 1502 inclusarum
571 1473 607 1502 de
637 1473 831 1502 Passiniano
862 1482 958 1511 prope
1001 1474 1134 1502 castrum

127 1527 234 1556 Sancti
260 1526 409 1560 Severini,
436 1526 556 1555 ordinis
582 1526 689 1556 Sancti
712 1526 876 1560 Damiani,
904 1526 1135 1556 Camerinensis

126 1579 265 1609 diocesis.
294 1579 421 1609 Sincera
450 1588 548 1617 quam
564 1579 606 1608 ad
624 1596 675 1607 —.
695 1579 772 1609 Dat.
800 1579 962 1613 Laterani,
982 1579 1050 1608 XII
1069 1579 1134 1608 kal.

125 1632 274 1670 januarii,
299 1641 383 1661 anno
407 1632 558 1661 secundo.
583 1643 595 1658 »

208 1822 297 1848 25⁴⁷
672 1821 814 1853 Viterbe,
830 1821 867 1848 10
881 1821 945 1848 mai
959 1821 1048 1847 1258.

167 1871 289 1897 Abbati
303 1872 335 1897 et
350 1870 523 1897 conventui
538 1870 568 1897 S.
584 1870 728 1897 Medardi
742 1870 975 1897 suessionensis
989 1869 1134 1903 indulget

128 1913 174 1943 ut,
205 1911 370 1937 occasione
400 1910 517 1937 statuti
549 1910 728 1937 Innocentii
761 1909 803 1936 IV
845 1910 883 1936 de
911 1909 1134 1943 jurisdictione

128 1950 169 1977 ab
195 1950 365 1977 ordinariis
396 1950 429 1977 in
460 1950 618 1983 exemptis
650 1950 836 1981 exercenda,
868 1949 993 1976 nullum
1025 1956 1134 1975 eorum

126 1990 332 2017 libertatibus
355 1991 388 2016 et
410 1989 672 2016 immunitatibus
696 1989 931 2023 praejudicium
955 1990 1133 2022 generetur.

127 2030 227 2062 (Rae.
247 2029 296 2062 25,
314 2029 336 2055 f.
357 2029 414 2056 136
433 2033 480 2061 v0,
499 2036 550 2056 an.
572 2029 625 2061 IV,
645 2037 671 2056 c.
691 2029 773 2062 119.)

168 2131 213 2154 «..‚
228 2119 333 2149 abbati
346 2120 372 2148 et
385 2119 546 2149 conventui
559 2119 740 2149 monasterii
756 2119 863 2149 Sancti
877 2118 1024 2148 Medardi
1043 2118 1134 2148 Sues-

125 2172 289 2207 sionensis,
318 2172 438 2202 ordinis
466 2172 573 2202 Sancti
600 2172 769 2201 Benedicti.
798 2172 878 2201 Cum
906 2171 1005 2201 felicis
1032 2180 1134 2201 recor-

126 2225 265 2255 dationis
291 2225 497 2254 Innocentius
520 2227 665 2264 quartus,
690 2225 894 2264 predecessor
915 2227 1033 2259 noster,
1058 2224 1133 2254 olim

126 2278 255 2308 duxerit
283 2278 494 2308 statuendum
524 2280 561 2307 ut
584 2278 736 2316 exempti,
761 2280 1025 2317 quantacumque
1054 2285 1133 2316 gau·

127 2331 226 2360 deant
261 2331 420 2365 libertate,
458 2331 683 2360 nichilominus
718 2333 828 2360 tamen
866 2331 990 2360 ratione
1027 2330 1135 2359 delicti

127 2392 182 2413 seu
206 2386 391 2413 contractus
413 2386 471 2413 aut
494 2384 548 2418 rei,
573 2384 612 2413 de
635 2393 699 2422 qua
723 2386 835 2414 contra
858 2393 911 2413 eos
934 2384 1050 2422 agitur,
1075 2383 1135 2412 rite

127 2437 252 2475 possint
269 2445 376 2466 coram
392 2437 535 2466 locorum
553 2437 720 2466 ordinariis
738 2437 901 2466 conveniri
918 2439 950 2466 et
966 2437 1009 2465 illi
1027 2436 1135 2475 quoad

128 2489 185 2519 hec
216 2499 307 2519 suam
338 2489 370 2518 in
401 2489 486 2528 ipsos
516 2489 782 2528 jurisdictionem,
814 2492 912 2528 prout
941 2489 992 2527 jus
1024 2489 1134 2527 exigit,

127 2551 282 2576 exercere,
308 2551 430 2581 nosque
454 2543 662 2580 postmodum
686 2545 849 2572 statutum
874 2542 1070 2580 hujusmodi,
1097 2542 1135 2571 de

127 2595 266 2625 tratrum
281 2597 464 2625 nostrorum
480 2595 621 2629 consilio,
638 2596 871 2625 decreverimus
887 2595 1134 2629 observandum,

128 2657 186 2677 vos
209 2648 396 2677 dubitantes
421 2657 459 2677 ne
483 2657 539 2686 per
561 2650 723 2677 statutum
747 2648 852 2687 ipsum
876 2648 1080 2677 libertatibus
1103 2650 1136 2677 et

127 2700 388 2730 immunitatibus
412 2701 504 2730 vobis
535 2703 568 2730 et
591 2701 785 2731 monasterio
815 2704 923 2730 vestro
953 2710 1010 2739 per
1039 2700 1136 2739 privi-

128 2753 208 2792 legia
231 2756 263 2782 et
285 2754 500 2792 indulgentias
523 2763 541 2783 a
566 2753 645 2783 Sede
673 2754 858 2792 Apostolica
888 2754 1044 2783 concessis
1066 2763 1136 2792 pre-

128 2806 264 2843 judicari
288 2807 414 2841 debeat,
440 2806 531 2836 nobis
556 2807 719 2836 humiliter
741 2807 945 2845 supplicastis
970 2809 1006 2835 ut
1030 2806 1136 2845 provi-

131 2859 202 2887 dere
219 2868 314 2897 super
330 2859 389 2888 hoc
402 2859 631 2897 indempnitati
649 2862 753 2888 vestre
771 2861 905 2898 paterna
922 2860 1135 2889 sollicitudine

131 2920 322 2941 curaremus.
340 2912 421 2949 Quia
444 2922 519 2942 vero
542 2913 685 2950 ejusdcm
709 2913 894 2941 monasterii
917 2922 1005 2942 sacra
1029 2912 1135 2951 religio

129 2965 173 2993 sic
203 2973 259 2993 vos
289 2965 375 3002 apud
405 2974 462 2994 nos
492 2965 603 3004 dignos
627 2965 736 2994 lavore
766 2965 946 2999 constituit,
978 2968 1014 2994 ut
1044 2965 1135 2995 nobis

130 3017 278 3046 votivum
292 3018 447 3047 consistat
471 3027 528 3047 vos
541 3019 582 3047 ab
596 3019 744 3047 omnibus
758 3028 814 3057 per
826 3027 887 3057 que
901 3019 991 3047 vobis
1005 3020 1135 3056 possent
1188 3042 1190 3046 .

1238 414 1405 451 provenire
1424 415 1599 453 dispendia,
1618 416 1775 445 immunes
1793 416 1905 446 libenti
1922 417 2030 446 animo
2047 426 2240 455 preservare,

1238 467 1432 496 auctoritate
1454 468 1545 497 vobis
1567 470 1763 507 presentium
1784 469 1986 508 indulgemus
2008 472 2055 503 ut,
2077 471 2241 500 occasione

1239 519 1356 548 statuti
1373 520 1567 558 hujusmodi,
1586 522 1708 551 nullum
1725 522 1843 551 eisdem
1860 522 2064 551 libertatibus
2080 525 2112 551 et
2128 523 2243 552 immu-

1239 572 1397 601 nitatibus
1431 573 1463 602 in
1497 576 1661 612 posterum
1696 575 1908 613 prejudicium
1942 577 2120 613 generetur.
2156 576 2243 605 Nulli

1240 627 1347 654 nostre
1376 626 1586 656 concessionis
1618 629 1678 656 etc.
1718 628 1794 656 Dat.
1820 628 1965 661 Viterbii,
1995 628 2041 657 VI
2069 628 2140 657 idus
2157 629 2243 662 maii,

1240 686 1324 707 anno
1347 681 1473 716 quarto.
1497 690 1508 705 »

1323 878 1412 904 2548
1794 880 1934 911 Viterbe,
1949 881 1983 907 11
1998 881 2061 907 mai
2075 881 2164 908 1258.

1282 927 1403 953 Abbati
1432 927 1624 961 Ursicampi,
1654 927 1878 955 Noviomensis
1917 929 2061 960 diocesis,
2089 937 2129 956 ne
2157 937 2246 963 prae-

1242 966 1345 993 dictos
1364 967 1515 993 abbatem
1534 968 1566 993 et
1585 969 1780 994 conventum
1799 967 1829 994 S.
1849 968 1993 994 Medardi
2012 968 2246 996 Suessionensis

1242 1008 1353 1032 contra
1380 1006 1507 1032 indulta
1532 1006 1771 1040 privilegiorum
1799 1007 1887 1033 Sedis
1915 1008 2109 1041 apostolieae
2136 1009 2247 1035 moles-

1241 1046 1304 1072 tari
1330 1046 1510 1079 permittat.
1537 1046 1636 1079 (Rae.
1663 1046 1712 1078 25,
1739 1047 1760 1072 f.
1789 1047 1846 1073 136
1873 1051 1919 1079 v⁰‚
1947 1055 1997 1073 an.
2029 1048 2081 1079 IV,
2108 1056 2133 1074 c.
2163 1048 2245 1081 121.)

1283 1147 1295 1161 «
1309 1158 1338 1169 ..‚
1357 1135 1462 1165 abbati
1480 1136 1659 1165 monasterii
1682 1136 1871 1175 Ursicampi,
1892 1137 2104 1167 Cisterciensis
2117 1138 2248 1172 ordinis,

1241 1188 1464 1218 Novioniensis
1471 1189 1610 1218 diocesis.
1622 1190 1687 1219 Sub
1696 1189 1854 1228 religionis
1864 1190 1977 1219 habitu
1992 1207 2028 1219 -.
2038 1190 2118 1220 Cum
2126 1191 2247 1230 itaque,

1241 1241 1324 1270 sicut
1344 1242 1535 1280 accepimus,
1558 1242 1666 1271 dilecti
1685 1242 1776 1277 filii..‚
1798 1243 1899 1272 abbas
1919 1246 1952 1272 et
1984 1246 2162 1273 conventus
2182 1253 2250 1273 mo-

1241 1294 1373 1323 nasterii
1404 1294 1513 1324 Sancti
1542 1295 1687 1324 Medardi
1717 1296 1961 1330 Suessionensis,
1992 1297 2111 1326 ordinis
2142 1297 2250 1326 Sancti

1239 1347 1418 1382 Benedicti,
1445 1356 1463 1376 a
1489 1348 1649 1377 nonnullis
1675 1349 1731 1387 qui
1756 1358 1872 1378 nomen
1898 1349 2029 1378 Domini
2053 1349 2085 1378 in
2110 1358 2251 1379 vacuum

1241 1400 1380 1438 recipere
1416 1409 1480 1430 non
1515 1400 1703 1435 formidant,
1745 1410 1841 1440 super
1881 1402 1972 1431 bonis
2002 1402 2068 1431 suis
2098 1402 2252 1441 multipli-

1243 1453 1322 1482 citer
1375 1453 1597 1488 molestentur,
1646 1463 1703 1483 nos
1749 1455 1895 1484 volentes
1952 1455 2137 1484 eorumdem
2196 1456 2253 1484 ab·

1243 1506 1327 1535 batis
1353 1508 1386 1535 et
1410 1509 1590 1535 conventus
1616 1507 1783 1545 providere
1809 1507 1911 1546 quieti
1943 1510 1975 1537 et
2007 1508 2253 1538 molestatorum

1241 1559 1385 1598 ipsorum
1405 1559 1536 1588 malitiis
1557 1559 1698 1594 obviare,
1720 1560 1914 1590 mandamus
1930 1560 2084 1599 quatinus
2099 1561 2252 1599 predictis

1242 1612 1356 1642 abbati
1384 1614 1417 1641 et
1446 1613 1631 1647 conventui,
1663 1613 1815 1651 oportuni
1845 1613 1982 1652 presidio
2011 1613 2131 1643 favoris
2160 1614 2255 1644 assis-

1242 1667 1324 1699 tens,
1343 1674 1406 1694 non
1423 1665 1592 1704 permittas
1609 1675 1662 1695 eos
1678 1666 1709 1695 in
1727 1666 1869 1704 personis
1885 1666 1936 1696 vel
1952 1667 2044 1696 bonis
2059 1667 2124 1696 suis
2141 1669 2252 1697 contra

1242 1718 1368 1747 indulta
1402 1718 1641 1756 privilegiorum
1676 1719 1764 1749 Sedis
1797 1719 1981 1758 Apostolice
2014 1720 2056 1749 ab
2089 1720 2250 1759 aliquibus

1241 1771 1385 1800 indebite
1405 1771 1578 1805 molestari,
1600 1772 1822 1801 molestatores
1857 1772 2043 1810 hujusmodi
2063 1782 2119 1811 per
2139 1782 2250 1802 censu-

1242 1833 1311 1853 ram
1343 1824 1601 1858 ecclesiasticam,
1634 1825 1850 1863 appellatione
1882 1825 2074 1864 postposita.
2107 1834 2250 1864 compes-

1242 1877 1353 1906 cendo.
1375 1877 1451 1905 Dat.
1472 1877 1618 1911 Viterbii,
1638 1877 1666 1906 V
1685 1878 1757 1907 idus
1777 1878 1864 1912 maii,
1884 1887 1969 1908 anno
1990 1881 2116 1917 quarto.
2137 1890 2149 1905 n

1323 2076 1415 2101 2549
1803 2076 1945 2108 Viterbe,
1958 2076 1996 2102 27
2010 2076 2090 2103 avril
2108 2076 2196 2103 1258.

1284 2123 1443 2158 Episcopo
1468 2124 1622 2151 Meldensi
1647 2125 1782 2151 mandat
1806 2126 1843 2151 ut
1866 2125 2019 2158 magistro
2044 2124 2186 2152 Johanni
2210 2125 2248 2151 de

1242 2164 1394 2198 Stampis,
1425 2164 1577 2191 canonico
1602 2164 1765 2197 Meldensi,
1789 2164 1901 2191 clerico
1925 2164 2069 2198 magistri
2092 2164 2248 2197 Adinulri‚

1242 2204 1399 2238 capellani
1432 2204 1610 2238 apostolici,
1645 2204 1789 2231 canonici
1823 2204 2018 2236 Parisiensis,
2052 2204 2085 2231 in
2118 2204 2249 2231 ecclesia

1242 2243 1396 2270 Meldensi
1420 2243 1587 2270 dimidiam
1611 2245 1741 2270 tantum
1765 2244 1982 2278 praebendam
2006 2244 2135 2278 adepto,
2159 2251 2248 2278 prae-

1242 2283 1381 2310 bendam
1398 2283 1556 2317 integrare
1574 2284 1704 2310 studeat
1722 2291 1728 2310 :
1747 2293 1758 2307 ‹
1775 2283 1847 2310 Non
1865 2283 2070 2310 obstantibus
2087 2283 2248 2317 aliquibus

1241 2323 1358 2349 litteris
1382 2330 1477 2357 super
1499 2323 1634 2349 aliorum
1658 2323 1894 2357 provisionibus
1919 2331 1936 2350 a
1960 2323 2039 2350 Sede
2062 2323 2248 2357 Apostolica

1242 2363 1423 2397 impetratis
1446 2362 1677 2396 cujuscumque
1699 2363 1818 2390 tenoris
1841 2363 1983 2390 existant
2005 2370 2060 2397 per
2082 2370 2162 2396 quas
2183 2370 2248 2389 non

1242 2403 1285 2429 sit
1304 2402 1433 2436 plenum
1451 2403 1503 2436 J'us
1522 2403 1617 2429 alicui
1636 2403 1840 2436 acquisitum.
1862 2413 1872 2427 ι
1891 2403 1990 2436 (REG.
2011 2402 2060 2434 25,
2080 2403 2101 2429 f.
2123 2403 2180 2430 136
2200 2406 2247 2435 v⁰‚

1243 2449 1294 2468 an.
1320 2441 1373 2474 lv,
1396 2450 1422 2468 c.
1448 2442 1530 2476 122.)

1285 2543 1296 2559 ι(
1310 2554 1339 2566 ..,
1359 2532 1500 2571 episcopo
1518 2532 1684 2562 Meldensi.
1705 2532 1784 2562 Cum
1801 2533 1885 2562 sicut
1902 2532 2083 2571 accepimus
2101 2550 2151 2561 ——.
2170 2532 2247 2562 Dat.

1242 2585 1389 2619 Viterbii,
1411 2585 1439 2614 V
1460 2585 1523 2615 kal.
1545 2585 1632 2619 maii,
1654 2594 1739 2615 anno
1761 2588 1887 2624 quarto.
1910 2597 1922 2612 ι

1325 2773 1416 2799 2550
1803 2773 1943 2805 Viterbe,
1958 2773 1994 2799 15
2008 2772 2071 2799 mai
2086 2772 2173 2798 1258.

1285 2821 1397 2848 Eidem
1420 2822 1567 2855 episcopo
1590 2822 1728 2848 faciendi
1749 2822 1845 2855 recipi
1868 2823 1946 2847 ‹luos
1968 2821 2096 2847 clericos
2118 2821 2149 2847 in
2172 2821 2247 2847 Mel-

1245 2862 1332 2888 densi
1351 2862 1481 2888 ecclcsia
1500 2862 1530 2887 in
1549 2861 1716 2887 canonicos
1735 2863 1767 2887 et
1785 2861 1973 2895 providendi
1992 2868 2101 2887 eorum
2119 2861 2246 2894 utrique

1244 2902 1282 2927 de
1309 2902 1501 2935 praebenda,
1531 2901 1718 2927 facultatem
1746 2901 1892 2927 concedit
1912 2908 1984 2926 cum
2008 2900 2150 2927 clausula
2177 2908 2245 2934 spe-

1243 2941 1315 2968 ciali
1343 2941 1543 2974 praedictum
1572 2941 1753 2967 Johannem
1783 2941 1820 2966 de
1860 2941 2001 2974 Stampis
2040 2947 2163 2966 necnon
2192 2940 2247 2966 Jo-

1243 2980 1381 3007 hannem
1403 2981 1440 3006 (le
1462 2980 1651 3012 Sarniineto,
1672 2981 1770 3013 ipsius
1787 2987 1889 3013 papae
1903 2982 2064 3014 nepotem,
2082 2981 2245 3013 tangente.

1244 3020 1342 3053 (REG.
1362 3021 1411 3051 25,
1430 3020 1451 3045 f.
1473 3019 1529 3046 136
1548 3024 1594 3051 v0,
1614 3027 1665 3046 an.
1688 3020 1740 3050 IV,
1759 3027 1784 3046 c.
1806 3020 1887 3052 123.)

2091 3186 2140 3211 100
