2477 3512
976 268 1249 315 C1NQU1EME
1276 269 1442 307 ΑΝΝΕΕ

146 385 317 417 municati
344 385 400 417 vel
426 382 607 416 interdicti
634 384 705 415 sint
732 386 795 415 aut
823 383 961 425 publice
989 382 1149 418 usurarii,
1201 377 1203 443 1

146 438 261 470 nullus
281 438 443 470 obsistat.
465 437 562 469 salva
582 439 704 468 tamen
724 436 865 477 justitia
884 436 1025 467 illarum
1044 434 1152 466 eccle·
1202 448 1203 456 ¹

144 491 276 523 siarum
299 500 319 523 a
342 490 471 533 quibus
494 492 715 522 mortuorum
738 498 885 530 corpora
908 489 1151 520 assumuntur.
1203 477 1204 512 Ϊ

145 543 310 576 Decimas
335 545 493 585 preterea
519 545 555 574 et
582 541 818 584 possessiones
842 542 886 573 ad
911 541 968 582 jus
992 539 1154 572 ecclesia-

144 605 222 628 rum
240 600 440 628 vestrarum
458 598 672 637 spectantes,
694 604 762 636 que
782 604 801 626 a
820 594 917 626 laicis
935 593 1152 629 detinentur,

1203 533 1205 548 l

1204 577 1206 594 1

1205 609 1206 624 l

143 649 338 681 redimendi
355 651 391 681 et
410 648 564 689 legitime
583 647 755 679 liberandi
775 647 817 679 de
836 647 1000 678 manibus
1019 655 1152 682 eorum,
1205 639 1206 672 ἶ

142 705 178 734 et
198 702 242 734 ad
263 701 426 734 ecclesias
447 701 491 733 ad
512 710 601 742 quas
621 700 800 742 pertinent
821 698 1021 734 revocandi,
1044 698 1153 730 libera

143 755 188 786 sit
215 755 315 786 vobis
341 755 383 786 de
410 756 529 785 nostra
556 753 771 785 auctoritate
797 752 960 784 facultas.
990 751 1152 783 Obeunte
1205 764 1206 793 l

143 817 226 839 vero
259 810 304 844 te,
338 817 430 839 nunc
460 806 619 847 ejusdem
651 805 716 837 loci
748 805 889 841 abbate,
922 805 977 836 vel
1010 807 1152 835 tuorum
1205 804 1207 831 1

146 861 305 902 quolibet.
335 868 586 895 successorum,
618 858 734 889 nullus
764 858 810 888 ibi
839 860 906 889 etc.
937 867 1048 898 usque
1078 867 1153 898 pro-

145 914 291 945 videant
317 912 529 954 eligendum.
558 911 703 943 Electus
729 913 850 942 antem
878 911 922 942 ad
950 909 1152 941 Romanum

143 966 356 998 Pontificem
397 964 659 996 benedicendus
700 964 858 995 accedat.
901 963 991 995 Cum
1033 965 1152 994 autem

141 1019 320 1062 prefatum
349 1018 452 1050 Beati
484 1016 633 1049 Dionisii
664 1016 921 1048 monasterium
952 1017 996 1048 ad
1027 1016 1085 1057 jus
1115 1018 1149 1048 et

141 1071 396 1115 proprietatem
439 1070 643 1112 Apostolice
688 1069 786 1101 Sedis
830 1068 925 1100 nullo
970 1069 1151 1100 mediante

140 1125 328 1168 pertineat,
358 1123 552 1156 districtius
579 1123 780 1154 inhibemus
808 1124 847 1153 ut
875 1122 993 1153 nullus
1020 1121 1151 1153 archie-

140 1174 305 1221 piscopus
326 1176 382 1209 vel
405 1177 592 1218 episcopus
615 1178 678 1207 aut
702 1174 791 1207 alius
814 1175 1016 1216 quicunque
1040 1174 1151 1216 prela-

140 1233 210 1268 tus,
245 1233 362 1273 preter
393 1230 550 1271 legatum
584 1239 603 1260 a
638 1228 792 1260 Romani
826 1228 1010 1259 Pontificis
1043 1228 1151 1259 latere

141 1283 371 1320 destinatum,
397 1283 568 1314 abbatem
592 1284 655 1313 aut
679 1281 872 1313 monachos
895 1280 1056 1322 ejusdem
1080 1290 1153 1312 mo-

141 1336 285 1369 nasterii
312 1336 447 1378 absque
475 1334 618 1377 speciali
644 1334 722 1375 ejus
749 1334 922 1365 mandato
950 1343 1152 1365 excommu-

141 1390 257 1422 nicare
292 1391 485 1431 presumat,
523 1387 733 1428 adjicientes
770 1389 810 1418 ut
843 1386 941 1418 idem
976 1389 1152 1418 monaste-

140 1443 231 1476 rium
252 1443 297 1475 ab
318 1442 414 1474 omni
432 1441 517 1482 jugo
538 1440 683 1472 alterius
703 1438 910 1480 sujectionis
930 1441 1150 1480 exemptum,

141 1496 305 1528 Romano
346 1493 513 1527 Pontifici
553 1493 599 1525 sit
639 1492 842 1534 subjectum
883 1492 938 1523 Ad
981 1491 1151 1523 indicium

140 1551 262 1581 autem
279 1547 386 1589 hujus
403 1549 566 1588 percepte
584 1556 603 1577 a
622 1546 785 1577 Romana
803 1544 960 1576 Ecclesia
976 1544 1152 1576 libertatis

140 1611 249 1634 unam
267 1600 343 1633 auri
362 1599 503 1632 unciam
522 1598 624 1630 annis
641 1597 787 1639 singulis
806 1597 1038 1629 Lateranensi
1056 1596 1153 1639 pala-

139 1655 189 1687 tio
235 1652 456 1697 persolvetis.
504 1651 586 1684 Paci
630 1660 772 1693 quoque
816 1653 853 1682 et
897 1649 1153 1692 tranquillitati

141 1710 258 1741 vestre
282 1708 350 1740 etc.
377 1715 489 1748 usque
513 1714 685 1737 exercere.
712 1704 877 1735 Preterea
904 1713 1026 1735 omnes
1051 1703 1154 1735 liber-

141 1763 236 1794 tates
270 1762 307 1792 et
341 1758 589 1791 immunitates
624 1767 644 1789 a
681 1756 989 1799 predecessoribus
1024 1756 1152 1789 nostris

142 1812 314 1847 Romanis
345 1810 582 1844 Pontificibus
614 1809 829 1842 monasterio
861 1811 981 1841 vestro
1013 1819 1153 1842 conces-

140 1877 209 1905 saS,
239 1875 376 1899 necnon
404 1867 441 1897 et
469 1864 654 1896 libertates
682 1865 719 1895 et
747 1861 993 1904 exemptiones
1021 1862 1153 1895 secula—

140 1920 233 1953 rium
253 1918 482 1952 exactionum
502 1926 522 1948 a
542 1916 683 1958 regibus
703 1918 740 1948 et
760 1915 978 1958 principibus
999 1915 1054 1947 vel
1076 1915 1152 1948 aliis

140 1972 307 2006 fidelibus
330 1970 592 2003 rationabiliter
614 1969 716 2001 vobis
740 1968 909 2006 indultas,
937 1969 1151 2001 auctoritate

142 2028 263 2059 nostra
284 2024 539 2058 confirmamus
559 2025 596 2054 et
617 2022 791 2065 presentis
811 2021 933 2064 scripti
955 2021 1152 2064 patrocinio

142 2077 415 2112 communimus.
442 2075 673 2108 Decernimus
698 2085 839 2117 quoque
866 2077 905 2106 ut
931 2075 1017 2106 nulli
1042 2075 1153 2106 omni-

141 2143 187 2165 no
219 2131 404 2164 hominum
436 2129 541 2162 liceat
574 2131 641 2160 etc.
677 2138 787 2170 usque
820 2128 1018 2169 profutura,
1053 2127 1150 2160 salva

142 2185 242 2219 Sedis
267 2182 469 2226 Apostolice
498 2181 713 2214 auctoritate
740 2183 776 2212 et
803 2181 838 2212 in
867 2181 1034 2222 predictis
1061 2181 1152 2213 deci-

142 2238 208 2271 mis
236 2236 479 2269 moderatione
506 2234 643 2267 concilli
671 2233 852 2275 generalis.
883 2233 918 2265 Si
946 2243 1016 2276 qua
1045 2234 1153 2275 igitur

141 2292 176 2324 in
199 2291 361 2323 futurum
383 2291 451 2320 etc.
476 2297 585 2329 usque
609 2287 746 2319 ultioni.
771 2286 916 2319 Cunctis
938 2290 1060 2319 autem
1083 2290 1149 2320 etc.

140 2354 252 2386 usque
291 2342 488 2374 inveniant.
530 2341 655 2372 Amen.
696 2340 821 2371 Amen.
864 2339 948 2371 Dat.
990 2340 1150 2382 Anagnie

141 2407 203 2441 per
240 2405 386 2428 manum
424 2393 583 2435 magistri
621 2393 781 2429 Jordani,
822 2394 950 2424 Sancte
989 2393 1167 2426 Romane

141 2449 296 2483 Ecclesie
316 2447 445 2480 notarii
466 2449 502 2479 et
521 2446 809 2483 vicecancellarii,
832 2446 862 2478 V
882 2446 962 2478 idus
982 2447 1147 2484 octobris,

139 2502 334 2536 indictione
381 2499 464 2538 111⁸,
513 2499 772 2532 Incarnationis
818 2499 1003 2531 Dominice
1055 2509 1147 2532 anno

140 2554 387 2591 MCCLVIIII,
402 2553 636 2596 pontificatus
647 2562 731 2584 vero
746 2551 879 2583 domini
891 2562 983 2594 pape
996 2551 1148 2585 Alexan-

140 2609 193 2642 dri
213 2617 304 2651 pape
327 2607 402 2639 1111
423 2616 515 2638 anno
537 2605 674 2648 quinto.
697 2618 709 2634 »

221 2839 309 2866 2989
610 2837 744 2871 Magni,
767 2837 805 2864 28
827 2837 955 2864 octobre
979 2837 1065 2864 1259.

182 2901 397 2928 Fremundum
426 2901 572 2932 Lebmm,
602 2901 754 2926 rectorem
782 2899 927 2926 ccclesiae
956 2899 993 2925 de
1023 2898 1148 2930 Graule‚

142 2949 367 2977 wintoniensis
401 2948 540 2980 diocesis,
574 2947 605 2974 in
639 2947 835 2981 capellanum
868 2954 960 2973 suum
993 2946 1147 2974 admittit.

144 2998 242 3032 (Rae.
258 2998 308 3031 25,
322 2998 344 3025 i.
360 2997 429 3031 226,
444 3005 494 3024 an.
510 2997 548 3030 V,
564 3004 588 3024 c.
607 2996 688 3030 197.)

2226 277 2266 309 73

1301 394 1314 409 ‹<
1342 382 1535 413 Fremundo
1564 381 1721 417 Lebrum,
1751 382 1866 412 reflori
1896 381 2030 413 ecclesie
2058 383 2097 414 de
2131 383 2264 420 Graule,

1259 433 1506 465 wintoniensis
1538 433 1692 465 diocesis.
1726 433 1860 464 Meritis
1893 436 1953 465 tue
1987 435 2176 475 probitatis
2208 455 2263 468 *a

1258 486 1341 517 Dat.
1370 487 1539 528 Anagnie,
1568 487 1598 518 V
1626 485 1695 518 kal.
1724 486 1936 522 novembris,
1966 496 2057 518 anno
2086 488 2223 529 quinto.
2254 503 2264 517 ν»

1341 652 1429 677 2970

1299 713 1448 745 Johanni,
1474 714 1592 740 decano
1619 713 1816 744 Lismorensi,
1842 713 1951 739 clerico
1978 712 2159 747 Th[omae]‚
2199 714 2263 739 L1s-

1263 758 1410 784 morensis
1429 757 1575 791 episcopi,
1588 757 1729 790 indulget
1749 758 1794 788 ut,
1807 759 1930 791 praeter
1947 757 2154 784 ecclesiastica
2173 758 2265 784 bene-

1259 802 1330 828 ficia
1355 809 1463 829 curam
1489 801 1665 829 animarum
1691 801 1840 828 habentia
1867 808 1946 834 quae
1973 801 2107 833 obtinet,
2134 801 2261 828 unicum

1260 846 1345 872 alind
1373 846 1550 872 beneficum
1576 852 1648 872 cum
1674 845 1766 872 simili
1793 852 1867 872 cura
1893 844 1924 871 in
1953 845 2103 873 Hibernia
2130 845 2264 879 recipere

1260 890 1369 924 possit.
1388 889 1485 924 (Rea.
1505 889 1553 921 25,
1572 889 1593 916 f.
1612 889 1682 922 226,
1700 896 1750 916 an.
1770 889 1807 921 V,
1825 896 1851 916 c.
1871 889 1952 921 198.)

1729 651 1863 684 Anagni,
1888 652 1921 677 11
1946 651 2073 678 octobre
2098 652 2183 678 1259.

1305 983 1316 997 «
1339 970 1507 1007 ιΙοὶιαηηί,
1532 970 1656 1002 decano
1678 969 1900 1001 Lismorensi.
1925 968 2023 1001 Licet
2046 979 2088 1001 ne
2111 970 2190 1011 quis
2212 989 2264 1001 ῌ.

1260 1024 1344 1055 Dat.
1363 1023 1534 1065 Anagnie,
1553 1023 1583 1055 V
1600 1023 1680 1055 idus
1697 1022 1862 1059 octobris,
1882 1031 1974 1054 anno
1993 1021 2130 1064 quinto.
2149 1035 2162 1051 n

1341 1184 1424 1210 2971
1730 1183 1863 1217 Anagni,
1887 1183 1921 1210 11
1946 1182 2074 1210 octobre
2097 1183 2185 1210 1259.

1302 1237 1452 1271 Magistro
1484 1237 1634 1269 Johanni,
1667 1236 1862 1271 praecentori
1894 1236 2092 1268 Lismorensi,
2124 1236 2263 1269 indulget

1259 1281 1343 1308 sicut
1363 1281 1395 1308 in
1416 1281 1616 1315 praecedenti
1636 1281 1743 1308 littera
1764 1282 1801 1308 ut
1822 1280 1949 1307 unicum
1970 1280 2056 1307 aliud
2079 1280 2265 1307 beneficium

1259 1326 1292 1353 in
1320 1326 1472 1353 Hibernia
1499 1326 1634 1360 recipere
1661 1325 1770 1360 possit.
1798 1325 1895 1359 (REO.
1925 1325 1974 1357 25,
2002 1325 2022 1352 f.
2054 1325 2123 1357 226,
2151 1331 2201 1352 an.
2230 1324 2268 1356 V,

1259 1377 1286 1397 c.
1309 1369 1391 1403 199.)

1305 1473 1318 1489 «
1337 1461 1510 1502 Mayz'stro
1530 1460 1699 1497 Jolmnni,
1720 1460 1906 1502 precentori
1926 1459 2147 1492 Lismorensi.
2168 1460 2268 1493 Licet

1203 1530 1205 1541 ι
1259 1524 1301 1547 ne
1325 1514 1403 1556 quis
1425 1516 1492 1546 etc.
1516 1523 1628 1555 usque
1650 1514 1685 1545 in
1708 1513 1828 1545 finem.
1852 1525 1866 1542 »

1341 1672 1430 1698 2972
1732 1670 1865 1704 Anagni.
1889 1670 1923 1696 11
1948 1669 2076 1697 octobre
2099 1669 2186 1697 1259.

1299 1725 1453 1757 Andreae,
1481 1724 1700 1752 archidiacono
1728 1723 1917 1751 Lismorensi
1943 1723 2077 1750 similem
2103 1722 2265 1757 indulgen-

1261 1769 1339 1797 tiam
1358 1769 1510 1796 concedit.
1530 1769 1628 1803 (REG.
1647 1768 1697 1801 25,
1714 1768 1736 1795 f.
1755 1768 1814 1795 226
1832 1771 1879 1800 νο,
1897 1775 1947 1795 an.
1966 1767 2005 1800 V,
2022 1775 2049 1795 c.
2068 1767 2151 1801 200.)

1306 1863 1318 1878 «
1359 1849 1503 1887 Anclree,
1545 1849 1784 1881 archidiacono
1824 1848 2045 1880 Lismorensi.
2086 1848 2186 1881 Licet
2226 1857 2268 1880 ne

1260 1903 1338 1945 quis
1360 1922 1405 1925 ——
1425 1905 1492 1935 etc.
1516 1912 1627 1944 usque
1649 1902 1684 1933 in
1707 1901 1827 1934 finem.
1851 1914 1864 1930 n

1340 2066 1429 2092 2973

1302 2120 1457 2154 Episcopo
1490 2118 1634 2146 Clonensi
1666 2119 1798 2146 mandat
1829 2120 1865 2145 ut
1898 2118 2094 2150 Mauricium,
2125 2117 2267 2145 Mauricii

1260 2166 1383 2195 natum,
1393 2164 1514 2191 ratione
1525 2162 1718 2190 matrimonii
1729 2163 1814 2197 quod
1825 2164 2026 2190 contraxerat
2038 2161 2267 2197 nonjmolestet.

1259 2209 1358 2245 (REO.
1376 2208 1426 2240 25,
1443 2208 1464 2235 f.
1482 2207 1551 2240 226,
1568 2210 1615 2240 νῦ,
1632 2215 1682 2234 an.
1700 2206 1738 2239 V,
1755 2214 1781 2234 c.
1799 2207 1882 2240 201.)

1728 2065 1864 2099 Anagni,
1887 2065 1925 2091 28
1947 2064 2075 2092 octobre
2099 2064 2186 2092 1259.

1305 2311 1317 2327 «
1348 2323 1367 2330 ..
1398 2297 1554 2340 episcopo
1585 2296 1757 2329 Clonensi.
1788 2296 1896 2328 Lecta
1926 2295 2027 2328 nobis
2056 2295 2175 2328 dilecti
2203 2295 2267 2327 filii

1258 2351 1386 2383 nobilis
1414 2350 1481 2382 viri
1510 2349 1681 2387 Mauricii,
1713 2349 1788 2381 nati
1817 2349 1988 2386 Mauricii,
2018 2351 2079 2380 tue
2109 2348 2266 2385 diocesis,

1258 2404 1385 2447 petitio
1417 2403 1625 2435 continebat
1656 2403 1752 2444 quod
1784 2403 1966 2444 quondam
1998 2401 2127 2438 David,
2159 2401 2268 2433 fratre

1256 2467 1331 2494 suo,
1351 2456 1411 2499 qui
1429 2466 1511 2488 cum
1529 2456 1690 2493 Matilda,
1710 2456 1784 2488 filia
1803 2454 1944 2488 Geraldi
1963 2455 2006 2487 de
2025 2454 2265 2496 Prendelgast,

1251 2510 1345 2543 infra
1387 2509 1613 2552 septennium
1641 2508 1850 2546 constituta,
1874 2507 2051 2550 sponsalia
2095 2507 2138 2539 de
2173 2507 2269 2539 facto

1257 2565 1498 2599 contraxerat,
1528 2562 1625 2594 viam
1654 2562 1815 2593 universe
1843 2560 1958 2593 carnis
1985 2561 2140 2601 ingresso
2169 2562 2267 2591 ante-

1258 2626 1366 2658 quam
1397 2615 1472 2658 ipsa
1503 2615 1550 2647 M.
1580 2615 1625 2646 ad
1655 2613 1861 2655 hujusmodi
1890 2613 2116 2655 septennium
2144 2621 2267 2654 perve-

1257 2669 1360 2705 niret,
1381 2669 1476 2700 idem
1496 2667 1687 2699 Mauricius
1707 2666 1802 2699 dicta
1823 2667 2022 2703 Matildam,
2044 2667 2125 2707 post
2144 2664 2266 2706 hujus-

1256 2722 1353 2754 modi
1384 2721 1611 2763 septennium
1644 2720 1710 2752 sibi
1742 2719 2052 2751 matrimonialiter
2083 2717 2266 2759 copulavit

1255 2778 1293 2807 et
1327 2773 1518 2807 carnaliter
1552 2773 1721 2815 cognovit
1756 2772 1917 2804 eandem.
1956 2771 2069 2807 Unde,
2107 2780 2187 2802 cum
2222 2780 2264 2801 eo

1257 2830 1424 2870 pretextu
1455 2826 1550 2868 quod
1581 2826 1697 2858 dictus
1727 2825 1844 2857 David
1874 2835 1953 2857 cum
1983 2824 2106 2856 eadem
2136 2823 2195 2859 M„
2226 2825 2266 2854 ut

1257 2880 1456 2923 predictum
1476 2882 1540 2916 est,
1561 2879 1683 2910 taliter
1702 2880 1941 2914 contraxerat,
1963 2877 2079 2909 dictus
2099 2875 2226 2907 nobilis
2245 2885 2265 2907 a

1256 2937 1302 2970 te,
1330 2942 1435 2975 super
1462 2931 1667 2973 hujusmodi
1694 2930 1920 2963 matrimonio
1948 2929 2165 2965 molestetur,
2191 2927 2266 2970 ipse

1257 2986 1300 3017 ad
1329 2986 1454 3017 Sedem
1483 2985 1586 3016 duxit
1613 2983 1855 3025 Apostolicam
1884 2982 2144 3014 recurrendum.
2173 2980 2266 3020 Quo-
