2477 3512
201 271 244 304 40
898 266 1166 298 REGISTRES
1194 265 1546 298 D·.xLEXANDRE
1576 266 1623 298 IV

204 389 216 404 (ι
237 376 355 408 Sancti
380 374 572 406 salvatoris
594 384 632 404 ea
658 382 724 414 que
747 372 905 414 superius
930 381 988 413 per
1010 372 1103 413 ipsos
1126 375 1207 403 sunt

205 431 408 471 «recognita
437 433 471 461 et
497 429 614 470 jurata
645 428 823 469 perpetuis
851 427 1070 468 temporibus
1097 427 1208 458 adim-

203 487 351 528 «pleant
378 485 529 516 fideliter
553 487 583 515 et
613 484 813 514 observent.
840 483 955 513 'l'cnor
980 484 1099 513 autem
1129 491 1208 524 pro-

205 541 395 573 «curatorii
429 540 555 582 prefati
587 539 740 578 Gregorii
775 538 853 569 talis
883 540 933 568 est
968 548 973 568 z

907 645 925 672 2
947 645 1015 679 iuln
1038 644 1125 672 1259.

205 724 217 740 «
266 725 277 739 «
310 711 347 742 ln
378 711 517 742 nomine
548 710 700 745 Domini,
732 720 824 741 anno
854 708 1027 740 dominice
1060 707 1206 739 Incarna

204 767 336 798 «tionis
372 766 616 801 MCCLVHIL
654 776 747 797 anno
783 775 865 796 vcro
901 764 1026 805 quinto
1064 762 1206 805 pontifi-

204 825 331 854 «catus
367 822 498 853 domini
536 821 726 852 Alexandri
763 830 851 862 pape
892 820 976 855 Illl,
1014 818 1206 850 indictione

205 877 396 913 «secunda,
421 887 538 908 mense
560 876 660 918 junii,
684 876 738 908 dic
761 876 926 912 secunda,
950 883 1012 915 ego
1036 874 1207 916 presbiter

203 936 367 972 «Petrus,
400 932 670 974 archipresbiter
699 932 840 963 ecclesie
867 931 985 962 Sancti
1013 929 1206 962 Salvatoris

204 991 273 1021 «de
303 989 468 1022 (Iurtibus
497 989 539 1021 de
569 988 662 1020 Urbe
692 997 759 1029 quc
789 987 886 1018 Felix
916 985 1042 1027 Aquila
1073 995 1206 1016 nuncu-

203 1047 346 1088 «patur,
372 1045 437 1076 hac
462 1044 516 1076 die
541 1043 704 1086 presenti,
731 1053 806 1074 mea
833 1043 924 1073 bona
949 1044 985 1073 et
1008 1043 1203 1082 spontanea

202 1100 426 1137 «voluntate,
461 1100 494 1131 in
529 1099 705 1141 presentia
739 1098 845 1139 hujus
878 1097 1034 1129 scrinarii
1067 1099 1102 1127 et
1137 1099 1203 1127 tes-

202 1156 320 1187 «tium
351 1155 630 1196 subscriptorum
662 1154 705 1185 ad
738 1154 801 1185 hoc
834 1152 1030 1194 specialiter
1060 1154 1205 1182 vocato-

202 1221 307 1243 «rum
351 1213 386 1242 et
428 1212 643 1251 rogatorum,
688 1209 866 1240 constituo
911 1211 954 1245 te,
1001 1209 1205 1249 Gregorium

203 1278 215 1295 «
230 1266 404 1298 ¹Iohannis
419 1266 567 1306 Rogate,
584 1265 797 1296 confratrem
813 1267 849 1295 et
863 1264 1063 1296 consocium
1077 1274 1206 1299 mcum,

203 1324 493 1363 «procuratorem
524 1323 684 1352 nostrum
713 1320 920 1360 legitimum,
950 1319 1099 1351 latorem
1131 1330 1205 1361 pre-

202 1377 393 1413 «sentium,
417 1376 461 1408 ad
484 1376 675 1417 jurandum
699 1376 732 1406 in
756 1375 911 1407 animam
935 1385 1051 1407 meam
1075 1375 1204 1416 precise

203 1432 400 1463 «mandata
421 1431 601 1463 reverendi
622 1431 733 1473 patris
753 1431 885 1461 domini
906 1430 1080 1462 ,Iohannis
1102 1430 1207 1462 Sanc-

201 1487 256 1519 «ti
281 1486 415 1519 Nicolai
440 1487 474 1518 in
498 1486 641 1518 Carcere
663 1485 824 1517 Tulliano
848 1485 986 1517 diaconi
1008 1486 1205 1523 cardinalis,

202 1542 285 1574 «cui
311 1542 456 1574 ecclesia
484 1541 603 1574 Sancti
631 1541 815 1583 Grisogoni
841 1541 875 1572 in
902 1541 1144 1583 spiritualibus
1171 1544 1206 1573 et

203 1596 485 1639 «temporalibus
506 1600 559 1628 est
580 1597 680 1638 plene
701 1606 720 1628 a
742 1596 884 1628 domino
906 1606 998 1638 papa
1020 1597 1205 1628 commissa

203 1661 334 1694 «super
371 1652 536 1684 omnibus
573 1652 983 1683 excommunicationum
1021 1652 1206 1683 sententiis

203 1707 361 1748 «quibus
403 1717 464 1749 per
506 1707 621 1749 ipsum
666 1707 848 1739 dominum
892 1707 1107 1739 cardinalem
1151 1707 1206 1738 vel

204 1762 445 1795 «auctoritate
486 1762 594 1804 ipsius
623 1763 688 1794 sim
716 1762 856 1804 ligatus
887 1765 922 1794 et
951 1763 995 1794 ad
1025 1763 1142 1794 omnia
1171 1765 1205 1794 et

205 1818 365 1859 «singula
395 1817 462 1849 alia
492 1818 651 1850 facienda
681 1828 748 1859 que
777 1818 811 1849 in
841 1828 946 1850 causa
976 1828 1035 1850 seu
1066 1819 1204 1859 negotia

205 1882 299 1914 «que
329 1873 383 1904 vel
415 1874 508 1914 quod
539 1873 631 1904 inter
660 1873 841 1905 ecclesiam
872 1873 991 1905 Sancti
1023 1873 1206 1914 Grisogoni

204 1931 266 1960 «et
292 1927 473 1960 ecclesiam
501 1928 620 1960 Sancti
650 1928 843 1960 salvatoris
869 1930 911 1960 de
939 1929 1105 1961 Curtibus
1131 1939 1207 1961 ver—

203 1985 356 2015 «tuntur
395 1993 455 2015 seu
495 1984 667 2015 hactenus
707 1984 880 2015 ventilata
922 1984 1076 2021 fuerunt,
1119 1985 1206 2016 dans

203 2050 215 2066 α
230 2038 343 2070 eidem
363 2039 581 2080 procuratori
601 2042 817 2081 potestatem
837 2042 872 2070 et
891 2039 1039 2081 speciale
1060 2041 1207 2072 manda-

203 2096 307 2124 «tum
330 2094 364 2124 in
387 2094 550 2125 omnibus
572 2097 606 2125 ct
629 2094 773 2135 singulis
796 2095 1033 2136 predictorum
1057 2096 1206 2127 faciendi

204 2148 348 2180 «omnia
390 2152 425 2180 et
467 2149 603 2189 singula
646 2159 713 2191 que
756 2150 870 2191 major
912 2160 991 2192 pars
1033 2151 1205 2183 sociorum

204 2213 388 2235 «meorum
417 2204 665 2236 canonicorum
695 2205 787 2236 dicte
816 2205 957 2237 ecclesie
986 2206 1105 2237 Sancti
1135 2206 1207 2238 Sal-

204 2270 216 2286 «
231 2259 364 2290 vatoris
388 2259 553 2291 duxerint
576 2259 747 2297 facienda,
774 2261 985 2302 promittens
1009 2271 1063 2293 me
1088 2265 1205 2293 ratum

205 2315 267 2345 «et
293 2313 435 2345 firmum
463 2315 668 2347 habiturum
697 2316 863 2357 quicquid
891 2316 924 2347 in
954 2316 1119 2358 predictis
1146 2327 1207 2359 per

205 2368 368 2400 «dictum
409 2372 672 2410 procuratorem
714 2371 819 2403 suerit
859 2374 1099 2413 procuratum,
1142 2373 1206 2404 sub

205 2432 321 2464 «pena
344 2427 486 2456 centum
508 2435 705 2457 marcarum
726 2426 808 2457 boni
831 2427 967 2467 argenti
989 2437 1067 2469 que,
1091 2428 1206 2460 soluta

205 2478 287 2510 «vel
329 2489 409 2516 non,
452 2479 514 2511 hec
555 2483 652 2512 carta
693 2481 795 2513 firma
838 2485 1055 2523 permaneat,
1099 2493 1206 2524 quam

204 2533 380 2566 «scribere
418 2535 539 2576 rogavi
576 2536 751 2568 Jacobum
790 2536 936 2574 Nicolai‚
976 2538 1206 2576 scriniarium,

205 2598 361 2627 «mense,
387 2589 440 2621 die
463 2592 499 2621 et
521 2590 712 2622 indictione
736 2592 913 2633 predictis.
938 2593 1058 2624 Testes
1082 2593 1208 2625 Petrus

205 2643 414 2682 «Guidonis,
449 2645 649 2687 Stephanus
681 2647 722 2678 de
755 2647 1028 2685 Ottabianescis,
1062 2649 1208 2681 Perillus

205 2699 395 2731 «Johanne
431 2700 582 2732 testibus
621 2701 720 2741 (sic).
758 2702 832 2743 Ego
868 2703 1024 2735 jacobus
1060 2704 1206 2741 Nicolai‚

205 2754 297 2786 «Dei
327 2755 440 2796 gratia
473 2756 600 2788 Sancte
632 2757 792 2789 Romane
824 2758 977 2790 Ecclesie
1008 2759 1206 2796 scriniarus‚

205 2809 314 2850 «quia
361 2810 527 2851 predictis
571 2811 725 2850 interlui,
772 2813 904 2855 scripsi,
950 2814 1123 2856 complevi
1172 2817 1207 2847 et

206 2865 369 2897 «absolvi
390 2868 544 2907 rogatus.
567 2866 682 2899 Tenor
701 2878 784 2900 vero
806 2870 1037 2911 procuratorii
1059 2870 1207 2911 predicti

208 2919 328 2951 «Petri
352 2919 432 2952 talis
455 2924 506 2953 est
531 2932 538 2952 :

1864 371 1998 405 Anagnl,
2021 372 2038 398 2
2060 371 2127 405 juin
2152 371 2238 398 1259.

1360 447 1372 462 «
1406 434 1441 465 ln
1474 434 1613 465 nominc
1645 434 1797 470 Domini,
1828 444 1920 465 anno
1951 434 2124 466 dominice
2158 434 2320 465 lncarna-

1313 487 1449 518 «tionis
1487 487 1731 522 MtItIlNllll.
1771 487 1961 519 indictione
1999 488 2164 523 secunda,
2203 496 2320 518 mense

1313 541 1440 582 «junii,
1483 540 1536 571 die
1577 540 1741 575 secunda,
1784 540 1816 571 in
1858 540 2033 582 presentia
2076 540 2141 572 mci
2183 540 2319 572 Nicolai

1313 593 1507 629 «scrinarii,
1536 596 1566 624 ct
1601 593 1743 624 testium
1771 593 2051 634 subscriptorum
2079 594 2122 624 ad
2151 593 2215 624 hoc
2243 603 2319 634 spe-

1313 658 1325 674 «
1340 646 1475 678 cialiter
1498 649 1712 685 rogatorum,
1739 646 1862 677 Petrus
1886 646 2053 686 Gregorii,
2079 646 2172 688 prior
2194 646 2320 678 Petrus

1313 711 1326 727 α
1342 699 1466 735 [1οΓ1111,
1507 699 1689 730 Jobannes
1728 699 1943 735 Zactaronis,
1985 698 2150 731 Nicolaus
2190 698 2320 730 Barba-

1313 752 1435 783 «rinus
1454 752 1475 787 ¹,
1501 752 1666 783 Nicolaus
1704 752 1835 788 l'aczis,
1876 752 2000 783 Petrus
2023 752 2318 793 Deusteadjuvet,

1313 817 1325 833 «
1340 805 1451 836 clerici
1474 805 1615 836 ecclesie
1638 805 1755 836 Sancti
1780 805 1962 844 (irisogoni
1986 805 2027 836 dc
2053 804 2155 841 Urbe,
2180 804 2319 836 nomine

1313 858 1432 889 «dicte
1459 858 1599 889 ecclesie
1626 861 1656 889 el
1688 868 1749 899 pro
1775 858 1823 889 eis
1850 858 2103 889 ordinaverunt
2129 861 2164 889 et
2191 857 2321 889 consti-

1313 914 1485 942 «tucrunt
1526 912 1741 952 yconimum,
1781 911 1955 942 simin-um
1993 921 2051 942 seu
2092 914 2248 943 actorem
2285 914 2321 943 et

1314 967 1607 1005 «procuratorem
1644 964 1852 1005 legitimum,
1891 964 2125 1006 presbiterum
2163 964 2320 1000 Petrum,

1314 1027 1462 1048 «eorum
1486 1017 1630 1053 socium,
1655 1017 1818 1049 clericum
1842 1017 1983 1048 ecclesie
2006 1017 2221 1058 supradicte,
2247 1026 2322 1059 pre-

1314 1073 1477 1101 «sentem
1503 1073 1539 1102 et
1565 1070 1755 1106 volentem,
1784 1070 1816 1101 in
1845 1070 2010 1101 omnibus
2036 1070 2160 1107 causis,
2188 1069 2320 1107 litibus,

1313 1136 1326 1151 «
1342 1123 1491 1164 negotiis
1527 1133 1585 1154 seu
1623 1123 1871 1155 controversiis
1908 1133 1974 1164 que
2012 1123 2104 1154 intcr
2138 1123 2321 1155 ecclesiam

1313 1176 1462 1207 «Sancti
1485 1176 1667 1216 Grisogoni
1690 1176 1932 1218 supradictam
1954 1178 1987 1207 et
2011 1175 2193 1208 ecclesiam
2215 1176 2322 1208 Sanc—

1313 1229 1368 1260 «ti
1397 1229 1590 1261 Salvatoris
1619 1230 1660 1261 de
1690 1229 1856 1261 Curtibus
1883 1229 1917 1260 in
1945 1229 2202 1261 'l‘ranstiberim
2230 1229 2322 1271 posi-

1313 1295 1325 1311 «
1342 1285 1426 1318 tam,
1453 1292 1519 1323 que
1543 1282 1652 1314 ctiam
1678 1282 1775 1314 Felix
1798 1282 1927 1324 Aquila
1953 1285 2191 1324 nuncupatur,
2216 1282 2322 1314 verti-

1313 1348 1325 1363 «
1343 1338 1400 1366 tur
1432 1335 1532 1375 (sic),
1563 1336 1653 1367 verti
1682 1338 1826 1377 possent
1855 1346 1914 1366 seu
1946 1335 2118 1367 hactenus
2146 1335 2320 1367 ventilata

1313 1388 1496 1425 «luerunt,
1524 1389 1567 1420 ad
1594 1389 1781 1429 agendum,
1809 1388 2081 1425 defendendum,
2107 1398 2322 1430 componen—

1314 1442 1437 1478 «dum,
1465 1441 1725 1483 paciscendum,
1752 1441 2128 1483 compromittendum,
2155 1441 2321 1473 ordinan-

1314 1495 1426 1526 «dum
1445 1497 1480 1526 et
1500 1495 1616 1526 omnia
1637 1494 1704 1526 alia
1724 1498 1757 1526 et
1778 1494 1913 1535 singula
1934 1494 2135 1526 faciendum
2155 1504 2221 1536 que
2240 1494 2322 1536 ipsi-

1314 1550 1415 1579 «met
1442 1548 1555 1580 facere
1584 1551 1726 1589 possent
1753 1551 1788 1579 et
1817 1548 1985 1579 deberent
2013 1557 2053 1579 ac
2081 1547 2109 1579 si
2137 1550 2317 1589 presentes

1314 1614 1325 1628 «
1342 1603 1469 1637 essent,
1491 1603 1526 1632 et
1547 1601 1590 1632 ad
1613 1601 1670 1632 illa
1691 1601 1799 1632 etiam
1820 1600 1982 1632 iacienda
2003 1601 2036 1631 in
2059 1600 2188 1642 quibus
2207 1600 2317 1642 exigi-

1314 1666 1326 1682 «
1342 1657 1400 1685 tur
1421 1654 1570 1695 speciale
1595 1654 1816 1690 mandatum,
1841 1654 2053 1685 mandantes
2075 1653 2183 1685 etiam
2205 1653 2320 1686 eidem

1315 1707 1560 1748 «procuratori
1585 1710 1622 1738 ut
1644 1707 1858 1748 suppliCaret
1881 1706 2073 1738 venerabili
2095 1706 2188 1748 patri
2209 1706 2322 1739 domi-

1313 1772 1325 1788 «
1342 1769 1385 1791 110
1408 1760 1441 1791 J.
1466 1760 1584 1792 Sancti
1608 1759 1742 1791 Nicolai
1764 1760 1799 1791 in
1822 1761 1964 1791 tlarcere
1987 1758 2150 1792 Tulliano
2172 1759 2320 1792 diacono

1314 1812 1522 1850 «cardinali,
1558 1813 1613 1844 cui
1646 1812 1790 1845 ecclesia
1825 1813 1945 1845 Sancti
1981 1812 2165 1854 Grisogoni
2199 1815 2252 1846 est
2285 1813 2320 1845 in

1315 1866 1585 1907 «spiritualibus
1622 1868 1657 1897 et
1695 1865 1950 1907 temporalibus
1988 1875 2007 1897 a
2046 1866 2190 1898 domino
2228 1875 2320 1908 papa

1315 1932 1326 1946 «
1343 1918 1443 1960 plene
1490 1919 1687 1955 commissa,
1736 1919 1831 1960 quod
1879 1919 2032 1960 presenti
2078 1919 2321 1960 procuratorio

1314 1982 1444 2003 «suum
1482 1972 1688 2013 dignaretur
1724 1982 1904 2003 assensum
1943 1972 2097 2013 prebere.
2136 1972 2321 2004 Dederunt

1314 2025 1449 2056 «etiam
1481 2025 1594 2056 eidem
1626 2025 1845 2067 procuratori
1878 2025 2072 2066 plenariam
2104 2027 2320 2066 potestatem

1315 2078 1547 2109 «dimittendi
1582 2081 1617 2110 et
1652 2078 1831 2110 refutandi
1866 2078 1907 2109 de
1941 2078 2017 2119 jure
2052 2078 2145 2110 dicte
2179 2078 2322 2111 ecclesie

1314 2131 1463 2163 «Sancti
1506 2131 1699 2172 Grisogoni,
1743 2131 1937 2163 secundum
1980 2131 2073 2172 quod
2115 2131 2321 2173 supradicto

1315 2197 1326 2212 «
1343 2184 1485 2215 domino
1510 2184 1678 2216 cardinali
1703 2184 1819 2215 visum
1844 2184 1950 2215 fuerit
1973 2184 2148 2225 expedire,
2174 2184 2322 2226 promit-

1314 2248 1328 2266 «
1343 2240 1458 2269 tentes
1480 2247 1542 2279 pro
1564 2237 1612 2268 eis
1633 2240 1668 2269 et
1689 2247 1810 2268 eorum
1833 2237 1984 2274 nomine,
2007 2239 2043 2268 et
2065 2236 2206 2269 nomine
2227 2237 2320 2269 dicte

1314 2290 1494 2327 «ecclesie,
1530 2293 1649 2322 ratum
1683 2293 1719 2322 et
1753 2290 1897 2322 firmum
1932 2290 2117 2322 habituros
2152 2290 2320 2332 quicquid

1315 2353 1403 2385 «per
1443 2343 1577 2375 dictum
1618 2346 1882 2385 procuratorem
1922 2343 1956 2374 in
1997 2343 2175 2385 premissis
2213 2343 2321 2375 fuerit

1315 2396 1478 2428 «sactum
1510 2399 1543 2428 et
1578 2396 1737 2438 quolibet
1769 2396 2030 2438 premissorum,
2064 2406 2145 2428 cum
2177 2406 2321 2428 assensu

1315 2449 1552 2481 «venerabilis
1586 2449 1697 2491 patris
1732 2449 1917 2481 memorati
1953 2449 2086 2481 domini
2120 2448 2319 2482 cardinalis.

1315 2503 1473 2534 «Actum
1509 2502 1544 2533 in
1581 2502 1764 2534 refectorio
1801 2502 1942 2534 ecclesie
1979 2502 2099 2534 Sancti
2136 2502 2320 2544 Grisogoni

1315 2555 1536 2597 «supradicti
1568 2565 1685 2587 coram
1716 2555 1923 2597 subscriptis
1953 2555 2105 2587 testibus
2137 2565 2143 2586 :
2176 2555 2320 2587 domino

1315 2609 1491 2645 «Jacobo,
1523 2609 1704 2650 capellano
1734 2608 1929 2650 supradicti
1959 2608 2092 2640 domini
2122 2608 2320 2646 cardinalis,

1315 2661 1548 2703 «presbitero,
1595 2662 1759 2693 Johan11e
1806 2662 2018 2693 Sanctorum
2064 2661 2319 2703 Quadraginta,

1315 2714 1533 2746 «Benedicto
1567 2714 1775 2751 octabiano,
1808 2715 1944 2746 Jacobo
1976 2714 2124 2746 Saxonis
2155 2714 2318 2746 testibus.

1316 2767 1418 2809 «Ego
1441 2767 1608 2799 Nicolaus
1629 2768 1813 2799 Romanus
1833 2767 1970 2809 imperii
1991 2767 2200 2804 scriniarius,
2223 2776 2321 2809 roga-

1313 2833 1325 2849 «
1340 2823 1379 2853 tu
1401 2820 1687 2862 supradictorum
1708 2820 1913 2853 clericorum
1935 2820 2029 2852 dicte
2049 2820 2191 2852 ecclesie
2213 2820 2320 2853 Sanc-

1315 2886 1328 2902 α
1340 2873 1367 2905 ti
1394 2873 1587 2914 Grisogoni‚
1614 2876 1654 2905 ut
1678 2873 1837 2915 superius
1861 2873 1998 2915 legitur,
2025 2873 2145 2915 scripsi
2174 2876 2209 2905 et
2234 2873 2321 2905 fide-

1344 2991 1365 3012 1.
1383 2991 1416 3012 Co
1431 2996 1490 3012 nom
1504 2997 1519 3012 n
1533 2991 1572 3012 6ιέ
1585 2991 1672 3017 ajout&
1685 2997 1716 3012 en
1730 2996 1822 3017 mai-ge.
