2477 3512
950 281 1222 329 CINQUIEME
1248 282 1414 319 ANNEE
2197 287 2239 320 35

204 397 292 424 2883
656 395 791 429 Anagni,
815 395 851 421 14
874 394 937 421 mai
960 394 1046 421 1259.

164 451 291 477 Decano
314 452 345 477 et
368 450 506 484 capitulo
530 449 675 476 ecclesiae
695 447 943 481 Hamhurgensis
963 442 1129 474 consuetu-

124 495 229 522 dinem
252 495 432 526 confirmat‚
456 494 541 527 quod
563 493 606 519 illi
630 500 668 520 ex
691 492 847 519 canonicis
870 492 1011 525 eJusdem
1035 491 1129 518 eecle-

123 539 186 566 siae
209 539 343 565 minores
367 539 398 565 ln
422 545 458 565 ea
480 537 675 572 praebendas
699 536 901 567 habentibus,
921 536 961 562 ad
984 535 1128 568 majores,

123 591 195 610 curn
228 584 357 615 vacant,
392 582 615 609 tantummodo
650 582 852 608 assumantur
886 580 940 613 qui
974 579 1128 613 digniores

123 628 274 654 existunt.
297 627 394 660 (Rea.
416 626 465 658 25,
486 626 507 652 f.
529 626 587 652 205
609 629 655 657 vo,
677 633 726 652 an.
749 625 786 657 V,
808 632 832 651 c.
857 624 935 655 122;
958 624 1129 650 PorTnAsr

124 671 233 703 17573,
254 671 312 697 sub
333 670 381 697 die
404 671 439 697 15
461 670 556 701 maii;
578 670 800 701 Ronennano,
821 670 844 695 t.
870 668 928 700 111,
949 671 985 694 n⁰
1005 667 1087 700 495.)

169 774 212 792 «..
232 760 356 792 decano
377 762 405 791 et
426 759 574 801 capitulo
597 758 727 790 ecclesie
754 756 1128 798 Hammemburgyensis,

125 813 321 846 Bremensis
341 813 493 844 diocesis.
515 812 601 843 Cum
622 822 640 843 a
661 811 761 842 nohis
780 831 834 842 j.
856 811 938 842 Dat.
960 809 1128 850 Anagnie,

127 867 159 897 II
180 866 260 898 idus
279 866 372 901 maii,
394 875 485 897 anno
505 865 642 906 quinto.
664 878 676 892 ι»

205 1032 294 1058 288⁴
654 1031 788 1065 Anagni,
813 1031 849 1057 13
871 1030 939 1064 juin
964 1030 1049 1057 1259.

162 1085 282 1112 Abbati
308 1085 489 1112 monasterii
518 1085 546 1112 S.
580 1085 698 1111 Isodori
727 1084 927 1118 Legionensis
955 1085 986 1110 et
1012 1090 1132 1109 succes-

123 1130 246 1157 soribus
271 1130 332 1156 suis
357 1130 473 1157 annulo
498 1132 529 1156 et
553 1129 692 1156 cirotetis
717 1129 826 1156 utendi
851 1128 1036 1155 facultatem
1060 1134 1132 1153 con-

120 1174 214 1201 cedit.
233 1174 330 1207 (Bm.
349 1174 397 1206 25,
414 1174 435 1200 f.
454 1174 511 1200 205
529 1177 575 1206 νῦ,
592 1181 642 1200 an.
660 1174 697 1205 V,
715 1181 739 1200 c.
759 1173 840 1205 123.)

166 1275 179 1290 «
201 1287 220 1294 ..
244 1262 359 1294 abbati
380 1263 578 1294 monasterii
602 1262 719 1294 Sancti
744 1261 870 1293 Isidori
896 1261 1129 1302 LeyionensiS,

122 1315 166 1347 ad
192 1316 430 1348 Romananam
457 1315 642 1347 Ecclesiam
667 1314 762 1346 nullo
786 1314 895 1346 medio
919 1313 1128 1355 pertinentis,

122 1368 254 1400 ordinis
301 1368 417 1400 Sancti
473 1368 674 1409 Auqustini.
731 1367 819 1407 Quia
884 1367 919 1398 in
976 1367 1131 1408 prelato-

121 1431 199 1453 rum
219 1441 274 1453 —.
295 1422 378 1453 Dat.
399 1421 569 1461 Anagnie,
591 1421 706 1452 idibus
725 1420 824 1461 junii,
846 1430 938 1451 anno
958 1419 1095 1460 quinto.
1119 1432 1130 1447 »

203 1582 294 1609 2885
658 1582 792 1616 Anagni,
817 1582 852 1608 15
876 1581 938 1608 mai
964 1581 1049 1608 1259.

163 1635 359 1663 Sententiam
387 1637 418 1663 in
447 1644 541 1663 causa
570 1636 652 1663 inter
679 1635 849 1663 Consilium
878 1633 1072 1667 Lothoringii
1101 1635 1131 1660 et

121 1679 205 1707 Bene
226 1681 263 1707 de
284 1681 404 1713 Cetera,
425 1681 535 1713 socios,
556 1680 639 1707 cives
661 1682 691 1707 et
712 1681 900 1707 mercatores
922 1678 1130 1709 Florentinos,

121 1732 160 1751 ex
186 1732 249 1751 una
274 1727 375 1759 parte,
401 1727 433 1752 et
467 1724 649 1757 Obizonem‚
683 1725 864 1758 episcopum
890 1723 1132 1757 Tripolitanum,

125 1776 163 1796 ex
196 1769 304 1801 altera,
338 1777 432 1803 super
465 1770 603 1803 quadam
636 1769 786 1803 pecuniae
819 1775 943 1795 summa
976 1769 1130 1799 vertente,

125 1821 144 1840 a
167 1813 316 1847 magistro
342 1814 461 1841 Uberto
486 1815 524 1841 de
548 1814 738 1845 Cochenato,
763 1812 924 1847 capellano
948 1811 1132 1846 apostolico,

125 1857 224 1884 latam
260 1858 439 1889 confirmat,
475 1858 677 1885 instrumenti
712 1858 784 1884 inde
820 1857 955 1884 confecti
990 1858 1130 1883 tenorem

121 1901 268 1929 inserens.
286 1902 382 1935 (Rae.
400 1903 449 1935 25,
466 1903 486 1929 f.
503 1903 561 1929 205
578 1902 698 1934 v0-206,
714 1910 764 1929 an.
782 1902 819 1933 V,
835 1909 860 1928 c.
880 1901 960 1933 124.)

171 2003 183 2017 υ
211 1991 363 2023 Consilio
389 1991 601 2032 Lotherinqii
628 1993 656 2022 el
682 1991 773 2022 Bene
798 1990 836 2021 de
864 1990 988 2026 Cetera,
1016 1988 1128 2025 sociis,

125 2043 256 2075 civibus
285 2046 313 2075 el
341 2044 581 2076 mercatoribus
610 2043 831 2075 Florentinis,
863 2043 914 2074 Ea
944 2052 1011 2084 que
1039 2041 1131 2083 judi-

124 2097 176 2128 cio
213 2099 279 2129 etc.
317 2107 427 2139 usque
464 2097 686 2129 communiri.
725 2096 814 2128 Sane
851 2096 976 2138 petitio
1012 2097 1130 2126 vestra

125 2149 225 2182 nobis
256 2150 415 2181 exhibita
448 2150 654 2182 continebat
687 2150 781 2191 quod
814 2159 894 2180 curn
926 2158 1030 2180 causa
1063 2157 1131 2189 que

125 2202 216 2234 inter
244 2213 317 2239 vos,
347 2213 389 2234 ex
418 2206 518 2245 parte
547 2213 627 2240 una,
657 2206 692 2234 et
720 2201 956 2234 venerabilem
985 2201 1130 2232 fratrem

125 2257 311 2287 nostrum..
350 2255 554 2298 episcopum
593 2255 865 2298 Tripolitanum,
905 2264 1009 2296 super
1047 2263 1132 2295 qua-

126 2308 208 2339 dam
231 2318 368 2340 summa
393 2309 548 2351 pecunie,
573 2319 616 2340 ex
639 2309 761 2345 altera,
786 2308 1003 2343 vertebatur,
1028 2306 1131 2338 dilec-

124 2363 203 2393 tum
226 2361 338 2393 filium
364 2365 523 2393 nostrum
548 2362 587 2393 Ο.
613 2363 740 2393 Sancte
764 2361 871 2392 Marie
894 2361 928 2392 in
954 2360 1016 2391 Via
1041 2360 1131 2391 Lata

126 2414 314 2446 diaconum
347 2414 574 2452 cardinalem,
609 2414 808 2446 dederimus
841 2414 1002 2456 partibus
1034 2414 1133 2444 audi-

125 2469 249 2503 torem,
275 2467 423 2499 dilectus
449 2467 540 2499 filius
565 2468 730 2507 magister
760 2467 914 2499 Ubertus
938 2467 980 2498 de
1005 2467 1133 2498 Coche-

127 2522 222 2557 nato,
246 2520 483 2552 subdiaconus
504 2523 539 2552 et
561 2521 762 2562 capellanus
786 2523 913 2556 noster,
937 2519 990 2551 cui
1015 2519 1131 2550 dictus

126 2572 312 2605 cardinalis
341 2583 483 2606 causam
519 2573 723 2616 hujusmodi
750 2573 962 2605 audiendam
988 2572 1133 2605 commi-

127 2625 183 2662 sit,
213 2626 362 2667 cognitis
390 2626 498 2668 ipsius
527 2636 631 2658 cause
659 2626 802 2663 meritis,
832 2628 868 2658 et
895 2625 981 2667 juris
1010 2625 1130 2656 ordine

128 2678 317 2710 observato
352 2689 391 2711 ac
425 2679 538 2711 eidem
574 2679 743 2711 cardinali
777 2679 929 2711 fideliter
963 2678 1129 2715 recitatis,

130 2731 361 2764 diffinitivam
400 2742 461 2774 pro
500 2732 600 2764 vobis
639 2732 853 2764 sententiam
892 2731 1129 2774 promulgavit

127 2786 234 2826 prout
256 2784 291 2816 in
315 2784 550 2817 instrumento
576 2785 715 2827 publico
740 2785 820 2817 inde
843 2785 1016 2821 confecto,
1041 2784 1132 2825 sigil-

127 2836 200 2869 lato
239 2837 350 2879 sigillo
388 2838 497 2880 ipsius
535 2838 707 2880 capellani
746 2837 881 2880 plenius
919 2837 1132 2869 continetur.

129 2889 202 2922 Nos
225 2891 346 2932 itaque
369 2891 496 2923 vestris
519 2891 837 2933 supplicationibus
861 2890 1030 2928 inclinati,
1056 2900 1134 2923 sen-

127 2943 280 2975 tentiam
307 2943 466 2985 ejusdem
493 2944 664 2986 capellani
693 2944 838 2985 provide
866 2944 987 2980 latam,
1017 2947 1132 2976 ratam

128 2997 165 3027 et
196 2995 335 3028 firmam
369 2997 550 3034 habentes,
584 3006 663 3029 eam
695 2996 910 3028 auctoritate
941 2996 1135 3038 apostolica

1232 395 1486 427 confirmamus
1512 398 1547 427 et
1575 394 1747 436 presentis
1773 394 1894 435 scripti
1922 394 2118 435 patrocinio
2146 405 2240 426 com-

1234 447 1423 485 munimus,
1462 450 1621 479 tenorem
1661 447 1769 488 ipsius
1800 446 2025 478 instrumenti
2057 448 2098 477 de
2130 448 2237 479 verbo

1234 501 1277 532 ad
1295 501 1441 531 verbum
1460 500 1681 542 presentibus
1698 499 1800 530 inseri
1818 499 1986 530 facientes
2004 499 2062 540 qui
2080 500 2159 530 talis
2175 503 2238 531 est:

1956 606 1972 631 5
1995 605 2056 631 mai
2073 605 2159 631 1259.

1282 677 1293 691 «
1328 665 1365 695 In
1398 664 1538 702 nomine
1570 663 1712 695 Domini
1743 663 1866 694 Amen.
1900 663 2127 703 ,Jurgantium
2159 672 2239 693 con-

1237 717 1452 749 «troversias
1492 717 1712 758 judicantem
1754 718 1895 757 oportet
1937 715 2083 756 provida
2126 715 2239 756 inqui-

1238 770 1390 801 «sitione
1428 769 1613 805 discutere,
1652 778 1691 800 ae
1729 778 1797 804 eas,
1836 768 1974 809 juribus
2012 767 2167 809 partium
2205 768 2239 798 in

1238 825 1398 854 «statera
1429 821 1566 863 justitie
1598 831 1686 863 eque
1718 821 1866 857 libratis,
1900 820 2073 851 sententie
2105 819 2237 851 calculo

1238 875 1465 907 «terminare.
1506 875 1596 906 Sane
1634 876 1711 905 orta
1751 873 1833 905 olim
1872 874 1964 904 inter
2000 873 2237 904 venerabilem

1238 931 1403 970 «patrem
1434 928 1619 959 dominum
1651 926 1857 963 Obizonem‚
1887 926 2092 967 episcopum
2122 925 2244 966 Tripo-

1239 981 1428 1018 «litanum,
1455 991 1496 1012 ex
1521 983 1621 1022 parte
1647 990 1729 1016 una,
1755 982 1788 1011 et
1812 979 2003 1011 Consilium
2027 978 2242 1018 Lotheringii

1239 1038 1301 1066 «et
1330 1035 1424 1066 Bene
1455 1035 1496 1065 de
1527 1034 1660 1069 Cetera,
1692 1033 1814 1069 socios,
1846 1032 1938 1063 cives
1967 1034 2002 1063 et
2033 1033 2243 1062 mercatores

1239 1087 1499 1123 «Florentinos,
1536 1096 1579 1118 ex
1615 1086 1738 1122 altera,
1775 1095 1879 1127 super
1914 1085 2069 1126 quadam
2105 1093 2242 1115 summa

1238 1140 1411 1182 «pecunie
1436 1140 1583 1171 materia
1608 1138 1812 1181 questionis,
1839 1138 2004 1169 dominus
2028 1147 2120 1179 papa
2145 1146 2242 1168 reve-

1238 1194 1413 1225 «rendum
1446 1195 1583 1234 patrem
1616 1192 1799 1224 dominum
1832 1191 2081 1227 Octavianum,
2115 1190 2241 1221 Sancte

1238 1246 1373 1278 «Marie
1414 1246 1447 1277 in
1489 1245 1553 1277 Via
1595 1245 1684 1277 Lata
1727 1245 1915 1276 diaconum
1955 1242 2180 1279 cardinalem,
2208 1242 2241 1273 in

1238 1299 1448 1341 «questione
1485 1298 1688 1339 hujusmodi
1725 1297 1911 1339 specialem
1948 1296 2045 1328 dedit
2082 1295 2242 1337 partibus

1238 1352 1476 1389 «auditorem,
1501 1361 1618 1383 coram
1645 1361 1714 1392 quo
1739 1360 1782 1382 ex
1807 1353 1906 1392 parte
1931 1350 2087 1391 ipsorum
2112 1357 2243 1380 merca-

1238 1408 1355 1437 torum
1389 1407 1511 1436 contra
1545 1404 1661 1446 ipsum
1694 1403 1898 1445 episcopum
1931 1402 2068 1433 libellus
2101 1401 2242 1432 oblatus

1238 1471 1250 1487 a
1265 1458 1387 1490 extitit
1414 1458 1449 1489 in
1477 1458 1569 1489 hunc
1598 1457 1769 1489 modum:

1284 1524 1295 1539 «
1335 1512 1459 1543 Coram
1499 1510 1611 1547 vobis,
1651 1510 1840 1541 reverende
1880 1511 1982 1551 pater
2021 1507 2160 1539 domine
2201 1506 2241 1538 O.

1239 1565 1394 1596 «Sancte
1430 1564 1537 1595 Marie
1574 1563 1607 1594 in
1644 1563 1709 1594 Via
1733 1563 1823 1594 Lata
1862 1562 2007 1593 diacone
2042 1559 2241 1596 cardinalis,

1234 1617 1427 1659 «partibus
1462 1617 1623 1648 auditore
1658 1625 1835 1651 concesso,
1869 1614 2036 1656 proponit
2071 1612 2243 1645 Consilius

1239 1669 1498 1711 «Lothoringii,
1530 1669 1616 1701 civis
1647 1672 1682 1700 et
1713 1671 1889 1700 mercator
1919 1666 2154 1702 Florentinus,
2184 1675 2245 1696 no·-

1240 1724 1359 1755 «mine
1390 1733 1452 1755 suo
1483 1725 1518 1754 et
1548 1723 1642 1754 Bene
1673 1723 1715 1754 de
1746 1722 1879 1757 Cetera,
1912 1720 1994 1751 socii
2025 1719 2088 1756 sui,
2121 1720 2243 1750 contra

1243 1776 1506 1808 «venerabilem
1548 1778 1685 1817 patrem
1728 1775 1768 1806 Ο.
1809 1773 2071 1815 Tripolitanum
2113 1771 2244 1813 episco-

1239 1840 1363 1872 «pum,
1388 1830 1480 1871 quod
1505 1829 1597 1860 idem
1621 1828 1805 1870 episcopus
1828 1827 1922 1869 apud
1947 1826 2070 1857 Sedem
2094 1825 2245 1866 Aposto—

1240 1882 1369 1914 «licam
1409 1882 1637 1917 constitutus,
1679 1881 1813 1912 habens
1852 1879 2063 1911 mandatum
2103 1879 2245 1919 aposto-

1240 1935 1372 1967 «licum
1400 1934 1633 1966 contrahendi
1662 1936 1827 1965 mutuum
1857 1942 1966 1973 usque
1995 1931 2039 1962 ad
2068 1939 2245 1962 summam

1239 1989 1386 2021 «decem
1432 1987 1566 2019 milium
1609 1986 1851 2018 Bisantiorum
1895 1993 2081 2016 aureorum
2126 1983 2244 2014 Sarra-

1239 2044 1472 2074 «cenatorum
1513 2041 1555 2072 de
1595 2040 1724 2075 Accon,
1767 2039 1810 2070 ad
1851 2038 1989 2080 pondus
2029 2037 2241 2072 Acconense,

1239 2104 1328 2137 «pro
1361 2094 1432 2126 suis
1464 2097 1499 2125 et
1532 2092 1674 2125 ecclesie
1707 2102 1768 2124 sue
1801 2091 1948 2133 negotiis
1989 2090 2083 2132 apud
2117 2089 2241 2120 Sedem

1239 2147 1507 2190 «Apostolicam
1536 2145 1774 2188 expediendis,
1803 2144 1982 2176 confessus
2008 2144 2061 2174 est
2087 2144 2123 2173 et
2149 2151 2243 2173 reco-

1239 2200 1390 2242 «gnovit
1414 2210 1459 2237 se,
1486 2210 1548 2241 pro
1572 2199 1702 2230 eisdem
1729 2197 1876 2239 negotiis
1900 2196 1934 2228 in
1960 2197 2122 2227 Romana
2147 2194 2241 2226 curia

1239 2253 1504 2295 «expediendis,
1551 2251 1719 2293 recepisse
1763 2253 1799 2283 et
1844 2249 2006 2281 habuisse
2050 2258 2093 2279 ex
2137 2257 2241 2279 causa

1239 2306 1394 2343 «mutui,
1432 2316 1450 2337 a
1487 2305 1623 2337 Jacobo
1660 2303 1828 2340 Chiherti,
1865 2303 1940 2334 cive
1976 2304 2012 2333 et
2049 2303 2242 2333 mercatore

1239 2359 1482 2395 «Florentino,
1527 2359 1727 2393 mutuante,
1771 2358 1980 2388 numerante
2023 2357 2132 2395 atque
2175 2353 2240 2384 sol-

1239 2414 1382 2448 «vente,
1422 2422 1484 2443 suo
1523 2414 1558 2442 et
1596 2410 1770 2442 sociorum
1809 2418 1952 2441 suorum
1992 2406 2142 2443 nomine,
2182 2416 2242 2437 sex

1239 2478 1251 2493 n
1267 2465 1361 2497 milia
1403 2464 1643 2496 Bisantiorum
1687 2464 1998 2495 Sarracenatorum
2041 2460 2083 2491 de
2125 2459 2241 2490 Accon

1239 2519 1310 2550 «ad
1338 2519 1477 2560 pondus
1504 2518 1716 2553 Aeconense‚
1745 2517 1787 2548 de
1815 2515 1943 2557 quibus
1970 2514 2057 2545 bene
2084 2522 2118 2544 se
2146 2512 2241 2554 quie-

1238 2585 1250 2600 «
1266 2575 1343 2603 tum
1369 2574 1404 2603 et
1426 2573 1594 2613 pacatum
1620 2570 1774 2606 vocavit,
1801 2567 2000 2610 exceptioni
2027 2576 2095 2598 non
2123 2575 2242 2597 nume-

1239 2627 1341 2656 «rate
1369 2627 1405 2656 et
1435 2634 1503 2655 non
1533 2623 1646 2655 solute
1675 2622 1740 2654 sibi
1770 2622 1915 2664 pecunie
1944 2620 2086 2652 omnino
2116 2628 2241 2650 renun-

1238 2678 1413 2713 «tiand0;
1451 2687 1518 2718 que
1554 2687 1615 2707 sex
1650 2676 1744 2708 milia
1780 2675 2019 2706 Bisantiorum
2056 2680 2240 2703 aureorum

1239 2731 1579 2763 «Sarracenatorum
1621 2729 1781 2770 ejusdem
1824 2727 1994 2759 bonitatis
2036 2728 2071 2757 et
2113 2724 2241 2755 valoris

1239 2784 1426 2826 «prefatus
1469 2782 1632 2814 dominus
1675 2782 1859 2823 episcopus
1911 2790 1971 2822 per
2013 2780 2241 2819 sollempnem

1239 2836 1533 2878 «stipulationem
1576 2834 1769 2877 supradicti
1820 2833 2033 2865 auctoritate
2084 2829 2243 2863 mandati

1239 2889 1430 2932 «promisit
1460 2888 1597 2930 prefato
1628 2888 1774 2924 Jacobo,
1814 2885 2009 2922 mercatori,
2049 2883 2240 2925 recipienti,

1241 2953 1330 2974 «suo
1357 2945 1392 2973 et
1419 2942 1591 2973 sociorum
1619 2951 1762 2972 suorum
1790 2939 1940 2975 nomine,
1976 2948 2011 2970 se
2045 2938 2159 2978 ipsum
2185 2935 2240 2967 vel

1243 3004 1485 3027 «successores
1518 3004 1599 3026 suos
1632 2996 1667 3025 et
1700 2992 1881 3025 ecclesiam
1923 3001 2022 3023 suam
2057 2988 2243 3030 Tripolita-
