2477 3512
223 256 282 287 784

221 359 349 388 leimum
371 362 408 388 de
426 362 586 393 Altavilla‚
605 363 755 388 rectorem
775 363 920 390 ecclesiae
939 364 967 391 S.
989 363 1073 390 Petri
1092 364 1129 390 de
1149 363 1227 390 Nor-

221 402 369 433 hantone,
403 401 624 428 Lincolniensis
648 402 789 433 diocesis,
818 410 856 429 ex
885 410 946 430 una
974 405 1074 437 parte,
1103 406 1134 430 et
1164 404 1228 431 Gil-

222 441 345 468 bertum
377 442 414 467 de
444 441 603 471 Milheriis,
634 443 784 468 rectorem
815 442 961 470 ecclesiae
992 443 1029 470 de
1060 443 1226 474 Mei-stone,

221 481 361 514 eJusdem
381 481 521 511 diocesis,
541 488 578 506 cx
598 480 706 512 altera,
726 483 868 508 vertente
888 483 1066 513 confirmat,
1088 484 1226 509 tenorem

222 521 423 547 instrumenti
437 521 512 546 facti
528 521 673 547 inserens.
690 520 786 553 (Bm.
803 522 850 553 25,
866 522 885 548 f.
904 522 971 553 132,
987 529 1036 549 an.
1057 522 1108 553 IV,
1123 529 1147 549 c.
1165 522 1226 555 92.)

262 640 273 654 «
286 628 443 666 Magistro
464 627 616 656 willelmo
635 627 670 656 de
689 627 849 662 Allavilla,
870 629 975 658 rectori
988 629 1108 659 ecclesie
1122 629 1228 659 Sancti

219 681 305 710 Petri
323 681 359 710 de
378 680 587 713 Norhantone,
616 680 845 710 Lincolniensis
864 682 1002 711 diocesis.
1032 682 1079 711 Ea
1100 692 1160 721 quc
1179 682 1228 721 ju—

220 734 302 763 dicio
326 733 377 762 vel
402 733 570 762 concordia
597 735 657 762 etc.
685 742 806 772 usquc:
833 735 1034 764 communiri.
1070 735 1105 764 In
1131 744 1227 765 causa

217 786 376 825 siquidem
402 795 463 825 que
488 786 572 815 inter
595 789 626 815 te
651 789 683 815 et
709 786 888 816 Gilbertum
915 788 952 817 dc
976 788 1138 822 Mssherhs,
1165 798 1228 817 rec-

217 842 320 869 torem
339 839 466 868 ecclesie
486 839 524 868 (le
544 839 719 871 Merstoner
730 839 957 869 Lincolnicnsis
972 841 1114 875 diocesis,
1134 850 1230 880 super

218 892 348 922 ecclesia
370 892 478 922 Sancti
500 892 586 921 Petri
607 892 645 921 dc
666 893 875 922 Norliantone
897 894 1043 924 vertitur.
1058 894 1161 932 primo
1175 904 1228 923 ve-

218 945 391 975 nerabilem
422 945 555 974 fratrem
585 948 731 974 nostrum
762 946 815 979 M„
846 947 1121 985 archiepiscopum
1150 948 1227 977 Bra-

219 999 412 1031 cherensem,
430 1000 508 1027 tunc
522 998 660 1036 priorem
674 999 959 1033 &vimaranensem
971 1009 1006 1029 ac
1018 1001 1225 1038 postmodum

218 1052 370 1081 dilectum
391 1050 494 1080 filiuni
515 1051 704 1089 magistrum
725 1051 939 1086 Leonardum,
961 1055 1124 1083 cantorem
1145 1054 1226 1083 Mes-

217 1113 395 1137 sanensem,
423 1104 624 1142 capellanum
652 1107 797 1134 nostrum
825 1106 971 1135 dedimus
997 1106 1144 1144 partibus
1170 1115 1226 1136 au-

218 1158 347 1187 ditores.
376 1158 520 1195 Cumque
548 1166 621 1195 pars
648 1157 759 1189 altera,
788 1157 962 1187 sufficienti
990 1159 1129 1188 conficto
1155 1167 1225 1197 gra-

217 1210 356 1243 vamine,
387 1219 404 1239 a
434 1209 590 1247 jamdicto
621 1212 750 1239 cantore
780 1211 820 1240 ad
852 1214 994 1240 nostram
1025 1212 1223 1242 audientiam

216 1263 419 1302 appellasset,
439 1265 472 1291 et
490 1272 547 1291 nos
566 1265 633 1291 tam
652 1263 901 1301 appellationem
921 1264 1106 1302 hujusmodi
1125 1275 1223 1304 quam

215 1316 393 1355 predictam
416 1324 546 1344 causam
570 1316 686 1345 dilecto
708 1316 775 1345 filio
797 1320 907 1346 nostro
929 1317 982 1351 H„
998 1318 1084 1347 tituli
1107 1319 1223 1348 Sancte

215 1369 331 1400 Sabine
355 1368 531 1407 presbitero
556 1369 720 1403 cardinali,
745 1370 996 1399 commiserimus
1016 1371 1220 1407 audiendam,

215 1423 300 1452 idem
314 1421 483 1451 cardinalis
497 1422 618 1450 meritis
632 1422 731 1460 ipsius
750 1423 974 1461 appellationis
993 1424 1132 1463 legitime
1152 1433 1223 1463 cog-

214 1476 290 1506 nitis
303 1478 336 1504 et
350 1475 441 1513 plene
456 1474 614 1508 discussis,
626 1475 851 1513 pronuntiavit
864 1476 960 1506 fuisse
971 1477 1052 1506 male
1063 1487 1120 1516 pro
1130 1481 1222 1516 parte

215 1529 316 1558 altera
342 1528 552 1566 appellatum,
578 1536 615 1557 ac
642 1528 771 1557 demum
798 1529 932 1567 cognitis
958 1530 1102 1568 ejusdem
1128 1540 1222 1561 cause

213 1581 336 1611 meritis
359 1583 392 1610 et
413 1580 493 1618 juris
516 1581 626 1610 ordine
649 1581 820 1611 observato
843 1591 880 1612 ac
903 1591 921 1612 a
945 1583 1036 1612 nobis
1059 1584 1222 1614 licentiam

214 1634 446 1673 pronuntiandi
467 1636 605 1672 recepta,
628 1636 660 1663 te
681 1643 810 1673 quoque
830 1638 863 1664 et
884 1639 1090 1674 procuratore
1111 1646 1222 1676 supra—

214 1688 292 1717 dicti
317 1686 451 1716 Gilberti
476 1687 688 1725 presentibus,
715 1688 753 1717 de
772 1688 948 1726 peritorum
972 1689 1112 1724 consilio,
1137 1690 1222 1720 diffi-

213 1741 349 1770 nitivam
360 1749 417 1778 pro
427 1742 460 1768 te
477 1739 671 1769 sententiam
690 1741 918 1780 promulgavit,
938 1750 975 1771 ac
993 1743 1131 1773 eundem
1150 1753 1221 1782 pro-

213 1796 393 1823 curatorem
422 1792 549 1822 nomine
577 1793 676 1831 ipsius
705 1793 851 1828 Gilberti,
879 1797 948 1824 tam
976 1804 1033 1833 pro
1061 1796 1220 1826 fructibus

213 1847 319 1876 medio
339 1848 484 1884 tempore
506 1846 544 1875 de
566 1846 653 1875 dicta
674 1846 804 1876 ecclesia
827 1847 935 1877 Sancti
958 1848 1044 1878 Petri
1066 1849 1125 1878 tibi
1146 1850 1221 1879 sub-

211 1899 335 1933 tractis,
356 1907 455 1937 quam
474 1908 531 1937 pro
544 1899 692 1937 expensis
711 1899 743 1928 in
763 1900 818 1929 lite
837 1900 943 1935 factis,
963 1902 1131 1932 taxatione
1149 1912 1220 1941 pre-

211 1953 308 1983 missa
333 1954 366 1981 et
389 1952 573 1990 juramento
598 1961 616 1982 a
642 1955 674 1981 te
699 1962 795 1991 super
819 1953 878 1983 hoc
903 1954 1048 1992 prestito,
1074 1955 1106 1985 in
1132 1959 1218 1986 certa

213 2014 339 2035 summa
358 2004 491 2043 pecunie
509 2005 570 2034 tibi
587 2006 823 2035 sententialiter
841 2007 1103 2046 condempnavit,
1123 2011 1219 2047 prout

211 2059 244 2088 ln
267 2058 396 2097 publico
420 2058 636 2087 instrumento
660 2058 806 2088 confecto
830 2060 945 2089 exinde
968 2070 1005 2090 ac
1028 2061 1129 2100 sigillo
1153 2071 1220 2092 car-

211 2111 325 2142 dinalis
348 2111 518 2140 memorati
541 2111 667 2150 signato
690 2112 814 2150 plenius
838 2113 1030 2143 continetur.

253 2165 297 2194 Et
327 2164 401 2193 licet
432 2164 517 2193 idem
549 2167 738 2202 procurator
768 2166 809 2194 ab
842 2166 1027 2204 hujusmodi
1058 2168 1218 2198 sententia

210 2220 244 2248 et
278 2217 568 2255 condempnatione
603 2217 643 2246 ad
679 2220 822 2247 nostram
858 2219 986 2248 duxerit
1019 2221 1219 2251 audientiam

211 2270 450 2310 appellandum,
469 2270 719 2309 appellationem
737 2273 846 2301 tamen
864 2281 966 2307 suam,
985 2282 1058 2303 cum
1075 2275 1219 2312 potuerit

210 2324 293 2353 infra
314 2323 487 2352 terminum
507 2323 568 2352 sibi
587 2324 629 2353 ab
648 2324 761 2353 eodem
782 2325 935 2354 cardinali
954 2326 1125 2364 prefixum,
1147 2336 1218 2366 pro-

209 2377 301 2416 sequi
318 2385 381 2405 non
399 2376 534 2405 curavit.
554 2376 658 2413 Quare
675 2377 808 2415 petebas
825 2386 843 2407 a
861 2378 952 2407 nobis
970 2382 1006 2408 ut
1022 2381 1217 2410 sententiam

211 2431 245 2459 et
285 2429 610 2467 condempnationem
650 2430 778 2459 easdem
818 2431 994 2469 apostolico
1034 2442 1217 2464 curaremus

209 2482 387 2512 munimine
413 2482 580 2517 roborare3
608 2491 665 2512 nos
690 2482 811 2522 itaque,
838 2484 902 2513 tuis
928 2486 1217 2523 supplicationibus

208 2534 366 2568 inclinati,
401 2535 595 2564 sententiam
629 2538 662 2564 et
697 2537 1021 2575 condempnationem
1056 2540 1217 2577 predictas

213 2591 300 2618 ratas
327 2590 360 2617 et
385 2587 496 2617 firmas
523 2588 690 2623 hahentes,
717 2598 781 2623 eas,
809 2599 872 2619 non
899 2591 1050 2620 obstante
1076 2593 1217 2631 appella-

208 2641 298 2670 tione
327 2640 464 2679 prefata,
494 2641 689 2670 auctoritate
717 2642 903 2680 Apostolica
927 2643 1156 2675 confirmamus
1179 2648 1217 2675 ut

208 2694 365 2733 presentis
374 2693 485 2732 scripti
495 2694 672 2732 patrocinio
683 2695 928 2725 communimus.
939 2696 1095 2727 Tenorem
1106 2701 1216 2728 autem

207 2746 308 2785 ipsius
328 2746 535 2776 instrumenti
557 2747 595 2776 de
616 2747 714 2777 verbo
735 2757 772 2777 ac
792 2749 928 2778 verbum
949 2751 1151 2788 presentibus
1172 2752 1216 2781 fe-

209 2800 310 2829 cimus
333 2800 482 2828 annotari
505 2800 560 2838 qui
583 2800 656 2829 talis
680 2803 728 2829 est
751 2811 758 2830 :

1280 363 1283 400 1

937 254 1195 289 REGISTRES
1217 253 1552 288 D'ALEXANDRE
1573 255 1621 288 IV

1882 364 2019 396 Viterhe‚
2033 365 2069 392 16
2081 372 2164 393 mars
2175 365 2261 392 1258.

1376 465 1387 480 u
1414 453 1448 483 In
1464 454 1592 483 nomine
1615 453 1756 488 Domini,
1778 455 1892 483 Amen.
1916 454 2047 484 Dudum
2069 455 2154 485 inter
2173 455 2344 495 magistros

1335 517 1346 531 α
1370 506 1563 535 Willclmum
1599 507 1637 535 de
1672 507 1836 541 Altavilla,
1872 507 2062 536 canonicum
2103 507 2342 542 Cicestrensem,

1335 570 1346 585 u
1368 561 1401 588 et
1434 559 1596 588 Gilbertus
1628 559 1667 588 dc
1698 559 1861 593 Milheriis,
1894 560 2054 593 clericum,
2086 569 2182 599 super
2212 561 2342 591 ecclesia

1335 623 1345 638 (ι
1370 612 1479 641 Sancti
1508 612 1594 642 Petri
1623 612 1661 641 de
1690 612 1911 647 Norhantone,
1941 613 2171 643 Lincolniensis
2199 613 2342 648 diocesis.

1335 676 1346 691 u
1370 674 1468 703 quam
1488 674 1597 695 eorum
1616 667 1750 703 uterque
1767 665 1810 694 ad
1826 674 1858 694 se
1876 668 2021 704 spectare
2045 666 2184 700 dicebat,
2207 666 2344 697 materia

1335 729 1346 744 «
1369 718 1545 756 questionis
1560 720 1683 751 exorta,
1699 718 1848 748 dominus
1863 727 1946 757 papa
1962 718 2151 757 magistrum
2165 719 2343 749 Mart-inum

1335 782 1346 796 «
1370 770 1562 809 Hispanum,
1589 771 1790 809 capellanum
1815 780 1920 805 suum,
1946 774 2024 801 tunc
2061 772 2198 810 priorem
2222 772 2343 802 Wima-

1335 834 1346 850 ι(
1369 832 1546 858 rancnsem,
1568 833 1652 853 nunc
1672 824 1947 862 archiepiscopum
1966 824 2228 858 Bracharensem,
2247 833 2344 864 super

1334 887 1346 902 α
1369 876 1428 906 hoc
1444 877 1600 906 concessit
1616 877 1762 915 partibus
1778 877 1979 911 auditorem;
1996 886 2103 907 coram
2119 886 2183 917 quo
2199 877 2344 916 predicto

1334 940 1345 955 α
1369 929 1528 960 Willelmo
1547 930 1757 968 personaliter
1775 933 1807 959 ct
1826 930 1953 968 prefato
1972 930 2116 960 Gilberto
2135 939 2192 969 per
2207 930 2344 961 Bernar-

1334 982 1445 1011 «dum
1478 983 1516 1012 dc
1547 983 1640 1016 pinu,
1674 985 1914 1021 procuratorem
1944 992 2048 1017 suum,
2081 983 2344 1022 comparentibus

1333 1046 1345 1061 «
1368 1035 1398 1064 in
1414 1035 1545 1074 judicio,
1562 1035 1686 1065 libellus
1701 1035 1774 1065 hinc
1789 1036 1863 1065 inde
1879 1036 2007 1066 oblatus
2023 1036 2134 1065 extitit
2148 1038 2182 1066 et
2194 1039 2342 1076 receptus

1333 1097 1504 1126 «quorum
1539 1091 1630 1118 tenor
1665 1089 1735 1118 talis
1767 1091 1826 1118 est.

1373 1166 1386 1180 «
1408 1153 1523 1183 Coram
1544 1154 1636 1183 vobis
1658 1155 1811 1192 magistro
1831 1155 1983 1189 Martium
2000 1155 2121 1184 domini
2135 1163 2217 1194 pape
2238 1155 2342 1194 capel-

1331 1218 1343 1233 «
1366 1207 1449 1242 lano,
1470 1207 1617 1245 partibus
1639 1207 1786 1236 auditore
1817 1216 1975 1242 concesso,
2008 1208 2160 1246 proponit
2188 1208 2342 1247 magister

1331 1271 1343 1286 «
1365 1260 1543 1289 Willelmus
1571 1260 1611 1289 de
1639 1260 1803 1294 Altavilla,
1832 1263 1938 1290 rector
1964 1269 2019 1290 seu
2048 1269 2183 1299 persona
2211 1261 2342 1290 ecclesie

1331 1323 1343 1339 «
1367 1313 1476 1342 Sancti
1505 1313 1592 1342 Petri
1620 1314 1660 1342 de
1687 1313 1909 1347 Norhantone,
1938 1313 2168 1343 Lincolniensis
2195 1313 2340 1348 diocesis,

1330 1376 1342 1392 «
1365 1369 1499 1396 contra..
1518 1368 1759 1405 procuratorem
1790 1366 1936 1405 magistri
1967 1366 2101 1396 Gilberti
2121 1366 2160 1396 de
2177 1366 2340 1402 Milheriis,

1330 1429 1342 1445 α
1365 1419 1493 1448 nomine
1523 1419 1669 1457 ejusdem
1699 1419 1845 1458 magistri
1876 1419 2021 1453 Gilberti,
2053 1419 2140 1458 quod
2170 1428 2244 1449 cum
2272 1419 2342 1458 ipse

1330 1472 1519 1510 «magister
1546 1472 1724 1501 Willelmus
1753 1472 1888 1502 eandem
1918 1472 2084 1502 ecclesiam
2114 1472 2224 1502 Sancti
2253 1472 2342 1502 Petri

1329 1536 1341 1551 α
1363 1534 1436 1554 curn
1470 1525 1673 1564 pertinentiis
1706 1525 1771 1554 suis
1804 1525 2000 1554 auctoritate
2033 1525 2210 1564 apostolica
2242 1524 2341 1555 fuerit

1328 1588 1341 1605 α
1363 1578 1514 1607 canonice
1534 1581 1700 1607 assecutus
1719 1580 1752 1607 et
1771 1578 1803 1607 in
1824 1578 2066 1616 possessionem,
2086 1578 2138 1607 vel
2151 1578 2243 1617 quasi
2256 1579 2341 1617 ejus-

1327 1642 1340 1657 «
1363 1631 1435 1660 dem
1460 1631 1590 1660 ecclesie
1614 1631 1727 1660 eadem
1751 1631 1948 1660 auctoritate
1972 1631 2124 1660 inductus
2149 1631 2249 1660 fuerit
2272 1640 2340 1661 cor-

1327 1695 1339 1711 «
1362 1684 1514 1722 poralem,
1534 1684 1639 1713 dictus
1661 1684 1813 1722 magister
1834 1684 1996 1713 Gilbertus
2017 1684 2153 1713 eandem
2173 1684 2339 1714 eeclesiam

1327 1748 1339 1763 <1
1362 1745 1435 1766 cum
1452 1737 1639 1775 hujusmodi
1655 1737 1858 1775 pertinentiis
1875 1740 1988 1766 contra
2003 1737 2165 1775 justitiam
2181 1737 2340 1767 violenter

1327 1802 1338 1817 «
1361 1790 1534 1828 occupavit
1561 1799 1615 1819 seu
1644 1790 1793 1828 occupari
1828 1789 1916 1823 feeit,
1943 1798 1998 1819 seu
2026 1789 2272 1828 occupationem
2299 1790 2339 1820 de

1327 1854 1339 1869 «
1360 1843 1429 1881 ipsa
1455 1843 1583 1872 nomine
1606 1852 1664 1872 suo
1688 1842 1820 1877 factam,
1845 1845 1952 1872 ratam
1976 1843 2101 1877 habuit,
2125 1844 2158 1872 et
2189 1851 2262 1872 eam
2285 1843 2339 1873 de-

1327 1908 1338 1923 «
1361 1896 1445 1925 tinet
1470 1895 1580 1925 taliter
1605 1898 1808 1934 occupatam,
1834 1895 1909 1925 licet
1935 1895 2058 1925 nullum
2083 1895 2135 1934 jus
2161 1895 2281 1925 habeat
2304 1895 2337 1925 in

1327 1960 1338 1975 «
1361 1949 1483 1982 eadem,
1505 1949 1537 1978 in
1557 1948 1657 1987 ipsius
1676 1948 1822 1987 magistri
1841 1948 1995 1978 Willermi
2016 1957 2079 1977 non
2092 1948 2255 1978 modicum
2268 1957 2338 1987 pre-

1327 2014 1339 2029 «
1360 2002 1517 2040 judicium
1536 2004 1568 2031 et
1585 2009 1771 2040 gravamen,
1791 2001 1896 2038 Quare
1909 2001 1992 2040 petit
2005 2001 2142 2030 eundem
2156 2001 2337 2031 Gilbertum

1327 2066 1339 2082 «
1360 2055 1402 2084 ab
1424 2055 1536 2084 eadem
1558 2054 1689 2084 ecclesia
1711 2054 1867 2084 removeri
1889 2057 1922 2083 et
1943 2054 2046 2092 ipsam
2076 2054 2242 2092 ecclesiam
2263 2062 2336 2084 curn

1327 2119 1338 2135 α
1361 2107 1564 2146 pertinentiis
1601 2107 1667 2137 suis
1704 2107 1765 2137 sibi
1803 2107 2039 2137 sententialiter
2075 2107 2265 2146 adjudicari,
2303 2109 2337 2137 et

1326 2170 1392 2190 «se
1423 2161 1455 2190 in
1487 2160 1719 2199 possessionem
1751 2160 1906 2199 ejusdem,
1929 2160 1981 2189 vel
2013 2160 2116 2199 quasi,
2148 2159 2257 2190 induci
2283 2160 2336 2190 vel

1325 2214 1478 2248 «reduci,
1513 2216 1546 2243 et
1579 2213 1750 2243 inductum
1783 2213 1835 2242 vel
1869 2213 2039 2242 reductum
2074 2212 2212 2242 defendi.
2247 2213 2336 2242 Petit

1325 2277 1338 2294 α
1360 2267 1459 2296 etiam
1492 2269 1669 2305 proventus
1702 2266 1846 2304 ejusdem
1879 2266 2008 2295 ecclesie
2041 2275 2121 2305 quos
2152 2265 2238 2296 idem
2271 2265 2336 2295 Gil-

1325 2331 1337 2347 «
1359 2320 1470 2349 bertus
1497 2320 1535 2349 de
1561 2328 1598 2349 ea
1624 2319 1730 2348 medio
1756 2321 1902 2357 tempore
1927 2319 2080 2357 percepit,
2114 2318 2175 2348 sibi
2208 2318 2336 2349 restitui

1325 2384 1337 2400 «
1359 2373 1400 2402 ab
1423 2373 1545 2406 eodem,
1570 2381 1650 2411 quos
1671 2372 1810 2402 extimat
1832 2381 1934 2411 usque
1956 2372 1997 2401 ad
2020 2380 2180 2402 summam
2202 2373 2334 2402 centum

1324 2437 1336 2453 «
1358 2434 1540 2455 marcarum
1568 2425 1703 2463 argenti.
1734 2425 1777 2454 Et
1805 2434 1901 2463 super
1929 2424 2091 2463 premissis
2118 2433 2174 2454 seu
2201 2424 2334 2463 singulis

1324 2490 1336 2505 (ι
1359 2478 1586 2517 premissorum
1624 2478 1707 2516 petit
1737 2478 1875 2507 eundem
1907 2477 2087 2507 Gilbertum
2117 2477 2177 2507 sibi
2206 2479 2334 2507 senten-

1324 2543 1336 2558 «
1358 2531 1480 2561 tialiter
1505 2530 1744 2569 condempnari.
1772 2530 1921 2560 Predicta
1947 2530 2045 2560 etiam
2071 2530 2155 2569 petit
2181 2538 2254 2560 cum
2279 2539 2334 2559 ex-

1324 2595 1336 2611 «
1358 2584 1464 2622 pensis
1477 2584 1572 2613 factis
1585 2586 1618 2614 et
1630 2583 1784 2613 faciendis
1797 2583 1829 2612 in
1842 2583 1908 2617 lite,
1923 2592 2003 2622 quas
2015 2586 2161 2622 tempore
2172 2582 2332 2612 sententie

1323 2637 1545 2670 «declarabit,
1576 2636 1655 2674 juris
1686 2636 1842 2666 beneficio
1873 2636 1934 2666 sibi
1964 2636 1996 2665 in
2028 2636 2177 2665 omnibus
2207 2644 2333 2674 semper

1322 2701 1335 2717 «
1356 2690 1456 2724 salvo,
1477 2692 1660 2728 protestans
1671 2689 1757 2728 quod
1768 2698 1832 2719 non
1844 2689 2019 2728 adstringit
2030 2697 2062 2718 se
2073 2688 2113 2718 ad
2127 2688 2331 2727 probandum

1321 2753 1335 2771 ι
1356 2743 1464 2773 omnia
1487 2742 1642 2781 predicta,
1667 2742 1722 2772 sed
1747 2742 1843 2772 offert
1866 2751 1899 2771 se
1922 2742 2135 2780 probaturum
2160 2741 2247 2780 quod
2269 2740 2330 2771 sibi

1321 2807 1334 2822 (ι
1356 2796 1395 2825 (16
1426 2795 1496 2833 jure
1528 2794 1671 2825 sufficiat
1704 2795 1743 2824 de
1774 2795 1937 2833 predictis.

1362 2873 1374 2888 «
1397 2861 1512 2891 Coram
1540 2861 1632 2890 vobis
1660 2861 1814 2900 magistro
1841 2861 1992 2894 Mai-tino,
2021 2859 2142 2889 domini
2169 2867 2252 2898 pape
2279 2867 2330 2889 ca-

1321 2926 1334 2942 «
1355 2915 1481 2953 pellano
1500 2914 1648 2953 partibus
1667 2914 1814 2944 auditore
1833 2922 1993 2947 concesso,
2014 2912 2166 2951 proponit
2178 2911 2330 2951 magister

1322 2979 1335 2994 (ε
1358 2967 1542 2997 Bernardus
1560 2968 1599 2996 de
1616 2967 1709 3001 Pinu,
1727 2967 1869 3000 clericus
1887 2966 2016 2996 nomine
2031 2965 2177 3004 magistri
2194 2964 2329 2994 Gilberti
