2477 3512
974 334 1251 377 QUATRIEME
1271 333 1432 367 ANNEE
2176 332 2236 362 799

202 448 290 475 2572
666 446 805 478 Viterbe,
821 446 859 473 28
873 445 942 479 juin
959 445 1046 471 1258.

165 500 403 529 ordinationem
432 501 551 528 factam
581 500 620 526 ab
650 499 793 532 Hugone,
824 499 854 526 S.
884 498 1017 525 Sabinae
1046 503 1129 530 pres-

122 542 234 575 hytero
254 541 417 572 cardinali,
444 541 476 567 in
503 539 688 573 quaestione
714 539 795 565 inter
822 538 956 572 priorem
983 536 1130 563 ecclesiae

124 582 163 608 de
194 581 366 612 Placentia,
400 580 594 606 Pictavensis
627 579 768 611 diocesis,
801 585 840 604 ex
871 585 934 604 una
965 578 1065 610 parte,
1098 577 1130 601 et

123 621 313 652 Johannem,
339 620 593 647 archidiaconum
615 618 853 649 Thoarcensem,
881 625 920 644 ex
946 617 1055 648 altera,
1082 622 1131 641 ra-

123 661 210 687 tione
235 660 400 693 cujusdam
425 659 582 693 pensionis
607 659 760 689 vertente,
787 657 964 687 confimat,
990 655 1131 689 ejusdem

124 700 332 726 ordinationis
361 701 501 725 tenorem
530 698 748 732 praesentibus
777 697 924 723 inserens.
954 696 1050 728 (REG.
1081 694 1130 726 25,

125 739 147 765 f.
169 740 236 771 139,
257 747 306 765 an.
331 739 382 770 IV,
403 746 428 765 c.
450 738 530 771 145.)

167 867 211 889 «..,
231 855 330 894 priori
350 854 469 884 ecclesie
488 855 524 884 de
542 854 713 887 Placentia,
734 853 854 883 ordinis
877 852 984 883 Sancti
1004 852 1132 890 Auqus-

125 908 195 942 lini,
223 907 416 937 pictavensis
442 907 581 936 diocesis.
610 907 657 936 Ea
685 916 747 944 que
772 906 894 944 judicio
920 907 981 934 etc.
1009 913 1128 943 usque:

126 961 326 990 communiri.
363 961 445 990 Sane
480 960 595 998 petitio
630 962 687 988 tua
724 959 815 988 nobis
850 958 994 987 exhibita
1031 957 1132 986 conti-

126 1014 225 1043 nebat
245 1014 332 1052 quod
352 1013 437 1042 inter
456 1015 488 1042 te
509 1022 546 1042 ac
568 1012 720 1041 dilectum
741 1011 844 1040 filium
865 1011 1055 1049 magistrum
1076 1010 1132 1039 Jo-

126 1067 276 1100 hannem,
303 1066 564 1096 archidiaconum
589 1065 823 1094 Thoarcensem
849 1065 881 1093 in
907 1064 1036 1093 ecclesia
1063 1063 1132 1092 Pic-

127 1119 263 1158 tavensi,
285 1119 486 1157 capellanum
507 1118 615 1147 dilecti
634 1117 692 1146 filii
713 1118 812 1147 nostri
834 1118 887 1151 H.‚
908 1117 995 1146 tituli
1016 1117 1132 1146 Sancte

128 1172 243 1202 Sabine
281 1171 449 1210 presbiteri
489 1171 670 1204 cardinalis,
710 1180 805 1209 super
844 1171 984 1209 quadam
1024 1178 1131 1199 annua

127 1225 278 1263 pensione
307 1234 405 1264 quam
432 1225 517 1254 idem
546 1224 789 1253 archidiaconus
817 1223 848 1252 in
877 1225 934 1252 tua
963 1223 1132 1252 obtinebat

127 1278 268 1312 ecclesia,
294 1280 363 1307 orta
388 1277 523 1307 materia
549 1277 735 1315 questionis,
760 1277 893 1306 tandem
923 1276 1007 1305 idem
1032 1276 1133 1305 cardi-

127 1330 208 1360 nalis
230 1331 322 1368 cujus
344 1330 538 1359 ordinationi
560 1333 596 1359 tu
620 1332 652 1359 et
674 1330 740 1368 ipse
762 1329 1015 1362 archidiaconus,
1039 1338 1133 1367 super

129 1384 200 1417 hoe,
225 1384 409 1421 juramento
435 1383 580 1421 prestito,
613 1392 670 1412 vos
704 1383 849 1412 totaliter
874 1382 1074 1415 submittere,
1101 1384 1135 1410 et

126 1437 158 1465 in
192 1445 286 1475 quem
319 1436 579 1474 compromittere
619 1435 798 1469 curavistis,
831 1444 849 1464 a
882 1435 973 1464 nobis
1005 1434 1133 1463 licentia

127 1492 160 1518 et
174 1489 303 1527 speciali
318 1489 474 1518 mandato
489 1489 564 1518 viva
579 1497 658 1517 voce
673 1488 819 1526 receptis,
835 1488 920 1517 inter
933 1497 990 1517 vos
1006 1497 1135 1525 compo-

126 1542 233 1575 nendi,
259 1542 428 1570 ordinandi
452 1544 485 1570 et
508 1541 714 1580 precipiendi,
739 1541 915 1570 secundum
940 1549 996 1569 suc
1020 1541 1135 1569 discre-

125 1594 222 1624 tionis
246 1594 426 1628 arbitrium,
453 1594 491 1623 de
515 1594 683 1632 utriusque
707 1596 852 1623 vestrum
879 1602 1035 1623 consensu
1053 1594 1137 1623 ordi-

127 1647 219 1677 navit
238 1649 270 1676 et
289 1646 433 1685 precepit
452 1649 489 1676 ut
508 1649 545 1676 tu
565 1649 597 1676 et
617 1646 747 1676 ecclesia
767 1647 879 1676 eadem
900 1655 917 1676 a
938 1647 1135 1684 prestatione

126 1700 286 1739 pensionis
319 1700 461 1738 predicte
493 1699 563 1729 sitis
597 1700 635 1729 de
660 1702 765 1729 cetero
797 1699 888 1728 liberi
920 1701 953 1728 et
966 1699 1135 1732 immunes,

127 1753 278 1792 quodque
312 1752 457 1791 prefatus
491 1753 735 1782 archidiaconus
770 1753 809 1781 de
844 1752 1054 1790 proventibus
1088 1753 1136 1790 ip-

126 1806 191 1835 sius
225 1806 354 1835 ecclesie
388 1805 482 1835 certis
515 1805 673 1844 percipiat
706 1805 850 1834 terminis
884 1805 1049 1843 quandam
1083 1815 1136 1844 pe-

128 1859 219 1888 cunie
234 1859 464 1898 quantitatem,
480 1861 578 1897 prout
591 1859 623 1887 in
638 1858 831 1888 istrumento
845 1858 974 1896 publico
989 1857 1135 1888 confecto

127 1913 243 1942 exinde
271 1921 309 1941 ac
337 1913 479 1950 ipsorum
509 1911 678 1941 cardinalis
707 1913 740 1940 et
768 1911 984 1940 archidiaconi
1013 1920 1050 1940 ac
1078 1913 1136 1940 tuo

127 1965 254 2004 signato
276 1965 377 2004 sigillo
398 1965 522 2003 plenius
544 1964 738 1994 continetur.
762 1964 828 1993 Nos
849 1964 956 2003 igitur,
979 1964 1044 1993 tuis
1062 1974 1136 2003 sup-

128 2018 355 2057 plicationibus
377 2017 533 2051 inclinati,
557 2018 643 2056 quod
666 2017 707 2047 ab
731 2017 842 2046 eodem
866 2017 1020 2046 cardinali
1042 2026 1137 2056 super

129 2072 188 2101 hoc
210 2071 333 2100 factum
356 2073 405 2100 est
434 2072 543 2100 ratum
565 2071 721 2099 habentes
743 2072 776 2099 et
797 2069 939 2103 firmum,
962 2070 1039 2099 illud
1063 2079 1138 2100 auc-

128 2125 262 2154 toritate
293 2124 469 2162 apostolica
502 2123 742 2157 confirmamus,
775 2126 807 2152 et
839 2123 994 2161 presentis
1026 2124 1137 2162 scripti

129 2177 308 2216 patrocinio
333 2177 578 2206 communimus.

171 2231 327 2260 Tenorem
350 2229 557 2259 instrumenti
581 2229 725 2267 ejusdem
750 2229 951 2267 presentibus
976 2230 1014 2258 de
1038 2230 1137 2259 verbo

130 2283 171 2313 ad
192 2283 327 2312 verbum
348 2283 441 2312 inseri
462 2282 615 2311 facientes
636 2283 690 2320 qui
711 2282 784 2311 talis
805 2285 863 2311 est.
885 2293 891 2312 2

682 2391 820 2422 Viterbe,
837 2391 874 2417 20
890 2391 953 2417 mai
970 2391 1056 2417 1258.

172 2468 183 2483 «
206 2456 272 2485 Nos
294 2455 395 2485 frater
417 2455 523 2493 Hugo,
546 2454 750 2484 miseratione
774 2455 882 2484 divina
912 2455 1000 2484 tituli
1023 2455 1140 2485 Sancte

96 2530 99 2532 .
133 2521 143 2535 ιι
167 2509 282 2538 Sabine
323 2508 480 2546 presbiter
520 2507 699 2541 cardinalis,
741 2510 854 2537 notum
895 2508 1030 2537 facimus
1071 2508 1141 2537 uni-

132 2573 144 2588 «
166 2561 265 2591 versis
287 2563 450 2599 presentes
471 2560 594 2589 litteras
615 2561 806 2598 inspecturis
828 2562 925 2599 quod,
948 2563 1017 2590 orta
1040 2571 1141 2600 nuper

133 2626 144 2641 «
167 2614 198 2643 in
223 2614 356 2643 dilectos
381 2613 411 2642 in
437 2613 563 2642 Christo
587 2613 723 2651 priorem
748 2613 876 2643 ecclesie
901 2615 939 2642 de
964 2614 1138 2649 Placentia,

133 2678 144 2693 «
166 2667 285 2697 ordinis
323 2666 431 2697 Sancti
468 2666 650 2704 Augustini,
688 2666 887 2696 Pictavensis
927 2667 1069 2701 diocesis,
1108 2669 1141 2697 et

135 2732 146 2746 «
168 2720 357 2758 magistrum
382 2719 575 2753 Johannem,
601 2719 861 2749 archidiaconum
895 2720 1139 2754 Thoarcensem,

134 2785 145 2799 κ
168 2773 367 2811 capellanum
395 2774 551 2805 nostrum,
578 2781 673 2809 super
698 2780 804 2801 annua
840 2773 990 2810 pensione
1025 2773 1139 2811 viginti

135 2826 339 2855 «liberarum
362 2825 607 2858 Turonensium,
644 2834 742 2863 quam
777 2825 861 2854 idem
897 2826 1140 2855 archidiaconus

135 2891 145 2905 u
167 2879 199 2908 in
238 2878 349 2908 eadem
388 2878 518 2907 ecclesia
558 2878 738 2911 obtinebat,
778 2878 912 2907 materia
952 2879 1138 2916 questionis,

135 2944 145 2957 ιι
170 2931 301 2961 tandem
314 2933 422 2969 partes
434 2931 501 2969 ipse
514 2940 610 2969 super
623 2930 789 2969 questione
802 2930 870 2969 ipsa
885 2933 917 2960 et
931 2940 1001 2960 eam
1016 2932 1140 2961 contin-

134 2996 146 3011 «
168 2984 317 3023 gentibus
340 2984 533 3013 ordinationi
558 2987 665 3013 nostre
687 2994 719 3012 sc
743 2984 888 3013 totaliter
910 2987 1137 3022 supponentes,

135 3049 147 3064 α
169 3037 200 3067 in
228 3046 295 3070 nos,
323 3037 389 3066 alto
415 3039 448 3066 et
475 3037 567 3066 basso
595 3040 704 3066 tenore
732 3036 926 3075 presentium
953 3037 1137 3074 juramento

1237 451 1248 466 «
1270 441 1415 478 prestito,
1459 441 1719 479 compromittere
1761 441 1964 469 curaverunt.
2008 438 2074 467 Nos
2116 439 2236 468 autem.

1236 504 1248 520 «
1269 503 1287 523 a
1318 494 1447 523 domino
1477 496 1586 523 nostro
1615 503 1741 523 summo
1770 492 1923 531 pontifice
1952 493 2080 529 recepta
2108 489 2237 519 licentia

1237 558 1248 573 κ
1271 549 1304 576 et
1319 546 1447 585 speciali
1462 547 1617 576 mandato
1641 548 1790 575 oretenus
1806 545 1897 574 nobis
1912 544 1998 574 facto
2015 542 2238 581 componendi,

1237 611 1248 626 κ
1271 599 1440 629 ordinandi
1467 602 1500 628 et
1527 599 1721 637 precipiendi
1748 599 1831 627 inter
1858 597 2030 636 jamdictas
2058 598 2165 634 partes
2193 604 2240 624 se-

1238 664 1249 678 «
1271 652 1412 681 cundum
1436 655 1543 681 nostre
1565 652 1693 680 libitum
1715 650 1905 683 voluntatis,
1929 651 1967 679 de
1991 658 2145 679 consensu
2168 657 2239 686 par—

1238 716 1250 731 «
1271 705 1353 734 tium
1381 705 1553 734 earundem
1581 704 1766 733 ordinamus
1793 706 1825 733 et
1852 703 2044 741 precipimus
2071 704 2108 731 ut
2135 701 2240 730 dictus

1238 769 1250 784 «
1271 758 1357 796 prior
1382 761 1415 787 et
1441 758 1570 787 ecclesia
1597 766 1653 786 sua
1680 766 1698 786 a
1725 757 1875 795 pensione
1901 755 2044 794 predicta
2071 755 2109 784 de
2135 756 2240 783 cetero

1238 823 1250 837 «
1271 811 1337 840 sint
1357 811 1447 840 liberi
1468 813 1500 840 et
1520 811 1688 842 immunes.
1711 812 1744 838 et
1765 809 1850 847 quod
1873 809 1977 837 dictus
1998 807 2241 837 archidiaconus

1238 876 1250 890 «
1272 864 1390 893 habeat
1417 866 1448 893 et
1463 863 1618 902 percipiat
1632 863 1670 891 de
1684 862 1895 900 proventibus
1921 861 2020 899 ipsius
2047 860 2175 889 ecclesie
2202 860 2241 888 de

1239 929 1250 943 «
1274 917 1437 946 Placentia
1452 916 1618 954 sexaginta
1642 915 1738 944 libras
1763 915 1920 944 bonorum
1936 916 1968 943 et
1981 913 2129 951 legalium
2143 913 2244 942 Turo-

1239 982 1251 997 «
1273 970 1429 1003 nensium,
1455 969 1551 998 semel
1576 969 1745 998 solvendas
1771 968 1811 997 ab
1837 967 1949 996 eodem
1974 966 2077 1004 priore
2101 975 2155 994 seu
2181 965 2243 994 alio

1239 1035 1250 1049 «
1273 1023 1328 1061 qui
1348 1032 1405 1061 pro
1426 1025 1569 1060 tempore
1590 1021 1687 1050 fuerit
1708 1021 1739 1049 in
1760 1021 1873 1049 eadem
1894 1020 1980 1048 dicto
2020 1019 2244 1048 archidiacono

1238 1088 1250 1102 «
1272 1076 1322 1105 vel
1340 1076 1408 1113 ejus
1426 1074 1635 1113 procuratori,
1652 1074 1684 1103 in
1695 1074 1840 1103 terminis
1850 1072 2062 1110 infrascriptis
2073 1071 2243 1100 videlicet:

1239 1141 1250 1155 «
1273 1129 1382 1157 decem
1399 1128 1496 1157 libras
1514 1127 1649 1157 Viterbii
1667 1127 1699 1156 in
1717 1126 1868 1165 presenti,
1887 1134 1924 1154 ac
1941 1125 2027 1163 apud
2046 1124 2245 1153 Placentiam

1239 1193 1250 1209 «
1271 1181 1531 1220 vigintiquinque
1544 1181 1640 1210 libras
1654 1180 1798 1218 ejusdem
1826 1180 1955 1208 monete
1983 1178 2014 1207 in
2044 1176 2153 1207 Natali
2182 1177 2246 1206 Do-

1240 1247 1251 1261 «
1273 1235 1362 1268 mini,
1394 1237 1427 1264 et
1458 1234 1536 1263 alias
1567 1233 1826 1272 vigintiquinque
1858 1231 1890 1260 in
1923 1231 2045 1260 octavis
2077 1231 2247 1259 Resurrec-

1240 1299 1252 1314 «
1273 1287 1370 1317 tionis
1395 1287 1562 1316 Dominice
1588 1286 1734 1325 proximo
1760 1284 1915 1319 venturis,
1942 1285 2001 1313 sub
2028 1283 2136 1312 debito
2163 1291 2248 1321 pres-

1241 1353 1252 1367 «
1274 1341 1327 1369 titi
1344 1340 1519 1378 juramenti
1537 1342 1569 1369 et
1586 1340 1645 1368 sub
1664 1348 1746 1377 pena
1763 1337 1978 1376 suspensionis
1996 1345 2093 1375 quam
2111 1336 2247 1364 eundem

1241 1406 1253 1420 «
1275 1394 1423 1432 priorem,
1443 1393 1468 1421 si
1480 1393 1640 1431 negligens
1658 1391 1709 1420 vel
1720 1392 1752 1420 in
1774 1399 1863 1420 mora
1877 1390 2044 1419 solutionis
2063 1388 2249 1426 hujusmodi

1242 1458 1253 1473 «
1276 1447 1420 1475 faciende
1452 1446 1559 1479 fuerit,
1586 1445 1744 1474 incurrere
1776 1444 1925 1473 volumus
1957 1443 2026 1481 ipso
2058 1442 2155 1475 facto,
2189 1441 2249 1470 nisi

1243 1511 1254 1527 «
1277 1509 1332 1538 per
1358 1499 1496 1528 eundem
1523 1498 1785 1528 archidiaconum
1811 1497 1862 1525 vel
1888 1498 2128 1534 procuratorem
2155 1503 2249 1523 suum

1244 1552 1445 1581 «solutionis
1474 1552 1618 1589 ejusdem
1648 1550 1776 1580 termini
1805 1549 1925 1579 fuerint
1953 1548 2126 1587 prorogati.
2156 1548 2250 1576 Hanc

1244 1618 1256 1632 «
1278 1608 1388 1634 autem
1413 1605 1648 1634 ordinationem
1673 1606 1818 1633 nostram
1841 1604 1949 1641 partes
1972 1601 2115 1640 predicte
2138 1600 2251 1629 unani-

1244 1670 1256 1685 «
1278 1658 1373 1687 miter
1386 1660 1603 1696 acceptantes,
1618 1657 1725 1686 omnia
1740 1658 1772 1685 et
1785 1655 1909 1694 singula
1923 1658 1955 1684 et
1969 1655 2001 1683 in
2014 1654 2083 1693 ipsa
2097 1656 2249 1683 contenta

1245 1724 1256 1738 «
1279 1711 1495 1750 promiserunt
1529 1711 1588 1739 sub
1624 1709 1760 1748 prestito
1786 1709 1970 1747 juramento
1997 1717 2029 1736 se
2056 1706 2194 1736 fideliter
2219 1708 2254 1735 et

1245 1777 1256 1791 «
1278 1764 1415 1793 firmiter
1435 1766 1629 1793 servaturos.
1655 1763 1690 1792 In
1711 1762 1803 1800 cujus
1823 1761 1874 1790 vei
1895 1760 2116 1790 testimonium
2138 1762 2170 1789 et
2187 1768 2253 1788 me-

1245 1830 1257 1844 «
1278 1817 1378 1847 morie
1415 1817 1524 1846 future
1552 1816 1725 1849 cautelam,
1755 1817 1918 1853 presentes
1946 1814 2070 1843 litteras
2098 1813 2193 1842 scribi
2220 1815 2254 1842 et

1245 1882 1257 1897 «
1279 1870 1435 1909 publicari
1454 1869 1588 1898 fecimus
1608 1878 1664 1907 per
1683 1868 1873 1906 magistrum
1901 1867 2100 1905 Stephanum
2130 1866 2252 1895 dictum

1245 1936 1257 1951 «
1276 1925 1315 1953 de
1341 1923 1423 1957 Pire,
1446 1922 1595 1952 clericum
1619 1921 1841 1954 Bisuntinum,
1870 1920 2031 1950 notarium
2046 1921 2201 1953 nostrum,
2216 1928 2254 1948 ac

1245 1989 1257 2004 «
1280 1977 1381 2006 nostri
1407 1970 1439 2005 et
1464 1975 1683 2014 predictarum
1709 1973 1851 2012 partium
1877 1973 2051 2011 sigillorum
2077 1972 2254 2001 munimine

1245 2029 1432 2059 «roborari.
1461 2029 1543 2058 Acta
1571 2030 1648 2057 sunt
1676 2028 1733 2056 hec
1760 2026 1896 2056 Viterbii
1924 2026 2010 2064 apud
2039 2025 2153 2055 fratres
2181 2025 2255 2054 Pre-

1245 2096 1257 2111 «
1280 2083 1437 2112 dicatores
1448 2082 1479 2110 in
1490 2081 1629 2119 hospitio
1640 2082 1760 2115 nostro,
1773 2089 1858 2109 anno
1869 2079 1990 2108 domini
1999 2078 2126 2108 M⁰CC.⁰
2133 2077 2254 2113 LVIII,

1246 2148 1258 2164 1(
1279 2135 1455 2165 indictione
1475 2134 1589 2173 prima,
1611 2134 1679 2162 XII
1701 2133 1751 2162 die
1771 2135 1909 2162 exeunte
1929 2141 2037 2161 mense
2058 2131 2152 2166 maii;
2173 2133 2255 2160 tem-

1246 2201 1258 2217 «
1279 2198 1355 2228 pore
1380 2188 1502 2217 domini
1525 2186 1699 2216 Alexandri
1723 2195 1806 2224 pape
1834 2186 1911 2219 IIII,
1936 2184 2147 2223 pontificatus
2171 2184 2254 2222 ejus-

1246 2254 1258 2270 «
1281 2243 1353 2272 dem
1377 2250 1462 2271 anno
1486 2242 1613 2279 quarto,
1638 2241 1785 2278 presente
1810 2248 1859 2267 me
1884 2238 2048 2276 subcripto
2073 2237 2198 2267 notario
2221 2240 2254 2266 et

1246 2295 1418 2325 «testibus
1452 2293 1674 2331 infrascriptis,
1708 2292 1858 2321 videlicet
1893 2301 1898 2319 :
1934 2291 2087 2329 magistro
2122 2290 2253 2320 Nieolao

1247 2361 1259 2376 «
1278 2348 1429 2381 Beraudi,
1446 2346 1599 2376 canonico
1616 2345 1823 2378 Dauracensi‚
1840 2344 2076 2373 Lemovieensis
2101 2343 2232 2373 diocesis
2246 2354 2252 2378 ;

1247 2414 1259 2429 «
1281 2401 1435 2439 magistro
1465 2399 1661 2437 Raymundo
1691 2399 1730 2427 de
1759 2398 1875 2430 Vileta‚
1907 2399 2026 2426 rectore
2057 2396 2185 2426 ecclesie
2215 2397 2253 2426 de

1247 2467 1259 2482 «
1281 2455 1366 2484 Rivo
1390 2453 1532 2486 Martini,
1558 2452 1778 2482 Xantonensis
1798 2451 1950 2485 diocesis;
1970 2450 2111 2484 Thadeo,
2132 2450 2253 2484 odone,

1248 2520 1259 2535 «
1281 2507 1490 2546 scriptoribus
1520 2505 1748 2535 Penitentiarie
1777 2504 1897 2533 domini
1926 2512 2019 2541 pape,
2049 2506 2081 2532 et
2109 2503 2253 2541 pluribus

1247 2573 1260 2589 α
1281 2561 1360 2590 aliis.

1290 2625 1302 2641 «
1325 2614 1367 2642 Et
1390 2621 1447 2652 ego
1471 2613 1652 2650 Stephanus
1676 2611 1838 2649 predictus
1861 2609 2054 2639 auctoritate
2077 2608 2251 2646 apostolica

1249 2678 1261 2694 ι(
1283 2666 1429 2705 publicus
1466 2665 1610 2695 notarius
1647 2664 1702 2702 qui
1738 2663 1890 2702 predictis
1927 2662 2074 2692 omnibus
2110 2661 2251 2695 interfui,

1248 2731 1260 2746 α
1283 2719 1426 2758 predicta
1452 2719 1490 2747 de
1514 2718 1669 2747 mandato
1694 2716 1771 2746 dicti
1797 2716 1916 2745 domini
1950 2714 2118 2744 cardinalis
2142 2714 2251 2752 scripsi

1248 2784 1260 2799 «
1282 2775 1313 2802 et
1344 2772 1375 2800 in
1403 2771 1564 2809 publicam
1593 2770 1730 2799 formam
1748 2769 1853 2806 redegi
1867 2778 1903 2797 ac
1924 2778 1994 2797 meo
2010 2767 2099 2805 signo
2116 2767 2250 2805 signavi.

1290 2837 1301 2851 ‹<
1324 2825 1409 2854 Nulli
1445 2826 1551 2853 nostre
1595 2822 1847 2851 confirmationis
1890 2824 1950 2850 etc.
1995 2821 2069 2849 Dat.
2105 2820 2252 2854 Viterbii,

1249 2890 1260 2904 «
1290 2878 1372 2912 1111,
1399 2877 1462 2906 kal.
1488 2876 1579 2914 junii,
1606 2884 1690 2905 anno
1717 2877 1842 2913 quarto.
1870 2886 1880 2900 »
