2477 3512
189 261 231 294 76
886 255 1154 288 REGISTRES
1181 253 1533 288 D'ALEXANDRE
1564 254 1612 286 IV

187 376 198 390 «⁴
217 366 370 402 emisset,
396 365 482 397 sitas
506 365 541 396 in
566 363 742 396 territorio
767 363 872 395 castri
897 362 1039 399 (lerreti,
1065 362 1099 394 in
1125 373 1194 404 quo

188 433 200 450 «
215 421 308 453 idem
332 420 443 452 abbas
467 422 654 461 tamquam
677 418 842 451 dominus
867 417 1070 459 temporalis
1091 417 1196 459 juris-

188 475 408 508 «dictionem
440 477 475 506 et
507 474 703 506 dominium
737 473 894 505 noscitur
925 472 1095 509 obtinere,
1128 472 1194 504 sibi

186 541 278 574 «pro
322 530 503 572 emptione
548 529 726 561 dictarum
772 527 1044 570 possessionum,
1089 527 1194 569 juxta

187 585 479 627 «compositionis
514 584 669 626 predicte
703 586 872 619 tenorem,
910 582 1057 624 prestari
1092 582 1195 624 petiit

187 648 234 670 «a
270 637 462 670 nominatis
497 637 700 668 hominibus
734 646 794 668 seu
831 634 961 678 populo
997 635 1195 667 subsidium

187 690 471 733 «supradictum.
498 690 585 732 Ipsis
604 699 689 721 vero
710 688 948 721 asserentibus
969 688 1013 719 ad
1035 688 1069 719 id
1090 697 1134 719 ex
1154 697 1194 720 eo

187 743 357 776 «minime
384 752 419 775 se
446 743 569 780 teneri,
599 742 692 784 quod
723 742 756 773 in
786 741 889 773 dictis
918 740 1197 783 possessionibus

187 796 270 839 «jus
302 796 445 838 aliquod
478 796 636 827 habebat
669 794 924 827 monasterium
958 796 1196 825 memoratum

186 852 249 881 «et
275 849 401 881 saltem
429 849 464 880 in
491 848 540 880 eis
567 848 741 880 directum
771 847 967 879 dominium
995 846 1196 878 obtinebat,

188 902 298 934 «licet
335 902 530 934 dominium
571 901 656 933 utile
694 903 872 943 spectaret
910 900 953 931 ad
992 899 1197 931 venditores

188 964 347 991 «earum,
375 957 520 998 propter
546 955 641 996 quod
669 954 785 986 dictus
811 953 922 985 abbas
948 962 1051 985 suum
1077 952 1196 995 potius

188 1007 384 1040 «redimere
412 1008 603 1039 videbatur
629 1017 736 1049 quam
764 1006 921 1048 aliquam
950 1006 992 1038 de
1020 1015 1112 1037 novo
1140 1005 1195 1037 vel

187 1061 258 1092 «de
278 1060 391 1092 alieno
412 1060 525 1092 facere
545 1061 774 1102 emptionem,
795 1069 839 1091 ex
859 1062 960 1101 parte
981 1059 1066 1090 dicti
1086 1059 1196 1090 ahba-

187 1113 260 1145 «tis
283 1114 504 1156 propositum
527 1113 650 1145 extitit
673 1123 716 1145 ex
739 1113 888 1144 adverso
912 1112 1007 1154 quod
1030 1111 1096 1144 etsi
1120 1122 1196 1154 pre-

187 1167 350 1199 «dictum
383 1166 637 1198 monasterium
670 1166 704 1197 in
738 1165 884 1207 prefatis
917 1165 1196 1207 possessionibus

187 1219 358 1261 «aliquod
385 1219 443 1260 jus
472 1219 628 1255 haberet,
659 1222 779 1250 tamen
810 1219 966 1260 ipsarum
995 1218 1132 1249 fructus
1160 1220 1195 1250 et

187 1274 409 1314 «proventus
444 1282 512 1303 non
547 1272 590 1303 ad
625 1272 718 1303 idem
754 1271 1021 1313 monasterium,
1056 1271 1116 1303 sed
1151 1272 1194 1303 ad

188 1325 291 1357 «illos
319 1325 574 1367 perveniebant
602 1325 722 1367 potius
750 1324 809 1366 qui
839 1324 1074 1366 possessiones
1102 1324 1196 1366 ipsas

187 1378 460 1415 «vendiderant,
484 1380 629 1420 propter
650 1378 744 1419 quod
769 1388 838 1409 non
860 1377 970 1419 ipsius
991 1378 1195 1410 monasterii

188 1431 275 1463 «sed
305 1430 443 1462 illorum
475 1431 542 1462 dici
574 1433 741 1472 poterant
770 1433 806 1462 et
837 1430 1017 1462 debebant
1047 1430 1107 1472 qui
1137 1441 1196 1462 eas

186 1486 400 1525 «tamquam
432 1483 593 1525 proprias
623 1482 727 1524 longo
759 1486 918 1525 tempore
949 1484 1194 1525 possederunt.

187 1537 303 1568 «Cum
325 1538 445 1568 autem
470 1538 589 1578 partes
612 1539 756 1578 propter
777 1536 842 1568 hoc
865 1537 909 1568 ad
932 1536 1195 1568 sanctissimum

188 1591 354 1631 «patrem
395 1589 578 1621 dominum
620 1588 874 1626 Alexandrum,
917 1589 1037 1621 divina
1079 1589 1196 1631 provi-

188 1642 336 1674 «dentia
368 1652 547 1674 summum
579 1642 798 1684 pontificem,
832 1642 999 1684 speciales
1032 1652 1196 1684 procura-

188 1697 309 1727 «tores
337 1697 373 1726 et
402 1694 547 1727 nuntios
576 1695 825 1732 destinassent,
856 1695 1036 1727 humiliter
1064 1695 1196 1737 suppli-

188 1760 200 1775 «
215 1750 336 1780 cantes
358 1748 471 1780 eidem
494 1750 533 1779 ut
554 1748 687 1779 dictam
708 1748 1001 1790 compositionem
1023 1758 1083 1780 seu
1104 1748 1196 1780 illius

187 1800 323 1832 «verba
345 1803 521 1842 quantum
543 1801 587 1832 ad
610 1801 675 1832 hoc
696 1801 1002 1842 interpretaretur,
1025 1811 1065 1833 ac
1086 1801 1195 1833 etiam

187 1853 408 1885 «declararet
428 1857 464 1884 et
485 1854 526 1885 de
547 1853 664 1895 plano,
686 1856 793 1895 prout
813 1853 878 1885 sibi
900 1854 1065 1896 placeret,
1086 1854 1194 1886 finem

187 1906 412 1947 «imponeret
445 1906 648 1947 hujusmodi
682 1906 871 1948 questioni,
904 1907 998 1939 idem
1031 1907 1195 1939 dominus

187 1959 314 1990 «nobis
348 1960 388 1991 (i.
423 1960 465 1990 de
499 1959 658 2000 Neapoli,
692 1959 911 1991 subdiacono
944 1963 979 1991 et
1013 1960 1194 2002 capellano

185 2021 287 2048 «suo,
316 2012 399 2043 viva
430 2022 514 2043 voce
544 2013 731 2044 mandavit
760 2015 799 2044 ut
827 2013 997 2044 facientes
1025 2013 1195 2056 interpre-

186 2064 386 2096 «tationem
409 2075 468 2096 seu
492 2064 769 2097 declarationem
792 2066 1000 2107 predictam,
1025 2067 1067 2098 de
1089 2067 1194 2108 plano

186 2129 198 2146 «
213 2119 249 2148 et
265 2117 338 2148 sine
354 2117 476 2158 judicii
489 2118 638 2160 strepitu
652 2128 692 2149 ac
708 2118 795 2159 juris
813 2119 934 2150 ordine
952 2129 1021 2150 non
1039 2122 1192 2157 servato,

187 2170 434 2211 «questionem
476 2171 745 2202 terminaremus
782 2172 942 2203 eandem.
984 2172 1056 2204 Nos
1099 2182 1192 2210 vero,

187 2222 309 2254 udicta
341 2223 595 2265 compositione
627 2233 666 2255 ac
697 2224 773 2265 ejus
804 2224 920 2256 verbis
951 2225 1192 2263 consideratis,

187 2288 199 2303 «
214 2278 249 2307 et
280 2275 465 2317 diligenter
496 2276 662 2318 inspectis
692 2280 727 2308 et
758 2277 947 2309 intellectis
977 2288 1044 2319 que
1076 2281 1194 2320 partes

185 2337 408 2371 «proponere
431 2329 617 2360 voluerunt
643 2332 679 2361 et
702 2330 750 2361 eis
773 2330 938 2362 omnibus
961 2331 1026 2372 ipsi
1050 2331 1192 2364 domino

186 2380 367 2412 «fideliter
393 2384 429 2413 et
458 2382 557 2423 plene
587 2382 715 2419 relatis,
747 2383 788 2414 de
818 2383 926 2424 ipsius
955 2383 1088 2415 domini
1117 2394 1193 2426 spe-

185 2432 292 2465 «ciali
312 2435 482 2465 mandato
503 2434 780 2476 interpretamur
799 2446 838 2467 ac
860 2436 1079 2468 declaramus
1099 2447 1192 2469 com—

185 2486 424 2529 «positionem
466 2487 672 2528 predictam,
713 2491 747 2519 et
789 2488 998 2520 ‹lissiniendo
1038 2500 1191 2531 pronun-

185 2538 345 2571 «tiamus
372 2540 466 2581 quod
494 2540 578 2572 dicti
604 2540 765 2572 homines
790 2541 863 2573 sive
890 2542 1039 2583 populus
1066 2542 1114 2574 sic
1140 2546 1191 2575 te-

186 2594 343 2624 «nentur
369 2595 405 2624 et
434 2592 563 2624 debent
594 2596 749 2635 prestare
778 2594 974 2626 subsidium
1003 2595 1126 2628 abbati
1155 2599 1189 2628 et

184 2645 404 2677 «conventui
432 2646 635 2677 monasterii
664 2647 823 2687 predicti,
853 2657 932 2679 cum
960 2649 1100 2680 eosdem
1129 2649 1190 2680 ab·

185 2697 333 2729 «batem
361 2700 397 2729 et
425 2701 641 2730 conventum
671 2699 844 2741 contingit
875 2703 1003 2732 terram
1033 2701 1188 2743 aliquam

186 2759 327 2782 «emere
350 2751 406 2782 vel
430 2751 613 2783 castellum
638 2752 671 2783 in
698 2752 872 2785 territorio
897 2753 931 2785 in
957 2764 1026 2795 quo
1050 2764 1190 2787 monas-

186 2802 341 2835 «terium
372 2803 488 2845 ipsum
522 2804 629 2835 habet
662 2805 857 2837 dominium
890 2806 944 2838 vel
975 2806 1190 2848 jurisdictio-

186 2867 198 2883 «
214 2865 304 2893 nem,
328 2855 522 2888 dummodo
544 2856 578 2888 id
602 2858 695 2898 quod
718 2858 848 2890 emitur
868 2859 912 2890 ad
935 2859 1093 2900 ejusdem
1117 2870 1190 2892 mo—

186 2908 356 2940 «nasterii
387 2908 528 2950 plenam
559 2910 813 2951 proprietatem
845 2921 914 2943 non
945 2915 1092 2954 spectet,
1126 2923 1188 2945 nec

186 2969 256 2992 «ex
281 2970 321 2992 eo
348 2962 441 3003 quod
469 2962 599 2994 emitur
624 2972 745 2995 omnes
770 2964 907 2996 tructus
932 2967 968 2996 et
994 2968 1189 3007 proventus

1303 361 1539 403 «perveniant
1573 360 1618 392 ad
1652 360 1907 393 monasterium
1938 360 2197 402 supradictum,
2229 361 2313 394 licet.

1303 416 1421 446 «sorte
1450 413 1507 455 jus
1537 413 1680 455 aliquod
1711 413 1843 445 babeat
1872 413 1907 445 in
1937 413 2073 450 eodem,
2104 414 2196 446 sicut
2226 414 2313 446 dicti

1301 480 1314 496 «
1331 467 1489 498 homines
1510 466 1563 497 vel
1585 465 1737 508 populus
1758 468 1914 508 prestare
1936 469 2103 498 tenentur
2122 469 2158 499 et
2178 467 2311 500 debent

1301 519 1525 552 «subsidium
1555 519 1658 551 dictis
1686 519 1810 550 abbati
1837 521 1874 550 et
1901 519 2106 556 conventui,
2135 529 2216 552 cum
2243 519 2311 562 ipsi

1300 576 1458 604 «terram
1494 572 1548 604 vel
1581 571 1767 604 castellum
1801 574 1926 603 emunt
1959 571 1994 603 in
2028 572 2114 604 locis
2146 572 2213 605 illis
2246 574 2311 604 aut

1301 625 1504 658 «territorio
1528 625 1562 656 in
1586 624 1715 666 quibus
1738 623 1792 656 vel
1816 634 1886 666 quo
1909 624 2107 657 dominium
2129 624 2186 657 vel
2205 624 2311 667 juris-

1301 679 1520 710 «dictionem
1546 688 1616 710 non
1642 677 1751 709 habet
1776 677 2032 709 monasterium
2057 680 2308 711 memoratum.

1301 744 1313 759 «
1333 732 1370 763 ln
1392 731 1494 772 cujus
1515 731 1562 763 rei
1584 730 1829 762 testimonium
1851 740 1994 772 presens
2014 730 2187 772 scriptum
2207 730 2311 772 sigilli

1301 784 1439 816 «nostri
1467 784 1660 816 munimine
1687 783 1835 815 fecimus
1860 783 2029 815 roborari.
2055 783 2188 816 Actum
2214 783 2310 816 Ana-

1301 837 1418 877 «gnie,
1448 847 1541 869 anno
1571 836 1704 868 domini
1733 835 1979 873 MCCLVIIII,
2010 835 2120 868 VIIII
2148 836 2219 868 kal.
2249 845 2312 868 no-

1302 902 1314 918 «
1331 890 1494 927 vembris,
1552 889 1785 932 pontificatus
1841 889 1975 921 domini
2029 888 2223 921 Alexandri
2248 898 2311 932 pa-

1302 953 1372 984 «pe
1397 943 1471 974 1111
1494 952 1588 974 anno
1610 942 1747 984 quinto.
1771 954 1784 970 »

1348 995 1443 1027 Nulli
1472 998 1590 1028 nostre
1617 994 1900 1027 confirmationis
1926 997 1993 1027 etc.
2023 995 2108 1027 Dat.
2136 994 2309 1036 Anagnie.

1304 1048 1356 1080 XI
1380 1047 1449 1080 kal.
1474 1048 1679 1084 decembris,
1705 1057 1798 1079 anno
1822 1048 1959 1089 quinto.
1985 1060 1997 1077 »

1381 1194 1470 1220 2980
1726 1192 1860 1227 Anagni,
1884 1192 1921 1220 13
1944 1193 2114 1220 novembre
2138 1192 2226 1220 1259.

1343 1248 1421 1275 Cum
1441 1247 1590 1281 magistro
1613 1247 1704 1274 Petro
1726 1246 1868 1278 Gunteri,
1888 1246 2049 1280 capellano
2069 1253 2136 1279 suo,
2156 1245 2310 1274 archidia-

1303 1293 1453 1319 conatum
1475 1292 1512 1318 de
1533 1291 1718 1318 Benavento
1740 1291 1770 1317 in
1793 1290 1920 1317 ecclesia
1943 1290 2093 1317 ovetensi
2114 1289 2314 1330 contulisset,

1304 1336 1435 1364 mandat
1462 1343 1545 1370 papa
1571 1336 1721 1369 magistro
1748 1335 1926 1362 scholarum
1953 1334 2099 1362 ecclesiae
2127 1334 2312 1362 palentinae

1303 1383 1338 1408 ut
1364 1380 1557 1408 Gundisalvo
1583 1379 1739 1411 Roderici,
1764 1379 1968 1411 subdiacono,
1993 1378 2143 1406 canonico
2167 1378 2314 1412 eJusdem

1302 1425 1448 1453 ecclesiae
1466 1425 1520 1459 qui
1537 1425 1622 1459 prius
1640 1424 1762 1451 litteras
1780 1431 1798 1450 a
1817 1423 1845 1450 S.
1866 1423 1943 1450 Sede
1961 1424 2132 1457 receperat,
2150 1423 2189 1450 de
2206 1429 2315 1457 perso-

1303 1472 1381 1498 natu
1401 1469 1451 1496 vel
1472 1469 1626 1503 dignitate
1647 1468 1677 1495 in
1699 1468 1843 1502 praefata
1864 1467 1992 1495 ecclesia
2013 1466 2190 1501 provideat.
2211 1466 2299 1500 (ΒΕΘ

1302 1515 1351 1546 25,
1368 1515 1389 1541 f.
1407 1514 1464 1541 227
1482 1517 1528 1545 v0,
1544 1520 1594 1540 an.
1611 1513 1649 1544 V,
1666 1520 1691 1539 c.
1709 1512 1791 1545 208.)

1349 1608 1360 1622 «
1395 1619 1415 1626 ..
1450 1593 1612 1634 maqistro
1645 1592 1813 1624 scolarum
1847 1591 1980 1623 ecclesie
2013 1590 2206 1624 Palentz'ne.
2241 1591 2312 1623 Sua

1303 1648 1403 1679 nobis
1433 1645 1673 1678 Gundisalvus
1700 1664 1755 1677 —.
1788 1645 1871 1676 Dat.
1902 1644 2073 1686 Anagnie,
2104 1644 2221 1676 idibus
2250 1653 2311 1676 no-

1303 1700 1467 1737 vembris,
1495 1709 1587 1731 anno
1613 1698 1751 1740 quinto.
1779 1711 1791 1726 υ

1383 1852 1466 1878 2981
1749 1850 1884 1885 Anagnl,
1907 1850 1925 1877 7
1948 1849 2118 1877 novembre
2142 1849 2230 1877 1259.

1342 1906 1499 1940 Episcopo
1521 1907 1552 1933 et
1574 1905 1713 1939 capitulo
1736 1904 1946 1932 Ovetensibus
1968 1903 2101 1931 mandat
2122 1904 2158 1935 ut
2184 1902 2313 1930 Petrum

1303 1951 1424 1977 dictum
1444 1950 1600 1982 Maurum,
1619 1950 1776 1981 clericum,
1795 1949 1826 1975 in
1845 1949 2031 1976 canonicum
2050 1947 2204 1981 recipiant
2221 1947 2311 1982 eique

1302 1995 1339 2022 de
1357 1995 1536 2028 praebenda
1553 1994 1658 2028 aliqua
1676 1994 1874 2028 provideant.
1893 1993 1990 2027 (Rea.
2009 1992 2058 2024 25,
2075 1992 2096 2019 f.
2117 1991 2186 2024 228,
2203 1999 2254 2019 an.
2271 1991 2310 2024 V,

1302 2048 1327 2067 c.
1347 2039 1430 2072 209.)

1348 2140 1361 2155 «
1394 2152 1413 2159 ..
1447 2127 1604 2169 episcopo
1636 2128 1664 2158 et
1696 2126 1845 2169 capilulo
1879 2126 2109 2159 Ovetensibus.
2143 2124 2310 2168 Specialis

1303 2181 1395 2212 dono
1413 2180 1525 2221 gratie
1542 2200 1597 2212 -—.
1617 2180 1701 2212 Dat.
1720 2180 1890 2221 Anagnie,
1910 2179 1980 2211 VII
1999 2179 2078 2211 idus
2096 2178 2308 2215 novembris,

1302 2243 1394 2265 anno
1419 2233 1556 2274 quinto.
1582 2246 1594 2261 »

1383 2330 1472 2357 2982
1751 2329 1886 2363 Anagni,
1909 2329 1926 2356 8
1949 2329 2119 2356 novembre
2142 2328 2229 2355 1259.

1342 2384 1505 2417 Religiosis
1521 2383 1702 2410 monasterii
1719 2384 1747 2410 S.
1766 2383 1874 2410 Felicis
1890 2383 1928 2409 de
1944 2382 2044 2414 Vada,
2062 2382 2194 2409 Pisanae
2210 2381 2311 2408 dioce-

1299 2429 1350 2460 sis,
1376 2428 1517 2461 indulget
1543 2430 1577 2454 ut
1603 2436 1622 2454 a
1647 2435 1807 2462 quoquam
1833 2427 1992 2454 conveniri
2016 2434 2071 2461 per
2095 2426 2218 2453 litteras
2243 2432 2306 2452 non

1300 2472 1432 2507 possint,
1455 2472 1513 2498 nisi
1536 2473 1662 2499 eaedem
1686 2472 1808 2498 litterae
1838 2472 1875 2498 de
1906 2471 2103 2505 indulgentia
2124 2469 2308 2503 huiusmodi

1300 2519 1331 2544 et
1351 2517 1459 2543 ordine
1478 2517 1617 2550 ipsarum
1637 2523 1816 2550 expressam
1836 2515 1966 2542 fecerint
1985 2515 2187 2542 mentionem.
2207 2513 2304 2547 (Rea.

1299 2562 1347 2592 25,
1365 2562 1386 2587 f.
1405 2561 1474 2593 228,
1493 2568 1542 2587 an.
1562 2561 1598 2592 V,
1617 2568 1641 2587 c.
1661 2560 1719 2587 210
1735 2568 1741 2592 ;
1761 2561 1932 2587 Porrimsr
1951 2559 2073 2592 17700.)

1344 2663 1356 2679 «
1381 2675 1400 2682 ..
1424 2650 1588 2692 priorisse
1612 2652 1639 2682 el
1662 2649 1839 2682 conventui
1863 2647 2068 2680 monialium
2094 2648 2308 2680 inclusarum

1297 2703 1493 2734 monasterii
1520 2704 1636 2734 Sunt-ti
1663 2703 1787 2734 Felicis
1811 2703 1849 2734 de
1878 2701 1984 2738 Vada,
2010 2701 2140 2733 Pisone
2163 2700 2308 2733 diocesis

1297 2756 1341 2788 ud
1373 2757 1564 2788 Romanam
1600 2756 1786 2788 Ecclesiam
1821 2754 1914 2786 nullo
1950 2754 2059 2786 medio
2092 2754 2305 2796 pertinentis,

1296 2809 1427 2840 ordinis
1457 2809 1574 2840 Sancti
1604 2809 1806 2850 Auqustini,
1835 2807 2020 2839 secundum
2051 2807 2208 2839 instituta
2235 2806 2307 2848 sm-

1295 2863 1383 2893 trum
1406 2862 1659 2894 I’redicatorum
1681 2862 1881 2894 vivenlibus.
1905 2860 2115 2892 Devotionis
2136 2868 2306 2902 augmen-

1297 2917 1373 2945 tum
1399 2914 1499 2946 vobis
1523 2934 1577 2947 —.
1605 2916 1688 2946 Dat.
1715 2914 1884 2955 Anagnie,
1911 2913 1959 2944 vl
1985 2913 2065 2944 idus
2092 2913 2305 2950 novembris,

1295 2976 1387 2999 anno
1412 2967 1548 3009 quinto.
1575 2981 1587 2996 »

2414 3377 2468 3512 *3³⁵0-
2440 2997 2467 3369 1-oeusmu..m..
2448 2946 2465 2988 ιτ
