2477 3512
229 249 296 282 844

230 345 465 384 imperfectum,
508 344 700 374 mandamus
741 343 894 382 quatinus
935 342 976 371 ad
1018 340 1233 380 provisionem

230 399 375 437 ejusdem
420 398 614 427 auctoritate
664 399 773 425 nostra
813 395 966 434 procedas
1005 394 1098 432 juxta
1135 393 1234 432 ipsius

231 451 460 491 predecessoris
529 450 569 479 ad
636 452 666 478 te
740 447 974 478 continentiam
1042 447 1232 478 litterarum,

233 505 308 534 Dat.
330 504 466 542 Anagni,
488 503 568 532 VIII
591 502 653 532 kal.
675 501 825 535 octobris,
846 509 930 530 anno
952 499 1065 538 primo.
1083 511 1094 526 »

312 680 399 705 2765
708 678 842 711 Anagni,
857 678 874 703 3
891 677 1053 703 decembre
1072 675 1157 702 1259.

274 732 497 759 Monasterium
523 732 552 758 S.
578 732 694 758 Mariae
718 732 748 758 in
774 730 976 761 WunnentaL
991 727 1239 756 constantiensis

234 772 444 800 diocesis.sub
473 779 528 798 sua
556 772 750 806 protectione
790 770 931 803 suscipit,
968 769 1136 802 omniaque
1172 767 1239 801 ejus

232 812 672 883 pgivileygiacetgggssessiones
691 810 868 837 confirmat.
889 810 986 842 (Rae.
1006 809 1054 840 25,
1074 809 1095 834 f.
1117 808 1173 834 169
1191 810 1239 838 νῦ,

275 941 319 961 «..,
328 928 476 967 priorisse
489 928 668 958 monasterii
683 928 793 957 Sancte
806 926 913 956 Marie
927 926 959 955 in
975 924 1156 955 Winnental
1169 923 1240 961 (sic)

232 982 357 1020 ejusque
378 982 545 1016 sororibus,
569 983 631 1011 tam
654 980 848 1020 presentibus
879 988 970 1018 quam
1002 978 1128 1017 lutaris,
1153 985 1241 1015 requ-

233 1035 328 1064 larem
353 1036 446 1065 vitam
470 1034 618 1073 professis
643 1035 675 1064 in
700 1036 893 1072 perpetuum.
925 1032 1119 1069 Religiosam
1137 1030 1240 1059 vitam

234 1091 295 1118 etc.
330 1097 431 1127 usque
448 1098 454 1118 :
490 1090 630 1117 enervet.
673 1087 864 1125 Eapropter,
900 1086 1014 1115 dilecte
1048 1085 1079 1114 in
1115 1083 1241 1113 Christo

234 1140 310 1175 filie,
331 1141 446 1170 vestris
466 1141 562 1178 justis
582 1140 855 1179 postulationibus
877 1139 1049 1168 clementer
1069 1137 1241 1167 annuimus

233 1195 268 1224 et
290 1194 521 1224 monasterium
546 1194 662 1223 Sancte
685 1192 785 1222 Marie
808 1192 840 1222 in
864 1191 1060 1225 VunnentaL
1086 1190 1243 1220 Constan-

237 1247 345 1276 tiensis
369 1246 512 1281 diocesis,
536 1246 568 1275 in
593 1255 657 1285 quo
687 1245 763 1275 estis
794 1245 903 1275 divino
939 1244 1092 1283 obsequio
1122 1241 1243 1272 manci-

235 1300 391 1338 pate‚sub
399 1299 493 1329 Beati
503 1299 589 1329 Petri
607 1301 640 1328 et
657 1301 766 1328 nostra
784 1297 984 1337 protectione
1001 1296 1192 1335 suscipimus
1209 1297 1242 1325 et

234 1353 391 1392 presentis
410 1352 521 1391 scripti
538 1352 718 1391 patrocinio
737 1351 983 1381 communimus.

279 1419 290 1433 ‹
302 1406 337 1435 In
348 1406 458 1444 primis
467 1405 625 1445 siquidem
635 1407 816 1435 statuentes
823 1407 861 1434 ut
869 1404 946 1434 ordo
956 1403 1127 1433 canonicus
1142 1402 1241 1442 quod,

237 1459 414 1489 secundum
431 1459 536 1488 Deum
552 1461 585 1488 et
597 1458 692 1488 Beati
707 1458 880 1497 Augustini
896 1457 1038 1495 regulam
1058 1459 1158 1495 atque
1180 1456 1243 1485 ins—

238 1512 426 1542 titutionem
447 1511 585 1542 fratrum
600 1512 843 1541 Predicatorum
863 1511 895 1540 in
916 1511 1029 1540 eodem
1049 1509 1243 1539 monasterio

240 1565 408 1595 institutus
428 1574 495 1594 esse
515 1565 701 1599 dinoscitur,
722 1564 886 1603 perpetuis
905 1564 1024 1593 ibidem
1044 1563 1244 1601 temporibus

240 1618 468 1648 inviolabiliter
492 1618 690 1648 observetur.
716 1617 864 1647 Preterea
890 1625 1098 1656 quascunque
1122 1625 1245 1654 posses-

239 1671 343 1702 siones
360 1674 421 1701 etc.
440 1680 541 1710 usque
559 1681 565 1701 :
604 1672 824 1710 permaneant.
847 1670 881 1699 In
900 1670 1017 1709 quibus
1034 1670 1092 1699 hec
1109 1669 1244 1707 propriis

241 1725 392 1754 duximus
415 1724 623 1763 exprimenda
646 1723 812 1753 vocabulis
836 1733 843 1753 ε
867 1723 973 1753 locum
996 1722 1102 1761 ipsum
1125 1722 1157 1751 in
1181 1730 1245 1761 quo

243 1777 404 1816 prefatum
429 1778 661 1807 monasterium
678 1777 778 1806 situm
803 1779 852 1806 est
877 1785 950 1805 cum
975 1775 1125 1805 omnibus
1149 1775 1247 1814 perti-

214 1846 218 1851 ·
243 1831 358 1861 nentiis
376 1831 460 1866 suis;
479 1831 643 1860 ecclesiam
662 1830 701 1859 de
718 1830 902 1859 Ammotter
919 1837 993 1858 cum
1011 1828 1160 1858 omnibus
1177 1837 1248 1867 per-

245 1884 386 1913 tinentiis
408 1884 482 1918 suis,
506 1893 579 1913 cum
595 1884 706 1922 pratis,
723 1883 835 1917 vineis,
851 1882 1045 1916 nemoribus,
1060 1881 1200 1919 usuagiis
1214 1883 1248 1911 et

245 1937 369 1976 pascuis
386 1937 418 1966 in
436 1937 532 1966 bosco
549 1939 582 1966 et
596 1936 702 1975 plano,
717 1936 749 1966 in
767 1936 860 1975 aquis
877 1938 909 1965 et
926 1935 1128 1969 molendinis,
1142 1935 1173 1964 in
1187 1934 1248 1964 viis

247 1993 280 2019 <st
293 1990 416 2020 semitis
430 1992 462 2019 et
477 1990 625 2019 omnibus
639 1990 708 2019 aliis
722 1989 927 2019 libertatibus
941 1991 973 2018 et
987 1988 1249 2017 immunitatibus

245 2044 319 2073 suiS.
335 2043 416 2073 Sane
440 2043 604 2073 novalium
616 2045 797 2072 vestrorum
825 2044 886 2071 etc.
914 2051 1015 2080 usque
1037 2052 1043 2072 :
1072 2043 1248 2079 presumat.

248 2097 359 2126 Liceat
377 2105 504 2135 quoque
521 2096 614 2125 vobis
631 2104 784 2134 personas
813 2096 928 2124 liberas
945 2097 978 2124 et
1006 2094 1171 2124 absolutas
1188 2096 1249 2123 etc.

247 2159 345 2188 usque
356 2160 363 2179 :
378 2149 523 2178 retinere.
534 2149 744 2178 Prohibemus
753 2149 882 2187 insuper
894 2150 932 2177 ut
940 2148 1017 2177 nulli
1027 2157 1171 2177 sororum
1181 2156 1252 2177 ves-

248 2207 370 2232 *rarum
387 2205 448 2232 etc.
465 2211 567 2241 usque
583 2213 588 2231 :
606 2202 752 2231 retinere.
771 2201 850 2231 Cum
867 2203 977 2230 autem
993 2201 1138 2239 generale
1154 2201 1252 2230 inter-

248 2256 370 2285 dictum
389 2258 471 2285 terre
488 2255 585 2285 fuerit
602 2257 663 2284 etc.
682 2264 783 2293 usque
798 2265 804 2284 :
824 2254 1006 2283 interdicto.
1025 2253 1146 2283 Crisma
1164 2262 1250 2288 vero,

248 2309 352 2338 oleum
377 2311 526 2338 sanctum
551 2310 611 2337 etc.
637 2317 758 2346 usque:
785 2308 945 2337 exhibere.
972 2307 1182 2336 Prohibemus
1206 2307 1253 2336 in-

248 2370 342 2399 super
362 2364 423 2390 etc.
444 2370 567 2400 usque:
590 2362 821 2390 Romanorum.
842 2360 892 2389 Ad
914 2361 972 2389 hec
993 2369 1092 2389 novas
1113 2362 1145 2389 et
1165 2360 1253 2389 inde-

248 2415 333 2444 bitas
359 2414 541 2444 exactiones
567 2417 628 2443 etc.
655 2423 777 2452 usque:
805 2413 1021 2452 prohibemus
1050 2413 1254 2451 Sepulturam

251 2476 378 2506 quoque
408 2467 507 2505 ipsius
537 2467 596 2496 loci
626 2467 759 2496 liberam
789 2469 850 2495 etc.
881 2475 1003 2504 usque:
1035 2468 1255 2495 assumuntur.

253 2520 400 2549 bet-imas
422 2522 566 2558 preterea
588 2522 621 2548 et
642 2519 855 2558 possessiones
878 2522 938 2548 etc.
962 2528 1084 2557 usque:
1108 2518 1257 2548 facultas.

254 2574 401 2602 (ibt-unte
415 2581 490 2601 vero
505 2575 547 2606 te,
563 2582 647 2602 nunc
661 2573 805 2611 ejusdem
819 2572 878 2602 loci
893 2572 1041 2610 priorissa
1056 2574 1117 2601 etc.
1132 2580 1233 2610 usque
1250 2581 1256 2601 :

252 2626 444 2663 eligendum.
478 2625 552 2654 Paci
586 2635 713 2664 quoque
746 2628 779 2655 et
810 2625 1040 2663 tranquillitati
1061 2627 1167 2654 vestre
1196 2627 1259 2654 etc·

253 2688 373 2717 usque:
400 2687 554 2708 exercere.
579 2678 726 2708 Preterea
751 2687 860 2708 omnes
880 2678 1044 2707 libertates
1057 2680 1090 2707 et
1109 2678 1259 2707 immuni-

255 2735 336 2761 tates
359 2734 419 2761 etc.
444 2740 565 2770 usque:
591 2731 836 2761 communimus.
872 2731 1080 2760 Decernimus
1114 2738 1186 2768 ergo
1222 2733 1260 2760 ut

253 2785 330 2813 nulli
352 2785 483 2814 omnino
504 2784 671 2814 hominum
692 2787 753 2813 etc.
775 2793 896 2823 usque:
921 2784 1116 2813 auctoritate
1138 2786 1170 2812 et
1193 2784 1260 2813 dio-

271 2837 358 2866 esani
371 2838 511 2876 episcopi
524 2837 677 2867 canonica
690 2837 828 2875 justitia.
844 2837 941 2876 Siqua
956 2837 1053 2875 igitur
1066 2836 1098 2865 in
1113 2836 1260 2865 futurum

254 2890 466 2920 ecclesiastica
498 2890 687 2920 secularisve
718 2899 853 2928 persona
885 2892 945 2919 etc.
978 2899 1099 2928 usque:
1133 2889 1260 2918 ultioni.

254 2943 385 2972 Cunctis
402 2946 511 2972 autem
527 2943 630 2972 eidem
645 2943 714 2972 loco
731 2945 791 2972 etc.
809 2952 909 2982 usque
923 2953 930 2971 :
950 2942 1127 2971 inveniant.
1145 2942 1259 2975 Amen,

1313 2927 1316 2987 i

955 241 1213 275 tusuis'siffis
1229 238 1566 274 D’ALEXANDRE
1580 237 1629 272 IV

1341 339 1455 368 Amen.
1482 338 1558 368 Dat.
1589 337 1733 376 Anagnie
1764 346 1821 376 per
1859 346 1992 366 manum
2032 336 2176 375 magistri
2205 335 2352 369 Jordani‚

1342 393 1458 423 Sancte
1498 392 1643 421 Romane
1683 390 1822 420 Ecclesie
1861 389 1977 420 notarii
2016 391 2049 418 et
2087 387 2350 423 vicecancellarii.

1345 446 1394 475 III
1420 454 1519 475 nonas
1545 444 1731 478 decembris,
1756 443 1931 473 indictione
1959 442 2001 477 II,
2030 441 2263 472 lncarnationis
2290 441 2354 471 Do-

1344 499 1458 528 minice
1501 506 1587 527 anno
1616 497 1667 527 Μ0
1695 497 1740 526 L⁰
1775 496 1892 526 VIIII⁰
1926 496 1984 534 (1),
2033 495 2245 534 pontificatus
2277 503 2354 524 vero

1345 551 1465 582 domini
1491 550 1667 580 Alexandri
1693 558 1775 588 pape
1804 549 1870 578 IIII
1897 557 1982 578 anno
2008 548 2133 587 quinto.
2160 558 2172 575 ι»

1427 753 1515 779 2766
1793 752 1928 786 Anagni,
1945 751 1983 778 22
2000 751 2170 778 novembre
2188 750 2276 778 1259.

1390 805 1573 832 Provinciae
1591 805 1795 839 Maguntinae
1812 804 1960 839 praelatis
1978 804 2109 831 mandat
2127 806 2163 830 ut
2180 805 2290 830 contra
2305 810 2358 830 eos

1349 846 1403 879 qui
1427 846 1635 879 possessiones
1658 845 1707 872 vel
1732 852 1778 872 res
1802 846 1859 871 aut
1881 845 1952 878 jura
1975 843 2159 871 monasterii
2180 843 2216 870 B.
2241 843 2358 870 Mariae

1347 886 1379 911 in
1420 885 1623 916 Wunnental,
1653 884 1902 912 constantiensis
1931 884 2072 916 diocesis,
2100 882 2273 910 invaserint
2303 886 2358 910 aut

1348 925 1541 952 detinuerint
1567 927 1637 956 etc„
1676 925 1858 959 procedant.
1884 924 1982 957 (REG.
2009 923 2058 956 25,
2099 923 2120 949 f.
2148 923 2205 950 16³.)
2231 926 2278 953 νο,
2306 929 2358 949 an.

1352 964 1404 996 IV,
1433 972 1458 991 c.
1487 964 1569 998 321.)

1390 1079 1446 1103 «..,
1472 1067 1701 1107 archiepiscopo
1726 1067 1919 1106 Maquntino
1944 1069 1970 1097 et
1994 1067 2062 1106 ejus
2085 1066 2309 1105 suflraqaneis.
2333 1066 2360 1095 et

1347 1120 1466 1151 dilectis
1497 1120 1589 1159 siliis,
1622 1121 1798 1156 abbatibus,
1830 1120 2001 1159 prioribus,
2036 1120 2172 1154 decanis,
2205 1117 2361 1148 archidia-

1348 1174 1444 1209 conis,
1479 1174 1656 1213 prepositis,
1692 1173 1957 1212 archipresbiteris
1993 1174 2020 1203 et
2054 1172 2128 1202 aliis
2164 1171 2360 1202 ecclesiarum

1347 1226 1475 1269 prelatis
1504 1236 1559 1266 per
1588 1227 1815 1266 Mayuntinam
1845 1226 2040 1266 provinciam
2071 1225 2255 1255 constitutis.
2286 1224 2361 1254 Non

1349 1281 1471 1319 absque
1495 1280 1603 1310 dolore
1626 1280 1730 1310 cordis
1753 1282 1786 1310 et
1802 1280 1940 1318 plurima
1972 1279 2160 1308 turbatione
2191 1277 2362 1308 didicimus

1350 1334 1437 1373 quod
1448 1334 1493 1363 ita
1505 1334 1537 1363 in
1549 1333 1708 1372 plerisque
1723 1333 1870 1372 partibus
1881 1332 2095 1362 ecclesiastica
2108 1340 2240 1361 censura
2251 1330 2363 1361 dissol-

1348 1386 1438 1416 vitur
1468 1389 1501 1416 et
1531 1387 1682 1416 canonice
1713 1386 1873 1416 sententie
1905 1385 2062 1415 severitas
2110 1386 2293 1418 enervatur,
2324 1385 2363 1414 ut

1348 1440 1410 1469 viri
1435 1440 1570 1479 religiosi
1595 1442 1628 1469 et
1661 1440 1705 1469 hii
1731 1439 1871 1469 maxime
1899 1439 1954 1478 qui
1981 1447 2037 1477 per
2063 1438 2152 1468 Sedis
2177 1436 2362 1476 Apostolice

1350 1493 1515 1532 privilegia
1537 1493 1651 1531 majori
1672 1493 1785 1522 donati
1804 1494 1882 1522 sunt
1902 1492 2064 1525 libertate,
2086 1491 2206 1530 passim
2226 1499 2245 1520 a
2266 1489 2363 1520 male—

1350 1545 1528 1576 factoribus
1545 1546 1610 1576 suis
1627 1546 1760 1584 injurias
1777 1546 1986 1575 substineant
2002 1547 2036 1574 et
2052 1544 2192 1583 rapinas,
2211 1543 2289 1573 dum
2304 1543 2364 1573 vix

1350 1599 1515 1629 invenitur
1545 1599 1601 1638 qui
1631 1607 1771 1637 congrua
1802 1598 1862 1628 illis
1894 1597 2098 1637 protectione
2129 1596 2303 1627 subveniat
2332 1597 2368 1626 et

1352 1662 1409 1691 pro
1438 1652 1579 1682 fovenda
1608 1661 1788 1690 pauperum
1817 1651 2004 1681 innocentia
2036 1660 2070 1680 se
2098 1659 2229 1680 murum
2259 1648 2369 1680 deten-

1352 1706 1449 1735 sionis
1480 1708 1635 1744 opponat.
1667 1705 1854 1744 Specialiter
1884 1706 1995 1734 autem
2028 1703 2145 1733 dilecte
2175 1703 2208 1732 in
2240 1702 2368 1733 Christo

1351 1758 1450 1793 filie..‚
1477 1758 1627 1797 priorissa
1665 1761 1698 1787 et
1723 1767 1848 1788 sorores
1874 1757 2063 1787 monasterii
2089 1757 2186 1786 beate
2210 1755 2310 1786 Marie
2335 1755 2368 1785 in

1353 1812 1539 1846 Wunental,
1567 1811 1696 1841 iordinis
1732 1811 1843 1841 Sancti
1879 1810 2064 1849 Augustini,
2111 1808 2370 1840 Constantiensis

1354 1865 1498 1902 diocesis,
1531 1865 1708 1894 secundum
1753 1864 1904 1894 instituta
1935 1863 2074 1893 fratrum
2123 1862 2369 1892 Predicatorum

1353 1919 1513 1955 viventes,
1543 1920 1612 1948 tam
1640 1918 1679 1948 de
1708 1917 1933 1956 frequentibus
1960 1916 2088 1955 inJuriis
2115 1924 2213 1955 quam
2237 1915 2277 1945 de
2300 1914 2370 1954 ipso

1354 1971 1517 2001 cotidiano
1541 1970 1668 2000 defectu
1691 1970 1817 2009 justitie
1841 1971 2089 2009 conquerentes,
2122 1968 2368 1998 universitatem

1354 2027 1497 2054 vestram
1546 2024 1662 2053 litteris
1710 2024 1873 2062 petierunt
1917 2022 2102 2061 apostolicis
2153 2020 2290 2052 excitari
2330 2030 2351 2050 u

1356 2078 1402 2107 ita
1429 2077 1579 2106 videlicet
1606 2077 1650 2106 eis
1677 2077 1710 2106 in
1740 2076 2006 2106 tribulationibus
2037 2075 2103 2105 suis
2134 2077 2247 2105 contra
2274 2073 2356 2104 male

1356 2130 1494 2161 factores
1540 2139 1650 2160 eorum
1697 2132 1849 2168 prompta
1895 2129 2053 2158 deberetis
2101 2127 2372 2166 magnanimitate

1358 2191 1556 2222 consurgere,
1581 2183 1668 2222 quod
1691 2183 1733 2212 ab
1756 2182 1913 2221 angustiis
1937 2191 2018 2221 quas
2041 2181 2204 2211 sustinent
2227 2182 2260 2210 et
2282 2188 2370 2219 pres·

1357 2237 1438 2267 suris
1456 2239 1564 2266 vestro
1583 2236 1708 2274 possint
1726 2235 1863 2274 presidio
1882 2235 2048 2273 respirare.
2071 2234 2211 2272 Ideoque
2238 2233 2368 2263 univer—

1357 2291 1448 2321 sitati
1472 2292 1577 2319 vestre
1602 2298 1658 2328 per
1688 2288 1865 2327 apostolica
1889 2288 2009 2326 scripta
2042 2287 2236 2317 mandamus
2270 2287 2373 2325 atque

1360 2343 1552 2383 precipimus
1576 2342 1729 2381 quatinus
1752 2342 1820 2371 illos
1845 2341 1899 2380 qui
1922 2341 2137 2380 possessiones
2169 2339 2219 2369 vel
2243 2347 2292 2369 res
2315 2347 2373 2368 seu

1361 2398 1473 2427 domos
1509 2396 1726 2434 predictarum
1762 2403 1906 2424 sororum
1942 2394 2152 2423 irreverenter
2176 2391 2368 2429 invaserint,

1361 2452 1420 2480 aut
1445 2449 1564 2487 injuste
1591 2448 1788 2478 detinuerint
1813 2456 1848 2477 ea
1876 2456 1938 2486 que
1964 2446 2116 2485 predictis
2141 2445 2304 2475 sororibus
2329 2452 2371 2474 ex

1362 2504 1559 2533 testamento
1597 2501 1822 2530 decedentium
1858 2500 2096 2539 relinquuntur,
2136 2507 2191 2528 seu
2221 2498 2255 2528 in
2285 2497 2374 2536 ipsas

1363 2565 1485 2586 sorores
1512 2555 1563 2584 vel
1590 2555 1732 2593 ipsarum
1759 2554 1902 2592 aliquam
1929 2555 2041 2582 contra
2071 2552 2160 2582 Sedis
2187 2549 2373 2590 Apostolice

1364 2609 1489 2638 indulta
1520 2607 1715 2637 sententiam
1745 2605 2088 2636 excommunicationis
2119 2607 2178 2634 aut
2207 2602 2375 2633 interdicti

1366 2661 1618 2701 presumpserint
1641 2660 1852 2698 promulgare,
1876 2659 1926 2688 vel
1950 2658 2090 2688 decimas
2111 2658 2150 2687 de
2169 2655 2376 2686 nutrimentis

1366 2714 1553 2745 animalium
1571 2722 1713 2748 suorum,
1729 2713 1844 2751 spretis
1868 2712 2053 2750 Apostolice
2078 2710 2167 2740 Sedis
2190 2708 2374 2749 privilegiis,

1366 2770 1567 2806 extorquere,
1598 2766 1775 2796 monitione
1804 2765 1968 2804 premissa,
1999 2764 2027 2794 si
2056 2763 2129 2793 laici
2157 2762 2288 2796 suerint,
2316 2770 2376 2800 pu-

1367 2821 1458 2855 blice,
1484 2819 1623 2849 candelis
1648 2819 1799 2855 accensis,
1832 2817 1947 2856 singuli
1971 2820 2116 2847 vestrum
2140 2816 2172 2845 in
2197 2814 2377 2846 diocesihus

1407 2950 1428 2971 1.
1451 2948 1510 2971 Sic.
1535 2947 1556 2970 ll
1576 2947 1637 2970 taut
1659 2947 1725 2970 lire:
1747 2943 1943 2970 MCCLVIIII.
