2477 3512
955 304 1184 344 TRoisOEME
1209 303 1353 342 ANNEE

219 386 321 414 2245
351 380 356 386 '
686 382 813 415 vuemo,
828 384 855 408 {1
872 381 971 415 juillet
983 382 1058 407 1257.

194 466 340 498 Remensi,
355 461 530 497 Senonensi,
550 463 775 498 Rothomagensi
791 465 819 488 et
834 461 1002 487 Treverensi
1017 459 1131 486 archie-

149 513 281 547 piscopis
303 516 331 539 et
348 514 478 547 ipsorum
499 511 693 546 suffraganeis
712 518 745 536 ac
765 508 900 543 capitulis
914 511 942 534 et
957 506 1133 533 officialibus

147 561 325 587 eorumdem
343 560 479 594 injungit,
497 563 528 585 ut
543 559 663 585 nuntios
676 557 790 583 abbatis
805 559 834 581 et
849 558 1010 582 conventus
1021 561 1134 580 monas-
1157 571 1159 580 .

149 609 213 634 terii
230 608 256 634 S.
286 608 415 634 Nieliasii
444 607 608 638 Remensis,
634 606 719 639 juxta
738 604 898 638 apostolica
918 602 1065 631 mandata,
1082 609 1134 635 pro

150 656 261 682 fabrica
287 656 357 682 dicti
374 654 543 681 monasterii
563 654 591 679 in
608 652 742 679 eeclesiis
762 651 933 677 eorumdem
954 648 1133 675 dioecesium

149 703 330 729 elemosinas
355 706 452 736 petere
468 701 649 735 permittant.
669 701 745 733 (Bao.
758 700 801 729 25,
818 707 842 725 a.
863 699 907 729 lll,
923 706 947 723 c.
965 699 1026 725 652,
1043 696 1061 722 f.
1079 697 1134 729 85.)
1159 725 1161 735 ¹

195 806 210 820 «
241 817 260 822 ..
296 789 488 825 Remensi‚..
524 787 750 825 Senonensz',..
785 785 1044 828 Roclzomayensi
1075 790 1132 815 ec..

156 846 342 879 Trecerensi
359 844 617 886 archiepiscopis
638 850 669 874 et
687 843 836 886 ipsoram
855 840 1082 885 suffrayaneis
1097 850 1136 871 ac

151 902 313 946 capilulis
333 908 363 933 el
384 899 590 943 officialibus
610 898 815 931 eorumdem.
841 900 981 929 Gravem
1002 899 1136 930 dilecto-

150 970 220 991 rum
241 959 406 989 filiorum..
429 957 555 987 abbatis
571 957 604 986 et
621 957 801 986 conventus
822 956 1011 986 monasterii
1027 955 1136 986 Sancti

153 1015 297 1046 Nichasii
319 1013 491 1044 Remensis
511 1012 675 1053 querelam
698 1013 880 1053 recepimus
901 1013 1134 1050 continentem,

150 1071 244 1111 quod,
280 1080 352 1101 cum
379 1080 435 1111 pro
460 1068 664 1109 requirendis
685 1071 718 1099 et
742 1069 889 1110 petendis
915 1069 1038 1099 fabrice
1059 1068 1138 1099 dicti

124 1129 128 1131 ’
152 1127 338 1158 monasterii
352 1126 654 1167 elemosinis,juxta
674 1125 907 1166 indulgentiam
930 1126 976 1156 eis
995 1126 1034 1155 al»
1054 1126 1138 1166 Apo-

150 1183 268 1214 stolica
295 1182 379 1214 Sede
393 1192 596 1220 concessam,
612 1192 721 1212 eorum
746 1182 849 1212 nuntii
868 1182 908 1213 ad
928 1182 1137 1221 quorumdam

151 1241 216 1270 tam
237 1239 437 1280 regularium
458 1249 552 1278 quam
574 1238 767 1269 secularium
784 1238 941 1269 ecclesias
956 1240 1137 1269 vestrarum
1163 1239 1164 1255 ³

149 1296 320 1326 civitatum
336 1299 368 1326 et
382 1295 555 1325 diocesiun'i
568 1294 740 1333 accedunt,
752 1295 811 1335 ipsi
826 1306 881 1325 eos
899 1295 995 1335 juxta
1008 1295 1140 1325 manda-
1164 1279 1165 1289 l

151 1354 220 1383 tum
233 1351 443 1393 apostolicum
451 1353 667 1392 aspernantur
674 1352 831 1392 recipere,
842 1351 998 1390 sed,quod
1010 1351 1140 1391 gravius
1165 1371 1166 1374 =

151 1411 216 1446 est,
239 1408 278 1439 ab
304 1409 384 1449 ipsis
400 1407 549 1439 ecclesiis
575 1407 707 1438 eosdem
729 1408 856 1438 nuntios
880 1408 987 1438 eicere
1004 1418 1064 1438 non
1084 1418 1140 1438 ve-
1166 1430 1167 1439 1

152 1467 276 1499 rentur,
294 1475 364 1495 cum
385 1463 545 1495 deberent
559 1474 613 1495 eos
633 1463 772 1503 benigne
793 1474 829 1494 ac
850 1464 1011 1505 patienter
1031 1463 1141 1495 audire
1166 1446 1167 1502 J

152 1524 185 1553 et
206 1522 437 1562 parrochianos
463 1532 500 1551 ac
523 1521 602 1551 alios
624 1520 770 1551 homines
796 1520 835 1551 ad
855 1520 1072 1551 conferendas
1096 1520 1143 1551 fa·
1166 1508 1168 1534 3

153 1578 244 1609 brice
268 1578 387 1619 prefati
418 1577 607 1608 monasterii
636 1577 829 1608 elemosinas
846 1577 1002 1608 attentius
1028 1587 1143 1607 secun-
1167 1584 1169 1615 1

152 1634 225 1665 dum
266 1634 450 1665 litterarum
481 1636 665 1664 nostrarum
696 1633 927 1664 continentiam
961 1633 1142 1664 exhortari.
1168 1643 1170 1672 1

152 1690 292 1727 Quidam
309 1700 432 1730 quoque
453 1690 492 1721 de
520 1689 674 1731 predictis
695 1689 853 1730 quandam
874 1692 1001 1730 partem
1021 1690 1144 1721 0101110-

1170 1725 1172 1764 1

151 1747 200 1778 sin
210 1757 313 1785 arum,
335 1757 395 1787 que
417 1746 457 1777 ad
480 1746 599 1777 dictam
620 1746 778 1777 fabricam
798 1747 850 1787 pia
870 1746 1040 1777 devotione
1066 1746 1145 1777 flde-
1170 1768 1172 1777 1

153 1804 234 1834 lium
273 1805 463 1843 erogantur,
484 1803 622 1843 exigunt
653 1802 857 1843 impudenter
884 1804 929 1841 et,
960 1806 994 1833 ut
1023 1803 1148 1844 possint

157 1862 356 1899 extorquere
377 1859 460 1900 qnod
486 1862 637 1899 querunt,
656 1858 778 1889 fabrice
797 1859 972 1890 subsidium
993 1859 1149 1901 impedire

155 1926 211 1957 pro
240 1926 298 1946 sue
326 1915 502 1946 voluntatis
522 1915 656 1946 arbitrio
684 1925 745 1945 non
775 1915 959 1946 formidant.
991 1916 1150 1951 Quocirca

155 1972 363 2003 universitati
380 1975 490 2003 vestre
516 1982 573 2013 per
602 1972 780 2012 apostolica
807 1973 928 2013 scripta
945 1972 1150 2013 precipiendo

155 2028 362 2063 mandamus,
377 2029 526 2069 quatinus
546 2029 681 2069 prefatis
702 2028 905 2069 regularibus
926 2030 958 2060 et
970 2029 1040 2059 aliis
1061 2029 1151 2059 vobis
1174 2027 1176 2055 ἑ

155 2085 299 2116 subditis
325 2084 383 2116 sub
406 2085 622 2122 districtione,
637 2096 699 2125 qua
714 2086 878 2122 convenit,
898 2085 1088 2126 injungatis,
1118 2088 1151 2116 ut

156 2141 325 2182 predictos
340 2142 467 2172 nuntios
486 2142 516 2172 in
531 2141 680 2172 ecclesiis
700 2133 810 2172 suisad
820 2152 898 2183 opus
917 2141 1004 2173 dicte
1025 2142 1149 2173 fabrice

155 2197 354 2228 elemosinas
370 2198 602 2239 petere,juxta
622 2198 704 2238 quod
726 2199 772 2229 eis
786 2199 972 2239 Apostolica
986 2198 1087 2229 Sedes
1102 2199 1149 2229 in-

155 2253 265 2292 dulsit,
280 2264 318 2284 ac
339 2254 463 2295 populis
477 2258 659 2285 nostrarum
671 2265 835 2296 exponere
847 2255 1078 2286 continentiam
1099 2255 1148 2285 lit-

158 2313 299 2341 terarum
335 2310 403 2341 sine
431 2310 575 2350 qualibet
604 2311 861 2342 contradictione
889 2312 1090 2352 permittant,
1114 2314 1147 2342 et

157 2366 236 2397 side
256 2366 396 2407 ipsorum
425 2367 579 2407 aliquibus
602 2367 641 2398 ad
666 2367 863 2399 audientiam
886 2370 1029 2399 vestram
1053 2378 1148 2409 super

158 2422 217 2453 hoc
235 2424 368 2463 quercla
380 2424 578 2464 pervenerit,
595 2424 622 2454 in
636 2427 900 2465 transgressores
911 2425 1007 2466 juxta
1018 2425 1145 2455 modum

157 2479 250 2520 culpe
270 2480 381 2510 taliter
402 2479 586 2519 vindicetis,
602 2481 685 2520 quod
701 2491 756 2511 eos
777 2492 833 2512 sue
844 2482 1040 2512 temeritatis
1057 2481 1146 2522 peni—

158 2537 226 2566 teat
243 2538 276 2567 et
300 2536 418 2576 prefati
432 2536 529 2567 abbas
546 2538 580 2567 et
595 2539 775 2568 conventus
797 2548 853 2578 pro
874 2538 1004 2568 defectu
1018 2538 1146 2579 justitie

159 2602 219 2623 non
230 2594 395 2633 cogantur
406 2592 444 2623 ad
461 2596 602 2623 nostram
624 2594 820 2634 presentiam
837 2594 970 2625 ulterius
982 2594 1143 2633 laborare,

160 2652 346 2689 preceptum
388 2651 531 2679 nostrum
574 2649 684 2681 taliter
717 2650 890 2691 impleturi,
917 2650 999 2691 quod
1036 2655 1147 2682 vestra

159 2704 279 2736 exinde
310 2705 412 2745 possit
434 2704 563 2736 devotio
588 2706 816 2737 commendari.
854 2707 968 2737 Datum
996 2707 1143 2745 Viterbii,

162 2761 187 2791 V
206 2760 275 2792 idus
290 2761 374 2802 julii,
394 2771 476 2792 anno
497 2762 604 2792 tertio.
631 2776 644 2789 »

232 2892 332 2919 ²246
732 2894 857 2926 Viterbe,
873 2894 979 2928 27juin
997 2895 1072 2920 1257.

197 2973 308 3000 Eisdem
324 2975 452 3007 mandat,
464 2975 848 3009 (1111110111151110115311113ῐίοῑ
862 2975 1018 3002 conventui
1032 2983 1146 3001 monas-

2102 303 2162 334 691

1182 379 1245 405 terii
1264 381 1334 404 sunt
1349 378 1378 403 in
1397 378 1572 403 testamento
1593 375 1687 409 legata
1704 382 1756 400 seu
1775 373 1832 399 alio
1853 371 1939 398 modo
1962 372 2081 403 donata,
2101 370 2166 396 sine

1186 426 1330 452 malitiosa
1356 425 1493 451 dilatione
1517 427 1545 449 et
1567 423 1677 457 absque
1694 421 1888 448 diminutione
1909 418 2034 453 persolvi
2048 417 2164 444 faciant.

1184 474 1358 507 (ΒΕ11.25,3.
1377 473 1423 503 111,
1441 470 1570 503 0.653,1.
1586 472 1640 502 80.)

1232 578 1245 590 «ι
1279 561 1422 593 Eisdem.
1446 561 1584 592 Gravem
1607 562 1671 590 etc.
1703 559 1786 589 utin
1812 558 1887 593 alia,
1920 566 2019 596 usque
2046 564 2052 586 :
2086 553 2168 594 quod

1188 619 1358 659 contingit.
1375 617 1549 653 Interdum,
1562 616 1643 656 quod
1659 616 1684 645 si
1701 614 1825 654 quando
1835 614 1907 644 laici
1925 612 2042 643 subditi
2054 610 2168 647 vestri,

1188 675 1275 706 dicto
1293 674 1489 705 monasterio
1502 673 1553 703 vel
1572 672 1672 714 ipsius
1692 671 1814 701 fabrice
1835 670 1873 700 de
1892 669 1989 714 rebus
2006 668 2071 698 suis
2085 667 2171 707 quic-

1188 742 1281 772 quam
1299 731 1335 761 in⁴
1350 731 1548 760 testamento
1564 728 1617 759 vel
1632 728 1693 758 alio
1709 726 1801 757 modo
1818 725 2015 766 relinquunt,
2034 722 2172 754 heredes

1188 798 1297 819 eorum
1325 786 1376 817 vel
1405 786 1461 821 illi,
1484 786 1535 825 qui
1555 795 1607 815 res
1634 784 1719 825 ipsas
1744 792 1843 823 penes
1864 792 1898 811 se
1914 781 2047 817 habent,
2068 780 2171 820 ipsum

1187 844 1333 884 legatum
1354 843 1400 872 eis
1421 841 1546 872 solvere
1566 838 1793 870 contradicunt
1807 837 2023 867 inanimarum
2044 844 2173 865 suarum

1188 900 1379 942 perieulum,
1403 897 1668 938 impedimentum
1687 895 1727 936 pii
1755 894 1906 925 desiderii
1928 894 2121 923 testatorum
2141 893 2173 921 et

1187 958 1329 998 ipsorum
1357 954 1543 985 monasterii
1566 954 1600 983 et
1626 951 1749 982 fabrice
1769 949 1979 991 prejudicium
2004 949 2036 978 et
2057 957 2175 987 grava—

1192 1023 1277 1050 men,
1301 1021 1397 1052 super
1426 1020 1486 1051 quo
1512 1008 1723 1050 apostolicum
1743 1007 1802 1037 fuit
1823 1004 1998 1036 remedium
2024 1003 2175 1044 implora-

1191 1074 1269 1101 tum.
1311 1068 1470 1104 Quocirca
1501 1065 1705 1096 universitati
1749 1064 1857 1093 vestre
1905 1071 1963 1101 per
2000 1060 2177 1101 apostolica

1189 1127 1308 1166 scripta
1332 1122 1536 1165 precipiendo
1566 1121 1766 1157 mandanms,
1791 1118 1954 1159 quatinus.
1994 1117 2020 1147 si
2053 1115 2178 1156 quando

1190 1182 1326 1224 predicti
1346 1181 1444 1212 abbas
1460 1182 1493 1210 et
1509 1180 1686 1209 conventus
1706 1176 1824 1207 exinde
1845 1174 1928 1215 apud
1945 1183 2000 1204 vos
2020 1173 2179 1212 querimo-

1193 1240 1274 1270 niam
1303 1236 1524 1278 deposuerint,
1540 1235 1623 1270 illos,
1648 1244 1725 1274 quos
1742 1232 1834 1263 vobis
1853 1229 2131 1264 denunciaverint,
2154 1228 2179 1258 si

1192 1295 1282 1326 vobis
1309 1295 1354 1324 ita
1374 1303 1445 1324 esse
1467 1291 1663 1327 constiterit,
1690 1288 1848 1319 moneatis
1873 1286 2029 1317 attentius
2057 1286 2090 1315 et
2118 1284 2180 1314 ‹lis-

1194 1352 1345 1382 trictione
1380 1359 1440 1389 qua
1470 1347 1623 1379 convenit
1646 1346 1742 1387 juxta
1777 1344 1872 1375 officii
1902 1342 2004 1373 vestri
2039 1341 2180 1371 debitum

1193 1406 1406 1448 compellatis,
1432 1407 1466 1436 ut
1486 1415 1535 1442 ea,
1558 1413 1619 1443 que
1640 1402 1761 1433 fabrice
1781 1400 1919 1442 predicti
1943 1397 2129 1429 monasterii
2149 1397 2183 1426 et

1193 1464 1254 1505 ipsi
1281 1462 1479 1493 monasterio
1502 1462 1576 1491 sunt
1604 1460 1633 1490 in
1666 1460 1863 1489 testamento
1892 1455 2002 1496 legata
2035 1464 2091 1484 seu
2120 1452 2181 1483 alio

1194 1519 1287 1551 1110110
1308 1519 1438 1552 donata,
1462 1517 1531 1547 sine
1549 1515 1709 1546 malitiosa
1724 1513 1878 1544 dilatione
1899 1514 1932 1542 et
1953 1511 2073 1550 absque
2086 1509 2182 1539 dimi-

1194 1576 1326 1607 nutione
1347 1573 1544 1615 persolvant.
1564 1572 1679 1602 Datum
1701 1569 1854 1605 Viterbii,
1876 1569 1905 1598 V
1924 1566 2079 1597 kalendas
2095 1564 2180 1606 julii,

1195 1642 1278 1663 anno
1299 1631 1406 1662 tertio.
1434 1644 1446 1657 υ

1268 1790 1367 1817 2247
1742 1784 1911 1811 Viterbedii
1924 1781 2021 1815 juillet
2036 1781 2111 1805 1257.

1236 1880 1352 1907 Eisdem
1367 1878 1497 1909 mandat,
1511 1881 1656 1914 quatenu-s
1668 1876 1813 1903 universis
1825 1872 2004 1909 presbyteris
2013 1869 2185 1896 eorumdem

1173 1926 1175 1974 j
1199 1926 1399 1961 jurisdictioni
1409 1925 1550 1959 subjectis
1563 1925 1727 1959 injungant,
1738 1926 1768 1948 ut
1778 1923 1805 1948 iu
1818 1929 1919 1947 eorum
1929 1917 2186 1945 ecclesiiseosdem

1174 1988 1175 2005 1
1204 1976 1324 2002 nuntios
1339 1974 1454 2001 abbatis
1470 1977 1498 1999 et
1514 1976 1675 1999 conventus
1690 1969 1860 1996 monasterii
1877 1969 1903 1994 S.
1922 1965 2047 1993 Nicliasii
2065 1966 2187 1991 Remen—

1204 2024 1244 2049 sis
1260 2023 1296 2049 ad
1317 2022 1503 2055 elemosynas
1524 2018 1716 2053 postulandas
1735 2017 1903 2043 admittant.
1926 2015 2002 2043 [luzo.
2030 2014 2072 2044 25,
2097 2019 2122 2037 a.
2141 2011 2187 2040 111,

1173 2061 1175 2098 1
1204 2072 1303 2101 111111,
1321 2070 1339 2096 s.
1360 2069 1414 2100 85.)

1173 2106 1174 2121 l

1249 2184 1262 2196 ι(
1291 2167 1439 2199 Eisdem.
1465 2168 1607 2198 Utravem
1628 2170 1705 2200 etc.,
1728 2163 1810 2193 utin
1841 2161 1914 2197 alia,
1930 2155 2038 2199 *usque
2057 2168 2062 2188 2
2088 2156 2182 2197 quod,

1200 2227 1276 2256 licet
1305 2225 1395 2255 vobis
1420 2223 1539 2255 nostris
1560 2221 1744 2252 dederimus
1759 2219 1877 2249 litteris
1902 2218 1932 2247 in
1954 2214 2129 2257 111-00011113,
2153 2215 2186 2243 ut

1200 2282 1356 2313 universis
1383 2280 1573 2322 presbiteris
1596 2280 1705 2309 vestre
1721 2274 1940 2318 jurisdictioni
1962 2271 2117 2313 subjectis
2140 2270 2185 2300 in-

1193 2338 1380 2379 jungeretis
1399 2337 1559 2373 dis-triete,
1575 2335 1655 2376 (111011
1669 2334 1795 2365 nuntios
1816 2331 1939 2363 fabrice
1960 2328 2037 2359 dicti
2055 2336 2184 2358 monas-

1201 2395 1271 2425 terii
1288 2395 1318 2424 in
1344 2394 1410 2425 suis
1435 2393 1583 2423 ecclesiis
1605 2391 1643 2422 ad
1663 2401 1741 2432 opus
1762 2389 1862 2430 ipsius
1894 2386 2015 2417 fabrice
2033 2383 2184 2414 elemosi-

1198 2462 1255 2482 nas
1277 2460 1426 2491 querere,
1445 2450 1543 2491 juxta
1574 2447 1654 2489 quod
1675 2446 1796 2477 eisdem
1819 2443 1926 2475 abbati
1953 2444 1987 2473 et
2010 2438 2183 2471 conventui

1198 2507 1384 2548 Apostolica
1402 2506 1502 2537 Sedes
1518 2504 1661 2536 indulsit,
1676 2504 1744 2533 sine
1766 2498 2021 2531 contradictione
2042 2495 2184 2535 qualibet

1199 2566 1402 2605 paterentur,
1417 2573 1474 2593 vos
1487 2564 1606 2597 tamen,
1621 2570 1691 2590 cum
1704 2558 1840 2598 aliquam
1856 2554 2030 2586 ecclesiam
2048 2552 2087 2582 de
2100 2561 2182 2581 novo

1198 2619 1361 2651 construi¹
1390 2620 1498 2649 facere
1524 2628 1581 2647 vos
1602 2615 1762 2655 contingit
1782 2617 1838 2644 aut
1856 2615 2002 2642 veterem
2022 2607 2180 2649 reparari,

1198 2688 1263 2708 non
1290 2677 1390 2707 solum
1413 2678 1556 2706 nostrum
1589 2674 1619 2703 in
1647 2673 1707 2703 hac
1732 2673 1823 2712 parto
1846 2667 2023 2708 adimplere
2048 2674 2181 2706 precep—

1198 2737 1263 2765 tum
1282 2733 1444 2769 omittitis,
1465 2740 1575 2762 verum
1592 2730 1688 2760 etiam
1707 2726 1829 2758 eisdem
1847 2723 2048 2766 presbiteris,
2062 2731 2100 2751 ne
2116 2720 2181 2750 ‹lic-

1198 2793 1247 2821 tos
1283 2790 1425 2826 nuntios,
1456 2788 1559 2819 donec
1588 2785 1803 2827 predictarum
1831 2781 2042 2812 ecclesiarum
2070 2778 2181 2807 vestra

1197 2848 1314 2887 questa
1335 2845 1544 2881 sactafucrit,
1558 2844 1587 2873 in
1603 2842 1669 2872 suis
1690 2840 1863 2871 admittant
1884 2835 2032 2868 ecclesiis
2052 2834 2090 2864 ad
2108 2842 2180 2874 pre—

1197 2904 1296 2939 dicta,
1332 2902 1513 2933 districtius
1538 2898 1701 2935 inhibetis,
1730 2897 1759 2926 in
1787 2893 1998 2936 prejudicium
2020 2891 2178 2921 dictorum

1229 3025 1247 3045 1.
1263 3022 1310 3045 Ms.
1329 3022 1507 3045 :construere

159 3020 225 3047 terii
243 3022 269 3047 S.
282 3021 407 3048 Nicliasii
424 3023 579 3049 [lemensis
595 3022 681 3052 bona,
700 3031 775 3056 quae
792 3022 919 3049 fabricae
940 3023 1008 3049 dicti
1026 3031 1145 3049 monas-
