2477 3512
181 238 224 271 98
882 232 1151 265 REGISTRES
1177 230 1529 264 D'ALEXANDRE
1559 232 1607 264 IV

184 341 472 383 dispensandum.
501 340 615 379 Quare
628 349 689 382 pro
703 342 801 381 parte
821 342 880 370 tua
896 338 1078 370 humiliter
1094 340 1188 379 pete-

184 395 289 425 batur
309 404 327 425 a
350 393 450 424 nobis
472 396 510 424 ut
531 394 572 424 de
593 392 771 434 amplioris
792 390 1064 432 dispensationis
1086 390 1188 422 bene-

182 446 261 478 ficio
283 447 345 478 tibi
366 446 548 487 providere
567 447 608 477 de
628 445 846 485 benignitate
864 444 966 475 solita
985 453 1188 475 curaremus

185 500 337 531 maxime
366 508 446 530 cum
477 502 524 534 tu,
556 508 615 539 per
644 497 707 529 Dei
735 497 897 537 gratiam,
928 496 960 527 in
993 496 1187 536 theologica

182 552 353 584 facultate
385 552 546 592 adeptus,
581 551 747 581 honorem
779 549 944 581 cathedre
977 548 1189 589 ungistralis

181 605 316 636 fluenta
342 604 484 636 scientie
512 604 647 635 derives
673 604 716 634 ad
743 602 828 633 alios
855 605 889 633 et
916 612 983 637 eos,
1012 604 1187 642 quantum

182 658 245 689 tibi
269 666 313 688 ex
335 656 406 688 alto
430 656 645 692 conceditur,
671 656 815 687 studeas
838 655 981 686 reddere
1004 653 1187 695 gratiosos.

183 710 255 741 Nos
282 710 401 751 itaque
426 709 497 740 tuis
523 710 668 750 propter
693 708 756 740 hoc
783 706 1103 749 supplicationibus
1129 716 1190 737 an-

184 765 342 797 nuentes,
380 765 429 798 ut,
468 762 625 803 predicto
661 771 729 792 non
765 761 930 792 obstante
967 760 1118 795 defectu,
1155 759 1189 790 in

183 815 329 858 prefatis
358 814 412 846 vel
443 815 712 856 quibuscunque
741 813 816 845 aliis
845 813 996 845 ecclesiis
1026 822 1189 853 persona-

182 872 259 901 tum
287 868 340 899 vel
369 868 579 908 dignitatem
606 866 889 902 ecclesiasticam,
918 876 997 897 cum
1025 875 1107 896 cura
1134 865 1188 896 vel

183 923 255 954 sine
287 930 380 957 cura,
412 921 520 952 etiam
551 921 577 951 si
608 920 815 961 episcopalis
846 919 961 955 fuerit,
995 918 1188 950 dummodo

182 975 267 1007 alias
299 975 342 1005 ad
374 983 452 1005 eam
483 973 649 1005 canonice
681 973 845 1007 evoceris,
879 972 1037 1003 obtinere
1068 971 1188 1002 valeas

181 1028 245 1060 tibi
263 1027 477 1059 auctoritate
495 1026 710 1068 presentium
727 1026 768 1057 de
785 1024 925 1066 speciali
942 1025 1056 1065 gratia
1073 1024 1187 1055 indul-

179 1089 311 1121 gemus.
330 1079 425 1110 Nulli
443 1082 559 1110 nostre
578 1078 810 1110 concessionis
827 1081 893 1109 etc.
915 1077 996 1109 Dat.
1016 1077 1185 1117 Anagnie,

179 1132 210 1166 V
229 1133 297 1165 kal.
321 1132 497 1169 februarii,
520 1142 612 1163 anno
634 1134 746 1162 sexto.
770 1144 781 1159 u

260 1257 348 1282 3052
656 1254 789 1288 Anagni‚
815 1254 851 1281 13
873 1254 997 1288 Janvier
1019 1254 1106 1281 1260.

221 1310 421 1343 privilegium
450 1308 559 1335 abbati
589 1309 620 1334 et
649 1307 820 1334 conventui
850 1307 977 1341 Majoris
1007 1307 1189 1334 Monasterii
1240 1313 1241 1319 ¹

178 1354 366 1382 Turonensis
389 1353 446 1380 sub
470 1352 669 1386 praecedenti
692 1359 759 1385 cap.
785 1352 801 1377 5
825 1352 874 1385 (11ο
897 1352 988 1384 3042)
1012 1352 1135 1383 datum,
1158 1352 1189 1378 in

177 1399 271 1426 modo
288 1400 395 1425 tamen
412 1397 570 1423 differenti
587 1396 740 1422 concedit.
759 1396 855 1429 (Rea.
874 1396 922 1428 25,
941 1397 960 1423 f.
979 1396 1048 1428 238,
1066 1403 1115 1423 an.
1134 1396 1189 1428 VI,

179 1451 204 1470 c.
232 1443 290 1474 15;
317 1442 489 1468 Porriitxsr
516 1441 637 1473 17756.)

226 1546 235 1559 «
259 1557 278 1563 ..
300 1531 415 1562 abbati
436 1534 463 1562 el
483 1531 659 1562 conventui
682 1531 832 1572 stlojoris
853 1530 1059 1561 illonnslaerii
1083 1529 1188 1561 Turo-

184 1585 310 1621 nensis,
354 1584 484 1616 ordinis
528 1584 644 1615 Sancti
687 1584 870 1620 Benedicti,
914 1584 957 1615 acl
999 1583 1188 1615 Romanam

184 1637 369 1669 Ecclesiam
392 1637 485 1669 nullo
507 1637 675 1668 mediani<-
697 1637 908 1678 perlinenlis,
932 1636 1045 1668 ,Iustis
1069 1639 1189 1677 peten—

182 1691 272 1723 tium
309 1690 488 1722 dcsideriis
524 1693 590 1721 etc.
630 1699 738 1731 usque
775 1690 960 1731 complere.
999 1689 1054 1720 Ex
1090 1692 1189 1730 parte

180 1744 353 1785 siquidem
395 1746 512 1774 vestra
552 1743 619 1774 fuit
659 1743 879 1784 propositum
933 1752 1050 1774 coram
1091 1742 1191 1773 nobis

182 1798 276 1839 quod
301 1796 392 1827 inter
416 1806 488 1833 vos,
514 1805 557 1827 cx
582 1799 680 1837 purte
706 1806 786 1832 uua,
811 1799 846 1827 et
872 1796 1024 1827 nobilem
1048 1796 1189 1827 virum..

181 1850 345 1881 comitem
370 1849 581 1884 Blescnscm.
610 1859 653 1880 cx
679 1850 800 1883 aliem,
831 1849 978 1880 materia
1005 1849 1191 1880 dissensio-

182 1904 234 1935 nis
261 1906 395 1940 morta,
426 1903 516 1933 idem
544 1912 661 1933 comes
690 1902 941 1933 monasterium
972 1905 1128 1933 vestrum
1156 1904 1190 1932 et

181 1966 244 1988 vos
272 1966 332 1997 per
358 1956 481 1995 viginti
511 1966 622 1986 anuos
650 1958 680 1986 et
713 1954 864 1996 amplius
892 1956 978 1986 adeo
1007 1955 1188 1986 infestavit

181 2010 275 2050 quod
302 2020 374 2045 vos,
404 2012 518 2039 vestra
545 2011 576 2039 ct
607 2009 714 2049 ipsius
742 2008 945 2039 monasterii
970 2008 1048 2048 jura
1075 2018 1191 2050 prose-

182 2062 240 2103 qui
268 2072 326 2093 seu
355 2062 540 2093 defendere
570 2062 712 2093 minime
741 2062 917 2102 potuistis.
948 2064 1062 2100 Quare
1091 2062 1191 2092 nobis

182 2115 363 2146 humiliter
396 2115 621 2156 supplicastis
659 2117 697 2145 ut
732 2115 917 2156 providere
955 2114 1054 2145 robis
1088 2124 1193 2156 super

183 2168 246 2199 hoc
297 2170 444 2210 paterna
497 2167 680 2207 diligentia
734 2177 947 2199 curaremus.
1006 2167 1078 2199 Nos
1132 2167 1193 2207 igi-

182 2224 241 2252 tur
269 2221 394 2251 vestris
422 2221 742 2262 supplicationibus
772 2220 940 2257 inclinati,
973 2223 1011 2251 ut
1040 2230 1101 2262 per
1131 2221 1192 2251 1111-

181 2273 335 2315 jusmodi
378 2277 517 2315 tempus
558 2284 625 2304 nou
666 2276 783 2305 currat
825 2273 943 2314 aliqua
984 2274 1191 2315 prescriptio

183 2329 306 2358 contra
333 2336 395 2357 vos
422 2327 636 2358 auctoritate
665 2327 763 2357 vobis
790 2327 1007 2368 presentium
1034 2326 1191 2367 indulge-

186 2389 274 2411 mus.
300 2378 395 2411 Nulli
420 2382 537 2410 nostre
562 2380 793 2410 concessionis
818 2382 883 2410 etc.
911 2379 993 2411 Dat.
1020 2380 1189 2420 Anagnie,

183 2432 300 2464 idibus
319 2432 509 2473 jannuarii,
532 2442 625 2463 anno
645 2435 756 2464 sexto.
780 2445 792 2460 »

268 2555 361 2581 3053
661 2556 794 2589 Anagni,
818 2556 856 2583 23
877 2556 1000 2590 janvier
1024 2557 1110 2584 1260.

225 2607 387 2642 Religiosis
413 2609 442 2636 S.
471 2608 602 2642 Galgani
628 2609 769 2642 indulget
796 2611 830 2635 ut
857 2609 894 2636 de
919 2609 1009 2635 terris
1036 2611 1067 2636 et
1092 2610 1191 2636 vineis

186 2659 263 2686 quas
286 2652 394 2679 colunt
418 2652 493 2679 nulli
517 2652 652 2679 decimas
677 2653 795 2680 solvere
819 2655 996 2680 teneantur.
1021 2654 1118 2687 (Rae.
1143 2654 1192 2687 25,

184 2696 205 2723 ἰ.
220 2696 288 2729 238,
303 2704 352 2723 an.
368 2696 423 2728 VI,
437 2703 462 2723 c.
479 2696 539 2730 16.)

233 2799 246 2816 «
269 2811 290 2820 ..
314 2787 429 2819 abbati
453 2790 481 2819 el
504 2789 679 2820 conventui
702 2789 899 2821 monosterii
924 2789 1041 2821 Sancti
1071 2789 1194 2831 Galqa-

188 2840 236 2877 ni,
266 2840 499 2873 Cisterciensis
525 2841 668 2878 ordinis,
702 2842 899 2874 Vulterrone
924 2843 1078 2875 diocesis.
1105 2843 1193 2875 Cum

188 2894 442 2926 monasterium
471 2897 629 2926 vestrum
659 2914 713 2926 —.
746 2895 827 2927 Dat.
858 2896 1028 2937 Anagnie,
1060 2895 1094 2928 X
1122 2896 1192 2928 kal.

187 2945 365 2984 februarii,
393 2956 486 2979 anno
513 2950 625 2980 sexto.
655 2961 667 2976 »

1377 336 1471 363 ³0⁵⁴
1771 336 1906 370 Anagni,
1929 336 1967 364 29
1988 336 2112 370 ,131111161-
2134 337 2221 364 1260.

1335 390 1576 424 Archiepiseopo
1593 389 1778 416 Dublinensl
1793 390 1824 416 et
1839 389 2068 416 successoribus
2082 390 2145 417 suis
2159 390 2304 424 indulget

1297 435 1331 460 ut
1366 434 1403 460 de
1437 433 1684 468 possessionibus
1717 433 2034 467 archiepiscopalibus
2066 433 2107 461 ad
2143 434 2305 462 ecclesiam

1299 477 1524 504 Dublinensem
1540 477 1757 512 spectantibus
1773 484 1850 511 quas
1866 477 1998 511 propriis
2012 477 2192 512 sumptibus
2207 477 2306 506 excoli

1295 521 1427 554 faciunt,
1450 523 1481 548 et
1503 522 1540 548 dc
1562 521 1764 548 nutrimentis
1785 521 1969 548 animalium
1991 521 2068 548 nulli
2088 521 2226 549 decimas
2246 521 2306 549 sol-

1295 572 1366 592 vere
1384 568 1562 593 teneantur.
1583 565 1679 599 (Rea.
1700 565 1748 597 25,
1768 565 1789 592 f.
1809 565 1867 592 238
1887 569 1933 598 νῦ,
1952 572 2002 592 an.
2022 565 2078 598 VI,
2097 572 2122 592 c.
2144 566 2203 598 17;
2223 565 2305 593 Por-

1295 615 1399 636 ·rnAsr
1418 610 1539 643 17776.)

1295 696 1297 698 ·
1341 703 1353 717 «
1393 714 1411 721 ..
1453 689 1706 731 archiepiscopo
1742 688 1963 720 Dublinensi.
2004 688 2194 722 Desideriis
2231 688 2303 722 tuis

1294 742 1426 773 affectu
1467 761 1520 774 —.
1562 742 1645 774 Dat,
1685 742 1856 783 Anagnie,
1901 741 1974 773 1111
2013 742 2082 774 kal.
2123 741 2301 780 februarii,

1296 805 1389 827 anno
1417 799 1530 828 sexto.
1560 809 1572 824 »

1379 937 1471 963 3055
1803 938 1937 972 Anagni,
1960 939 1977 964 4
2001 938 2114 965 fevi-ter
2137 938 2223 966 1260.

1338 989 1581 1024 Archiepiscopo
1615 991 1833 1017 cantuariensi
1866 990 2027 1018 ecclesiam
2061 992 2098 1018 de
2132 991 2306 1025 Mawetetd‚

1298 1033 1428 1060 diocesis
1449 1033 1659 1066 cicestrensis,
1679 1035 1710 1061 in
1730 1042 1803 1062 usus
1823 1035 1964 1069 proprios
1984 1035 2138 1068 concedit,
2157 1035 2216 1063 sub
2235 1042 2307 1063 con-

1298 1077 1417 1105 ditione
1448 1080 1637 1112 perpetuum
1670 1079 1822 1106 vicarium
1853 1079 1885 1106 in
1916 1079 2027 1106 eadem
2057 1079 2245 1108 instituendi
2275 1081 2306 1107 et

1297 1122 1460 1149 ecclesiam
1480 1123 1518 1149 de
1538 1122 1718 1150 Cranebrok
1738 1123 1930 1151 dimittendi.
1951 1123 2048 1157 (Rea.
2070 1123 2119 1156 25,
2138 1123 2160 1152 f.
2181 1123 2241 1151 238
2259 1127 2307 1157 v⁰.

1295 1174 1345 1193 an.
1364 1166 1420 1199 VI,
1437 1173 1462 1193 c.
1483 1166 1544 1200 18.)

1341 1260 1353 1275 «
1383 1272 1402 1279 ..
1433 1247 1687 1289 archiepiscopo
1718 1248 1973 1280 Cantuariensi.
2003 1247 2077 1280 Tue
2106 1248 2306 1281 devotionis

1295 1303 1450 1332 meretur
1484 1300 1636 1332 affectus
1671 1304 1707 1332 ut
1745 1301 1814 1332 tuis
1849 1301 2093 1342 petitionibus,
2129 1304 2306 1344 quantum

1295 1363 1375 1386 cum
1398 1354 1583 1385 honestate
1608 1364 1804 1395 possumus,
1829 1354 2073 1386 favorabiliter
2093 1364 2308 1395 annuamus,

1296 1407 1383 1439 Cum
1413 1408 1529 1447 igitur,
1562 1407 1652 1438 sicut
1684 1408 1784 1439 nobis
1814 1408 2013 1448 significare
2043 1408 2186 1444 curasti,
2217 1408 2306 1440 desi-

1296 1460 1394 1492 deres
1427 1461 1608 1502 quoddam
1644 1461 1839 1492 manerium
1872 1463 2075 1492 construere
2107 1461 2141 1493 in
2174 1461 2306 1494 foresta

1296 1517 1357 1545 tua
1388 1514 1430 1546 de
1460 1514 1656 1550 Mawefeld,
1688 1514 1834 1545 diocesis
1865 1514 2101 1551 Cicestrensis,
2133 1517 2172 1546 ut
2200 1517 2242 1546 tu
2270 1517 2307 1547 et

1295 1576 1510 1598 successores
1528 1567 1580 1598 tui
1599 1567 1740 1608 possitis
1758 1567 1802 1598 ad
1820 1567 1905 1598 illud
1925 1567 2071 1599 honeste
2088 1577 2128 1599 ae
2146 1567 2305 1606 comode,

1297 1630 1376 1652 cum
1404 1630 1542 1652 necesse
1569 1620 1686 1657 fuerit,
1710 1620 1895 1657 declinare,
1914 1620 2015 1652 nobis
2031 1620 2212 1652 humiliter
2225 1630 2308 1663 sup-

1298 1673 1435 1715 plicasti
1464 1676 1500 1704 ut
1529 1673 1710 1705 ecclesiam
1739 1673 1780 1704 de
1808 1673 1991 1704 Mawefeld
2020 1682 2087 1715 que
2114 1673 2147 1705 in
2175 1673 2307 1706 foresta

1298 1727 1455 1768 predicta
1478 1727 1635 1757 consistit
1661 1729 1695 1758 ct
1717 1727 1761 1757 ad
1786 1730 1818 1757 te
1841 1727 1874 1757 in
1897 1727 2140 1768 spiritualibus
2161 1729 2197 1759 et
2217 1729 2308 1760 tem-

1297 1780 1477 1822 poralibus
1500 1780 1652 1821 pertinet
1676 1780 1778 1821 pleno
1799 1779 1887 1820 jure,
1910 1780 1945 1810 111
1968 1789 2038 1821 qua
2060 1780 2169 1812 etiam
2192 1780 2308 1812 nullus

1298 1833 1386 1865 alius
1405 1833 1462 1874 jus
1482 1833 1620 1864 obtinet
1642 1836 1864 1874 patronatus,
1889 1833 1952 1864 tibi
1973 1833 2113 1874 tuisque
2132 1843 2308 1866 successo-

1296 1887 1394 1919 ribus
1421 1887 1454 1918 in
1485 1896 1566 1917 usus
1594 1886 1753 1927 proprios
1779 1886 1969 1918 concedere
1999 1887 2182 1927 benignius
2207 1896 2307 1918 cura-

1297 1949 1425 1972 remus.
1453 1940 1525 1970 Nos
1550 1940 1681 1980 itaque,
1711 1939 1778 1970 tuis
1804 1939 1966 1980 precibus
1990 1939 2148 1971 inclinati
2174 1940 2308 1981 predic-

1298 1996 1374 2025 tam
1403 1993 1584 2025 ecclesiam
1614 1992 1679 2023 tibi
1709 1995 1743 2024 et
1772 1992 1904 2024 eisdem
1932 1992 2202 2030 successoribus,
2232 2002 2309 2035 pre-

1299 2047 1414 2078 missis
1455 2046 1546 2078 veris
1588 2045 1835 2082 existentibus,
1879 2045 2105 2077 concedimus
2147 2045 2182 2077 in
2224 2055 2308 2078 usus

1299 2099 1470 2141 proprios,
1509 2099 1655 2131 cedente
1693 2098 1747 2130 vel
1786 2098 1978 2130 decedente
2015 2099 2124 2140 ipsius
2161 2101 2306 2136 rectore,

1300 2155 1471 2194 perpetuo
1494 2152 1728 2183 retinendam.
1757 2152 1808 2183 Ita
1832 2154 1953 2183 tamen
1977 2152 2071 2193 quod
2095 2154 2307 2194 perpetuum

1300 2206 1471 2238 vicarium
1493 2205 1662 2237 instituas
1683 2205 1717 2236 in
1740 2205 1875 2242 eadem,
1898 2205 1952 2236 cui
1975 2205 2018 2236 de
2036 2205 2145 2247 ipsius
2165 2198 2308 2237 ecclesie

1300 2259 1532 2301 proventibus
1564 2258 1802 2290 sufficientem
1835 2258 2000 2299 assignes,
2035 2267 2097 2300 pro
2129 2261 2308 2291 sustenta·

1298 2312 1394 2344 tione
1412 2321 1474 2344 sua
1493 2315 1527 2343 et
1547 2311 1681 2353 prefate
1700 2310 1841 2343 ecclesie
1859 2311 2113 2353 supportandis
2130 2311 2306 2348 oneribus.

1299 2366 1509 2407 portionem,
1539 2367 1575 2396 et
1603 2365 1697 2406 quod
1727 2364 1871 2396 ecclesia
1900 2364 1942 2396 de
1971 2364 2172 2396 Crenebrok
2200 2373 2309 2406 quam

1298 2427 1343 2450 cx
1366 2418 1588 2450 concessione
1613 2418 1722 2449 felicis
1746 2417 2000 2450 recordationis
2025 2417 2181 2459 Gregorii
2205 2427 2307 2460 pape,

1299 2471 1552 2513 predecessoris
1581 2471 1702 2507 nostri,
1729 2471 1764 2502 in
1789 2471 1919 2502 similes
1945 2480 2029 2502 usus
2053 2473 2163 2507 tenes,
2190 2470 2310 2502 dimit-

1298 2527 1355 2557 tas
1386 2534 1447 2567 per
1476 2527 1648 2556 rectorem
1680 2524 1722 2555 de
1753 2526 1869 2555 cetero
1900 2523 2180 2564 gubernandam.
2212 2523 2309 2555 Nulli

1300 2581 1418 2609 nostre
1449 2577 1682 2608 concessionis
1712 2579 1779 2609 etc.
1812 2577 1895 2608 Dat.
1928 2576 2097 2617 Anagnie,
2133 2576 2166 2607 11
2198 2584 2309 2608 nonas

1299 2630 1478 2666 februarii,
1508 2639 1601 2661 anno
1628 2632 1740 2662 sexto.
1770 2642 1783 2658 »

1385 2770 1475 2798 3056
1777 2771 1912 2806 Anagni,
1937 2771 1973 2799 13
1994 2770 2118 2805 janvier
2141 2770 2227 2798 1260.

1341 2825 1584 2859 Archiepiscopo
1599 2824 1787 2852 Bituricensi
1803 2825 1935 2852 mandat
1950 2826 1986 2851 ut
2001 2824 2187 2858 magistrum
2202 2822 2310 2857 Hugo-

1300 2876 1373 2896 nem
1388 2869 1426 2896 de
1441 2868 1589 2902 Voalhas,
1604 2876 1775 2903 pauperem
1791 2868 1937 2896 clericum
1952 2869 1984 2895 in
1999 2867 2127 2896 ecelesia
2140 2868 2176 2895 B.
2192 2866 2309 2894 Mariae

1300 2912 1339 2939 de
1368 2912 1445 2940 Salis
1474 2912 1687 2945 Bituricensis,
1717 2913 1747 2940 in
1776 2913 1963 2940 canonicum
1991 2911 2121 2946 recipiat
2150 2911 2240 2946 eique
2269 2910 2308 2937 de

1299 2957 1479 2992 praebenda
1496 2957 1672 2991 provideat.
1692 2957 1788 2992 (Rau.
1808 2957 1856 2990 25,
1875 2957 1895 2984 f.
1915 2957 1973 2983 238
1992 2960 2037 2989 νο,
2055 2963 2106 2983 311.
2126 2955 2181 2989 VI,
2198 2962 2224 2983 c.
2244 2953 2309 2988 19.)
