2477 3512
324 223 386 253 7:38

321 295 375 329 gat
401 289 538 320 clericos
563 294 595 320 et
628 290 727 320 laicos
761 301 868 328 sanos,
893 291 1011 322 liberos
1035 292 1068 322 et
1098 291 1262 322 absolutos
1291 302 1308 322 e

319 344 427 375 seculo
457 345 620 386 fugientes
653 346 734 377 velle
764 353 906 377 vestrum
934 347 1076 378 ordinem
1107 346 1249 388 profiteri
1269 358 1308 379 ac

319 411 378 431 nna
407 400 569 432 vobiscum
590 401 648 431 sub
676 409 784 433 vestre
810 403 976 442 religionis
1009 403 1117 434 babitu
1149 404 1304 435 virtulum

319 457 450 487 Domino
462 460 620 498 perpetuo
638 458 799 492 famulari,
814 463 962 490 rectores
983 459 1207 496 ecclesiarum,
1225 470 1304 500 qua-

316 523 383 543 rum
405 512 447 543 illi
464 514 668 554 parrochiani
689 515 847 549 existunt,
883 526 938 546 eos
961 526 1017 556 pro
1041 516 1178 546 mortuis
1209 526 1304 547 occa-

313 569 401 599 sione
419 569 599 610 hujusmodi
615 574 816 612 reputantes,
838 572 1005 612 superlioc
1026 572 1104 612 ipsis
1121 575 1245 603 temere
1266 583 1301 604 se
1327 584 1328 589 ¹

311 628 486 666 opponunt,
503 625 603 656 donec
621 626 659 656 ab
677 627 797 657 eisdem
812 628 863 657 vel
879 628 1008 659 illorum
1018 628 1190 659 heredibus
1206 639 1300 670 pecu-

312 681 395 711 niam
418 688 650 723 extorqueant,
667 694 727 722 qne
748 685 959 715 mortuariimi
979 687 1192 726 nuncupatur,
1207 696 1299 727 prop-

312 741 361 768 ter
380 737 461 777 quod
483 738 670 778 frequenter
690 739 850 770 dictorum
873 740 1061 771 clericor-ani
1092 744 1125 772 et
1146 741 1298 773 laicorum
1324 748 1325 753 ¹

310 793 393 834 pium
412 794 441 824 in
461 794 519 824 liac
534 800 626 835 parte
647 796 844 837 propositum
864 797 1048 838 impeditur,
1068 808 1127 829 nou
1143 798 1210 828 sine
1233 798 1297 829 ‹lic-

308 916 430 936 inarum
460 906 626 948 dispendio
647 909 830 940 manifesto.
861 912 966 946 Quare
986 921 1041 951 pro
1071 915 1162 951 parte
1184 915 1296 942 vestra
1320 917 1321 926 ¹

307 962 472 994 humiliter
487 964 658 1005 petebatur
675 976 693 995 a
713 965 814 1002 nobis,
835 974 867 996 ut
880 966 1051 1007 providere
1063 977 1160 1007 super
1179 967 1238 997 hoc
1255 967 1294 998 de

304 1019 594 1060 ‹·ircumspo‹·ti0ne
616 1021 710 1052 Sedis
749 1023 936 1062 Apostolice
975 1033 1175 1054 curawinus.
1216 1022 1292 1055 Cum
1318 1053 1319 1057 ,

303 1075 410 1116 itaquo
442 1087 459 1106 a
481 1076 581 1113 nobis,
600 1078 651 1117 qni
671 1078 837 1117 religionis
855 1082 1063 1119 augmentum
1094 1083 1163 1110 tota
1182 1083 1292 1111 mente

303 1131 478 1173 diligimus,
505 1133 789 1164 tanidetestabilis
817 1140 846 1165 et
876 1136 1016 1166 enormis
1043 1135 1153 1166 abusio
1174 1136 1292 1167 debeat

301 1189 431 1219 omnino
452 1189 557 1230 respui
580 1192 611 1219 et
638 1190 824 1221 nullatenus
845 1192 1010 1229 sustineri,
1034 1202 1090 1222 nos
1111 1192 1292 1223 devotionis

303 1246 414 1275 vestre
430 1245 578 1285 precibus
609 1249 803 1284 annuentes,
825 1248 1021 1279 auctoritate
1048 1249 1137 1279 vobis
1159 1260 1291 1290 presen-

301 1300 377 1330 tium
396 1301 611 1342 indulgen‘ius,
632 1305 664 1332 ut
685 1303 828 1343 prelatos
850 1304 985 1335 clericos
1006 1307 1039 1335 et
1059 1304 1158 1335 laicos
1179 1316 1288 1343 sanos,

300 1356 418 1387 liberos
453 1361 486 1388 et
508 1358 673 1389 absolutos
694 1370 728 1389 se
749 1362 863 1401 sponte
888 1360 934 1391 adv
956 1361 1039 1391 idem
1060 1363 1290 1393 monasterium

301 1413 481 1444 transferre
499 1414 646 1445 volentes
667 1414 768 1446 libere
788 1416 817 1446 in
840 1417 1014 1447 monachos
1035 1428 1092 1448 seu
1113 1428 1290 1450 conversos

298 1469 445 1510 recipere
465 1470 623 1508 valeatis-3
655 1474 798 1502 ceterum
820 1472 1001 1504 districtius
1028 1473 1225 1508 inhibentes,
1249 1486 1288 1506 ne

297 1524 375 1556 dicti
398 1529 544 1557 rectores
569 1528 736 1568 pecuniam
757 1529 858 1570 ipsam
884 1540 939 1560 seu
964 1531 1172 1561 mortuarium
1194 1542 1289 1562 occa-

299 1582 387 1613 sione
421 1583 604 1624 liujusmodi
636 1584 675 1615 ab
719 1585 841 1616 eisdem
876 1586 1004 1617 clericis
1042 1589 1071 1618 et
1111 1588 1201 1619 laicis
1236 1589 1287 1620 vel

299 1648 408 1669 eorum
430 1639 603 1671 heredibus
628 1641 765 1682 exigere
795 1643 850 1673 aut
869 1645 1065 1684 extorquere
1084 1647 1283 1685 presumant,

296 1696 478 1726 sententias
496 1698 718 1738 suspensionis
746 1700 801 1729 aut
814 1699 976 1730 interdicti
998 1700 1047 1730 vel
1063 1702 1284 1733 excommuni-

295 1752 445 1791 cationis,
456 1763 517 1793 que
528 1754 559 1783 in
577 1764 634 1784 vos
655 1754 705 1785 vel
717 1756 946 1787 monasterium
962 1757 1063 1798 ipsum
1076 1760 1131 1788 aut
1146 1758 1283 1798 aliquem

293 1807 389 1838 alium
404 1811 558 1850 pretextu
580 1811 682 1841 vestri
696 1811 809 1842 eadem
824 1813 995 1844 occasione
1009 1813 1134 1854 prolate
1149 1814 1282 1853 suerint,

295 1865 490 1896 auctoritate
524 1866 671 1906 predicta
708 1866 913 1899 decernimus
945 1869 1054 1900 irritas
1095 1872 1127 1901 et
1155 1871 1280 1902 inanes.

297 1920 466 1962 Nulli[et‹·.
479 1922 484 1963 l
496 1926 606 1953 nostre
615 1925 847 1963 concessionis,
862 1925 1060 1957 inhibitionis
1077 1930 1110 1957 et
1126 1928 1282 1958 constitu-

1015 223 1247 254 REfflsTRES
1273 221 1578 256 D'ALEXANDRE
1604 226 1646 256 lv

1334 293 1336 344 l
1361 291 1532 325 pensionem
1564 293 1691 320 debitam
1723 293 1901 327 persolvant.
1933 294 2011 324 (Rau.
2038 296 2080 325 25,
2110 303 2135 320 a.
2163 296 2208 326 ΙΙΙ,
2235 304 2258 321 c.
2283 298 2345 326 772,

1332 348 1335 366 ,¹
1360 339 1377 364 s.
1398 342 1481 366 1052}

1402 443 1415 455 υ
1439 428 1603 470 Maqislro
1618 429 1748 461 Sinicio
1763 430 1918 473 scriptori
1936 437 2047 461 nostro
2066 430 2101 462 in
2118 431 2244 474 Auqlia
2257 442 2345 464 com-

1355 484 1514 516 moranli.
1539 485 1681 517 Dilectus
1702 486 1784 517 tilius
1809 487 1968 527 magister
1991 487 2130 518 Jacobus
2150 489 2342 530 consangui-

1354 552 1432 571 neus
1452 542 1560 573 dilecti
1593 542 1646 572 filii
1681 543 1829 583 magistri
1854 543 2009 574 Joliannis
2036 543 2075 575 ‹le
2111 544 2231 576 Sancto
2261 544 2342 575 Ger-

1326 598 1327 647 ι
1353 608 1444 628 niano
1486 598 1673 630 subdiaconi
1709 602 1742 630 et
1779 599 1895 630 notarii
1926 600 2038 634 nostri,
2071 601 2102 630 in
2133 603 2244 631 nostra
2269 611 2342 642 pro-

1326 650 1457 695 'posuit
1492 656 1658 696 presentia
1693 656 1902 693 constitutus,
1930 656 2012 697 quod
2043 666 2114 687 cum
2135 682 2155 687 ..
2198 657 2341 689 decanus

1324 722 1325 742 ι
1350 716 1383 741 et
1410 712 1582 752 capitulum
1615 712 1755 743 ecclesie
1791 712 2023 743 Londoniensis
2052 723 2189 744 annuam
2213 714 2339 755 pensio·

1350 778 1420 798 nem
1456 768 1549 798 trium
1595 778 1775 799 marcarum
1811 768 2042 809 sterlingorum
2083 770 2111 800 ei
2145 770 2266 801 tamdiu
2303 780 2339 802 se

604 851 620 856 ,,
763 853 767 857 ,
797 853 801 857 ,
933 854 937 858 ,
1032 854 1036 858 ,
1089 855 1094 860 ,
1121 855 1126 859 ,
1276 855 1280 859 ,
1321 831 1323 863 j
1348 825 1556 864 promiserint
1583 825 1744 856 soluturos
1762 825 1865 857 donec
1890 825 1948 856 sibi
1981 825 2020 855 de
2053 825 2209 857 beneflcio
2229 826 2338 858 eccle-

310 853 411 880 torum
434 855 621 882 monasterii
649 856 679 882 et
701 852 821 883 ordinis
848 863 938 894 gravi
968 854 1148 895 prejudicio
1167 859 1199 885 et
1230 865 1296 885 am-
1321 868 1322 887 ι

1321 894 1322 897 =
1347 881 1478 912 siastico
1508 883 1705 923 competenti
1740 884 1910 923 spectante
1943 882 1981 913 ad
2014 882 2218 914 collationem
2248 883 2337 924 ipso-

1346 947 1414 967 rum
1456 937 1610 969 ducerent
1646 938 1891 980 providendum,
1926 949 1959 969 se
2002 938 2041 969 ad
2074 939 2132 970 hoc
2166 948 2222 980 per
2260 948 2335 970 suas

1345 996 1496 1034 patentes
1517 994 1643 1025 litteras
1655 995 1839 1036 obligando,
1857 996 1935 1026 dicti
1950 995 2092 1026 decanus
2109 1000 2141 1026 et
2158 996 2334 1037 capitulum

1345 1051 1372 1080 ei
1401 1051 1586 1091 pensionem
1612 1051 1745 1082 eandem
1782 1062 1839 1092 per
1864 1052 2113 1092 quinquennium
2140 1057 2173 1083 et
2197 1052 2334 1094 amplius

1344 1110 1430 1137 motu
1456 1108 1583 1148 proprio
1615 1107 1859 1144 subtrahentes,
1890 1108 2058 1149 providere
2095 1108 2154 1140 sibi
2180 1109 2219 1140 de
2246 1109 2333 1140 dicto

1344 1163 1499 1194 beneficio
1520 1174 1581 1194 non
1609 1166 1775 1201 curarunt,
1802 1174 1992 1205 quamquam
2014 1164 2052 1195 ad
2072 1165 2102 1195 id
2123 1164 2276 1203 obtulerit
2295 1175 2333 1197 se

1343 1220 1492 1251 facultas.
1516 1220 1622 1256 Quare
1642 1220 1747 1251 dictus
1771 1221 1911 1251 Jacobus
1937 1221 2028 1252 nobis
2062 1221 2229 1253 humiliter
2256 1231 2331 1263 sup-

1342 1276 1488 1318 plicavit,
1510 1280 1544 1308 ut
1566 1287 1637 1308 cum
1658 1277 1726 1318 ipse
1745 1278 1776 1308 in
1796 1277 1940 1318 partibus
1962 1278 2151 1318 Angli‹·anis
2171 1287 2243 1309 cum
2271 1278 2335 1309 eis-

1341 1333 1412 1364 dem
1437 1333 1562 1365 decano
1583 1336 1615 1365 et
1647 1334 1786 1375 capitulo
1821 1340 1960 1375 nequeat
1990 1335 2135 1375 litigare,
2161 1334 2334 1376 providere

1340 1390 1398 1420 sibi
1419 1400 1516 1432 super
1535 1390 1595 1421 hoc.
1613 1390 1863 1432 debenignitate
1883 1390 1976 1422 Sedis
1993 1390 2181 1433 Apostolice
2195 1401 2331 1422 curare-

1341 1457 1422 1477 mus.
1438 1447 1520 1483 Quia
1533 1457 1610 1478 vero
1630 1447 1732 1478 eidem
1749 1448 1777 1478 J.
1797 1458 1859 1478 non
1877 1456 2046 1488 possumus
2060 1448 2142 1478 sicut
2163 1457 2223 1479 nec
2236 1447 2334 1479 debe-

1340 1514 1408 1534 mus
1429 1504 1459 1534 in
1489 1514 1545 1534 suo
1581 1504 1654 1545 jure
1686 1504 1814 1541 deesse,
1836 1505 1887 1544 qui
1919 1514 2029 1535 sumus
2050 1504 2197 1535 omnibus
2221 1504 2252 1535 in
2272 1514 2332 1536 sua

1336 1560 1466 1601 justitia
1485 1560 1662 1599 debitores,
1682 1560 1881 1598 mandamus,
1903 1561 2054 1601 quatinus
2074 1560 2220 1602 prefatos
2234 1560 2332 1592 deca-

1339 1627 1412 1647 nuin
1424 1619 1457 1648 et
1476 1617 1663 1658 capitulum,
1678 1622 1711 1649 ut
1723 1618 1751 1648 ei
1766 1618 1953 1659 pensionem
1971 1617 2073 1658 ipsam
2090 1617 2187 1658 juxta
2202 1617 2331 1648 littera—

1337 1684 1406 1705 rum
1422 1675 1564 1715 ipsarum
1586 1676 1732 1705 tenorem
1747 1673 1932 1713 exsolvant,
1950 1684 2083 1705 moneas
2097 1673 2279 1705 efficaciter
2297 1675 2331 1705 et

1336 1730 1488 1769 inducas3
1508 1731 1590 1771 quod
1616 1731 1641 1761 si
1677 1731 1760 1762 sorte
1787 1731 1916 1762 monitis
1947 1731 2010 1762 tuis
2035 1730 2248 1771 acquiescere
2272 1740 2331 1762 no-

1336 1787 1455 1818 luerint
1479 1787 1510 1818 in
1542 1787 1602 1818 hac
1623 1789 1727 1828 parte,
1754 1794 1791 1818 tu
1811 1797 1867 1818 eos
1895 1797 1936 1818 ex
1956 1797 2040 1817 nuuc
2064 1797 2121 1828 per
2141 1789 2173 1818 te
2196 1786 2248 1818 vel
2272 1796 2331 1828 per

1336 1843 1430 1875 alium
1452 1854 1494 1875 ex
1515 1846 1605 1884 parte
1636 1846 1747 1875 nostra
1779 1844 1994 1884 peremptorie
2025 1843 2128 1874 citare
2153 1853 2326 1885 procures,

1336 1904 1369 1932 ut
1388 1900 1473 1931 infra
1494 1900 1588 1932 trium
1611 1901 1766 1931 mensium
1789 1901 1925 1941 spatium
1944 1902 2016 1941 post
2031 1900 2220 1931 citationem
2236 1901 2324 1931 tuam

293 1977 390 2008 tionis
411 1980 475 2009 etc.
501 1978 613 2009 Datum
636 1980 789 2012 Viterbii.
815 1981 873 2011 VII
888 1981 958 2013 idus
979 1982 1172 2021 decembris,
1194 1994 1280 2016 anno

294 2034 405 2065 tertio.
432 2049 444 2060 ιι

363 2168 457 2195 2391
767 2173 891 2203 Viterbe,
908 2176 940 2200 23
959 2174 1114 2202 decembre
1129 2177 1205 2202 1257.

326 2255 459 2288 Magistro
478 2256 625 2282 ltostanno
641 2258 850 2285 archidiacono
875 2262 1042 2294 Agennensi
1061 2263 1193 2295 mandat,
1210 2271 1279 2297 qua-

291 2305 376 2328 tenus
392 2302 549 2329 Guillelmo
566 2304 684 2336 Diderii,
701 2307 844 2333 canonico
862 2308 1092 2343 Tarentasiensi,
1105 2311 1280 2346 consangui-

291 2357 345 2376 neo
375 2351 606 2378 Tarentasiensis
633 2354 857 2389 archiepiscopi,
885 2356 920 2382 de
948 2357 1046 2392 aliquo
1082 2358 1280 2385 eeclesiastico

290 2397 433 2424 beneficio
463 2399 493 2425 in
516 2408 606 2434 regno
633 2401 754 2435 Angliae
785 2403 936 2436 providere
963 2409 1107 2439 procuret.
1131 2407 1209 2440 (aaa.
1236 2409 1279 2440 25,

289 2452 314 2470 a.
334 2446 619 2476 111,c.771.f.105.i

335 2548 349 2563 «
390 2536 553 2578 Maqislro
595 2539 762 2569 Ros-mmm
798 2539 1035 2573 archidiacono
1070 2543 1276 2585 Aqennensi,

288 2591 463 2634 capellano
493 2599 617 2624 nostro.
643 2596 802 2637 Ascriptis
826 2597 938 2628 militie
962 2598 1105 2629 clericali
1126 2618 1178 2630 ——.
1203 2601 1274 2631 Dat.

288 2648 438 2687 Viterbii,
463 2650 490 2679 X
513 2650 575 2681 kal.
594 2652 749 2690 januarii,
768 2663 851 2684 anno
864 2655 990 2693 quarto.
1018 2668 1032 2681 »

357 2781 457 2808 2392
856 2784 979 2817 Viterbe,
996 2787 1026 2811 27
1039 2786 1106 2819 juin
1125 2789 1203 2813 1257.

321 2870 454 2904 Magistro
472 2871 578 2897 sinicio
594 2872 723 2904 mandat,
746 2876 893 2907 quatenus
908 2876 1052 2902 decanum
1070 2880 1098 2903 et
1112 2878 1271 2912 capitulum

285 2915 406 2942 ecclesie
426 2917 639 2944 Londoniensis
655 2919 786 2952 inducat,
808 2924 838 2947 ut
853 2922 991 2957 magistro
1010 2924 1117 2951 Jacobo
1141 2933 1271 2952 annuam

1332 1967 1390 1998 per
1420 1959 1665 1998 procuratorem
1692 1956 1855 1997 ydoneum
1876 1958 2086 1997 compareant
2100 1966 2209 1987 coram
2230 1955 2326 1987 nobis

1333 2014 1451 2045 facturi
1481 2015 1513 2045 et
1541 2014 1705 2055 recepturi
1733 2024 1830 2054 super
1852 2013 2019 2054 premissis
2048 2012 2130 2054 quod
2150 2012 2324 2044 dictaverit

1333 2071 1412 2102 ordo
1427 2071 1522 2112 juris.
1545 2071 1635 2102 Diem
1667 2081 1745 2102 vero
1762 2071 1927 2102 citationis
1951 2072 1983 2101 et
2011 2070 2147 2101 formam
2167 2072 2202 2101 et
2236 2070 2323 2110 quic-

1334 2128 1407 2168 quid
1437 2128 1510 2159 inde
1540 2128 1659 2159 feceris
1692 2127 1782 2159 nobis
1813 2137 1870 2168 per
1900 2129 1973 2158 tuas
2007 2129 2156 2167 patentes
2176 2125 2318 2165 litteras,

1333 2185 1446 2215 harum
1466 2185 1582 2216 seriem
1599 2185 1816 2220 continentes,
1839 2183 1971 2214 studeas
1997 2182 2137 2214 fideliter
2154 2182 2318 2214 intimare.

1333 2241 1447 2273 Datum
1468 2241 1623 2280 Viterbii,
1639 2241 1669 2272 V
1690 2240 1754 2272 kal.
1775 2241 1859 2282 julii,
1882 2250 1965 2271 anno
1983 2240 2093 2271 tertio.
2118 2252 2132 2267 »

1403 2429 1504 2456 2393
1859 2427 1986 2457 viterbe,
2002 2429 2016 2453 5
2033 2427 2152 2453 octobre
2169 2428 2245 2453 1257.

1367 2544 1533 2578 Magistrum
1558 2542 1737 2569 Rostandum
1759 2541 1944 2574 capellanum
1964 2547 2050 2566 suum
2067 2539 2122 2565 sub
2146 2538 2221 2565 beati
2237 2538 2316 2564 Petri

1330 2594 1359 2618 et
1370 2599 1423 2617 sua
1440 2591 1623 2625 protectione
1638 2589 1811 2623 suscipienS,
1826 2588 1850 2613 ei
1868 2587 2010 2622 indulget.
2024 2589 2056 2613 ut
2067 2586 2201 2613 residens
2213 2585 2241 2612 in
2255 2592 2318 2612 uno

1330 2639 1364 2666 de
1383 2638 1545 2670 beneflciis,
1566 2645 1641 2672 quae
1657 2636 1779 2667 obtinet,
1800 2635 1934 2670 possitin
1950 2634 2016 2660 aliis
2032 2641 2082 2668 per
2097 2633 2221 2659 idoneos
2238 2632 2316 2659 vica-

1329 2687 1388 2713 rios
1408 2686 1503 2712 facere
1527 2685 1677 2712 deserviri.
1698 2684 1777 2716 (Rae.
1799 2685 1842 2712 25.
1859 2691 1884 2709 a.
1905 2683 1950 2713 ΙΙΙ,
1967 2690 1991 2708 c.
2008 2683 2067 2713 773,
2088 2681 2106 2707 f.
2124 2681 2206 2707 ¹05th

1373 2817 1388 2833 «
1408 2803 1572 2846 Mayistro
1596 2801 1762 2834 Rostando
1780 2799 1955 2844 capellano
1983 2804 2106 2830 nostro.
2135 2797 2235 2828 Grata
2256 2800 2313 2827 tuo

1326 2861 1508 2892 devotionis
1524 2859 1676 2900 obsequia
1697 2876 1748 2888 —.
1772 2858 1844 2889 Dat.
1862 2856 2015 2893 viterbii,
2037 2855 2079 2885 ΙΙΙ
2102 2863 2203 2884 nonas
2222 2853 2316 2884 octo—

1326 2917 1402 2954 bris,
1421 2927 1504 2948 anno
1525 2916 1634 2947 tertio.
1662 2929 1676 2942 »ι
