2477 3512
932 297 1161 336 TROESIEME
1196 297 1340 334 ANNEE

127 388 142 402 «
163 373 311 405 kalendis
332 373 429 404 madii
444 373 612 404 celebrato
633 373 663 403 in
685 372 782 409 Urbe,
816 372 872 401 sub
897 372 964 403 alta
992 371 1113 403 delibe-

126 444 141 458 «
163 430 288 461 ratione
311 430 523 461 deliberatum
555 433 605 460 est
636 432 667 460 et
698 427 903 459 concorditer
930 427 1111 462 diffinitum,

130 500 143 513 «
168 485 297 527 plenam
309 486 471 516 licentiam
483 488 516 517 et
528 486 660 516 liberam
674 483 863 515 facultatem
880 483 1028 514 duximus
1040 493 1114 514 con-

127 556 141 569 «
164 542 352 580 cedendam,
369 542 520 583 precipue
533 551 604 572 cum
615 544 758 581 tempore
771 540 935 570 concessit
951 540 1040 570 vobis
1053 539 1115 581 pri—

127 612 141 627 «
163 599 275 639 vilegii
291 598 459 631 antedicti.
471 598 618 638 quamvis
635 597 666 627 in
680 597 778 638 ipsius
793 598 907 627 tenore
919 606 979 627 nou
992 596 1115 626 existat

127 668 141 683 «
166 656 199 686 et
220 655 320 686 fuerit
340 656 449 685 vestra
467 654 604 684 intentio
625 655 659 684 et
687 653 761 684 talis
786 652 934 683 voluntas
965 651 1114 683 extiterit

128 725 142 737 α
163 711 375 752 singulorum.
396 710 429 740 In
446 709 537 750 cujus
557 710 605 740 rei
624 709 842 739 testimonium
864 710 897 738 et
917 707 1113 739 evidentiam

127 781 141 795 «
165 767 341 808 pleniorem
367 765 530 807 presentis
552 765 683 796 liceutie
711 767 745 795 et
768 774 927 795 concesse
948 763 1114 794 facultatis

128 838 141 853 u
165 824 292 854 litteras
312 821 411 863 sigilli
426 822 528 852 nostri
549 821 723 851 munimine
740 822 891 861 patentes
908 820 1066 861 jussimus
1081 820 1114 850 et

128 894 141 906 «
167 879 347 911 efficaciter
359 877 559 908 communiri.
574 878 691 908 Actum
710 877 822 913 Rome,
839 876 922 917 apud
939 876 1112 907 ecclesiam

129 950 143 964 «
168 936 357 967 Sanctorum
377 934 532 965 Johannis
551 936 584 964 et
598 933 702 971 Pauli,
722 944 805 964 anno
820 933 984 964 Dominice
1004 933 1114 963 Incar-

128 1007 142 1020 «
161 991 299 1023 nationis
317 989 533 1028 MCOLVH,
548 989 721 1020 indictione
736 989 988 1030 quintadecima,
1003 998 1113 1019 mense

128 1062 141 1075 a
165 1047 280 1085 madio,
292 1046 342 1077 die
355 1046 466 1086 quinto
479 1046 617 1083 decimo,
628 1046 833 1087 pontificatus
843 1045 963 1076 domini
973 1044 1114 1075 Alexan-

128 1114 145 1131 ἀ
163 1103 211 1134 dri
231 1113 313 1144 pape
331 1103 402 1137 1111,
427 1113 509 1133 anno
526 1103 634 1133 tertio.
660 1116 672 1128 ι»

167 1174 182 1187 «
212 1159 297 1190 Nulli

126 1216 276 1249 Viterbii,
295 1215 398 1246 idibus
415 1216 510 1255 junii.
535 1225 616 1245 anno
637 1215 745 1246 tertio.
770 1230 782 1240 »ι

339 1158 434 1201 [etc],
462 1163 574 1190 nostre
607 1158 857 1189 confirmationis
895 1163 958 1189 etc.
1001 1159 1113 1188 Datum

202 1347 297 1374 1968
695 1347 819 1378 Viterbe,
841 1348 867 1372 18
891 1347 944 1372 mai
966 1349 1042 1378 1257,

162 1434 293 1460 Elucidat
315 1434 468 1461 verborum
485 1434 666 1460 dubietatem
681 1435 855 1460 existentem
880 1435 907 1461 in
936 1435 1037 1461 litteris
1054 1436 1115 1469 qui-

126 1482 247 1508 busdam
265 1482 485 1508 InnocentiiIV.
498 1482 595 1508 abbati
612 1482 823 1508 monasteriis.
843 1482 968 1508 Ricliarii
985 1483 1113 1508 directis.

127 1531 204 1556 (REG.
224 1532 266 1559 25.
282 1530 373 1556 a.111.
390 1538 413 1556 c.
437 1531 496 1559 358„
515 1531 533 1556 s.
552 1532 606 1556 47.v

172 1633 187 1648 «
213 1620 361 1651 ttv'altero
401 1619 515 1652 abbati
543 1621 741 1653 monasterii
763 1621 881 1653 Sancti
907 1621 1055 1653 Hiclzarii
1082 1622 1116 1653 in

128 1675 271 1707 Pontico
294 1676 340 1708 ad
357 1678 544 1708 Romanam
565 1676 750 1709 Ecclesiam
768 1677 860 1709 nullo
882 1677 991 1709 medio
1011 1678 1117 1722 perti-

128 1731 251 1766 nentis.
274 1731 405 1764 ordinis
423 1732 542 1764 Sancti
570 1733 757 1771 Benedicti,
784 1734 1021 1765 Ambianensis
1045 1734 1118 1765 (lio-

127 1788 220 1820 cesis.
230 1788 278 1820 Ad
288 1789 439 1820 decorem
452 1800 571 1831 sponse
582 1791 671 1821 varia
681 1791 712 1821 in
722 1791 873 1822 Ecclesia
885 1791 1034 1822 instituta
1045 1794 1120 1823 sunt

128 1845 267 1887 insignia
280 1845 493 1887 dignitatum,
506 1848 540 1877 ut
558 1847 713 1878 latentem
729 1847 927 1878 intrinsecus
944 1848 1007 1878 filie
1019 1849 1118 1889 Regis
1144 1849 1145 1865 ³

128 1902 269 1943 speciem
296 1902 505 1933 multiformis
529 1903 676 1934 exterius
696 1903 819 1934 iudicet
844 1903 1062 1945 pulchritudo,
1085 1908 1119 1936 ut

129 1958 183 1996 hii,
206 1959 259 1999 qui
283 1958 477 2000 specialibus
494 1959 649 1991 honorum
679 1960 782 1990 titulis
815 1959 953 1994 clarent,
984 1961 1119 1992 misticis
1144 1978 1145 2003 3

129 2024 239 2045 verum
261 2015 363 2055 signis
380 2014 549 2051 admoniti,
572 2015 707 2046 meliora
721 2016 872 2057 specialis
892 2016 996 2047 forme
1017 2017 1119 2048 caris-

129 2072 215 2101 mata
239 2071 432 2102 emulentur.
459 2071 543 2103 Sane
582 2072 688 2103 felicis
725 2072 960 2104 recordationis
986 2074 1010 2104 1.
1038 2084 1119 2115 papa
1144 2074 1146 2080 ¹

129 2126 342 2168 predecessor
362 2130 485 2160 noster.
514 2128 626 2159 volens
655 2131 743 2159 tuum
771 2130 802 2159 iu
829 2131 861 2160 te
887 2131 1119 2161 monasterium

130 2182 301 2222 honorare,
324 2184 432 2222 mitre⁷
454 2185 552 2219 anuli,
569 2185 689 2221 tunice,
704 2185 891 2224 dalmatico,
909 2189 942 2217 et
962 2186 1119 2217 sandalio-

128 2248 197 2269 rum
232 2249 340 2277 usum,
377 2250 501 2271 necnon
539 2242 735 2281 potestatem
777 2241 987 2273 benedicendi
1016 2243 1118 2284 pallas

132 2294 258 2333 altaris,
273 2294 394 2326 calices
417 2300 451 2326 et
471 2296 658 2328 indumenta
670 2298 899 2337 sacerdotalia,
916 2298 972 2329 tibi
990 2300 1118 2340 tuisque

133 2352 389 2391 successoribus,
401 2352 440 2383 ad
455 2363 532 2394 opus
544 2353 643 2394 ipsius
655 2355 855 2393 monasterii,
870 2352 899 2385 in
914 2357 1117 2397 perpetuum,

133 2417 189 2448 per
222 2417 296 2438 suas
320 2408 415 2439 duxit
447 2408 574 2440 litteras
604 2410 857 2442 concedendum.
884 2411 1016 2449 Verum,
1047 2413 1119 2453 quia

132 2464 273 2495 nonnulli
301 2465 438 2505 gratiam
476 2465 658 2507 hujusmodi
696 2467 896 2509 restringere
937 2468 1117 2505 moliente&

133 2521 232 2552 verba
243 2521 298 2552 illa
312 2521 466 2552 videlicet
482 2531 489 2553 2
504 2521 552 2553 ad
561 2533 642 2566 opus
658 2523 709 2554 lui
725 2524 931 2561 manasserii,
948 2525 978 2555 in
994 2525 1120 2565 predio-

130 2577 171 2608 tis
186 2579 339 2608 contenta
359 2577 493 2616 litteris,
515 2589 575 2610 non
593 2580 632 2610 ad
646 2579 857 2611 benedicendi
875 2580 978 2621 pallas
992 2581 1117 2619 altaris,

131 2633 251 2664 calices
273 2636 306 2664 et
325 2633 512 2665 indui‘uenta
535 2635 751 2667 sacerdotalia
767 2639 962 2677 potestatem
981 2640 1117 2675 tautum,

132 2690 190 2721 sed
210 2690 308 2721 etiam
330 2691 368 2720 ad
392 2691 498 2728 mitre,
512 2691 610 2729 anuli,
629 2693 749 2731 tunice,
773 2692 1120 2725 dalmaticoetsauda-

131 2745 243 2777 liorum
263 2757 353 2777 usum
367 2748 520 2777 asserunt
534 2747 720 2787 referenda,
742 2749 898 2780 elucidari
922 2750 1119 2781 dubietatem

133 2802 315 2843 hujusmodi
349 2802 517 2844 apostolici
553 2802 776 2835 declaratione
805 2806 925 2836 oraculi
958 2806 1147 2837 hmnilitow

133 2859 315 2900 postulasti.
327 2859 391 2890 Nos
406 2860 527 2900 itaque,
540 2860 784 2891 tuedevotionis
800 2861 1118 2902 precibusinclinati‚

133 2915 215 2956 quod
235 2915 392 2947 dictorum
414 2915 584 2947 verborum
598 2916 828 2948 determinatio
844 2920 968 2948 tantum
987 2919 1120 2960 respicit
1146 2914 1147 2922 ¹

2084 303 2146 333 607

1165 372 1448 403 vestimentorum.
1469 380 1529 400 non
1551 380 1609 409 que
1626 369 1665 400 de
1681 380 1738 400 usu
1751 370 1859 408 mitre,
1875 370 1963 401 anuli
1974 375 2006 400 et
2016 370 2149 402 aliorum

1165 426 1391 468 pontificalium
1435 425 1673 466 premittuntur.

1166 482 1382 514 declaramus.
1415 481 1498 512 Nulli
1514 481 1607 521 feto}

1714 426 1914 456 auctoritate
1952 427 2150 467 presentium

1631 484 1739 512 nostre
1758 482 1989 513 declarationis
2005 484 2070 514 etc.
2091 483 2152 513 Da-

1167 541 1230 569 tum
1251 538 1401 571 viterbii,
1426 538 1488 568 XV
1510 536 1757 577 kalentlasjulii,
1779 548 1861 568 anno
1884 538 1995 569 tertio.
2025 553 2038 565 »

1243 678 1338 703 1969
1736 677 1859 705 vuerhe,
1881 680 1909 702 1¹.»
1932 678 1986 702 mai
2007 679 2081 703 1257.

1203 768 1317 793 llectori
1337 767 1479 793 ecclesiae
1504 769 1529 792 S.
1559 767 1667 793 >tamarit
1684 766 1825 801 indulget,
1844 770 1874 792 ut
1890 768 1923 793 de
1941 771 2037 794 cetero
2055 767 2153 793 nullus

1167 815 1318 849 religiosus
1335 815 1463 840 decimas
1479 815 1514 840 ad
1535 814 1728 840 veclesiamS.
1741 814 1850 840 Nazarii
1867 818 2043 847 spectantes,
2067 815 2152 841 titulo

1165 862 1334 888 donationis
1356 862 1398 887 vel
1418 861 1484 895 alio,
1515 862 1550 887 de
1567 862 1708 887 laicorum
1735 861 1871 887 manibus
1897 862 2026 895 recipere
2050 862 2152 894 valeat,

1166 912 1316 943 praetextu
1358 917 1612 943 quarumcumque
1636 909 1799 934 litterarum
1816 909 2051 941 impetraturum,
2071 917 2146 943 quae

1166 958 1200 984 de
1226 957 1340 983 indulto
1358 956 1527 990 hujusmodi
1544 964 1712 990 expressam
1730 964 1789 988 non
1811 956 1937 981 fecerint
1955 956 2147 982 mentionem.

1166 1006 1245 1033 (Rau.
1265 1006 1307 1036 25,
1323 1013 1348 1030 a.
1363 1004 1408 1035 ΙΙΙ,
1426 1012 1450 1029 c.
1467 1005 1527 1033 2359,
1546 1004 1564 1029 f.
1582 1004 1637 1032 47.)

1212 1110 1225 1121 υ
1254 1121 1272 1125 ..
1294 1093 1415 1125 rectori
1437 1092 1572 1124 ecclesie
1609 1091 1726 1123 sancti
1747 1091 1901 1129 Nummi,
1925 1092 2149 1123 :vannecemis

1166 1151 1319 1182 diocesis.
1345 1150 1542 1192 Significasti
1556 1149 1658 1187 uobis,
1678 1149 1759 1190 quod
1781 1149 1985 1189 quamplures
2006 1149 2151 1189 religiosi

1167 1208 1385 1239 Nanuetensis
1408 1207 1548 1237 diocesis
1576 1205 1743 1236 nonnullas
1764 1205 1905 1236 decimas
1928 1205 1959 1235 in
1985 1205 2153 1246 parrochia

1165 1267 1220 1296 tua
1241 1263 1380 1294 ecclesie
1396 1263 1506 1294 Sancti
1532 1262 1657 1293 Nazarii
1678 1261 1715 1292 ad
1745 1261 1919 1292 ecclesiam
1941 1261 2042 1302 ipsam
2064 1271 2156 1302 spec-

1166 1324 1286 1359 tantes,
1309 1319 1490 1350 donationis
1507 1320 1540 1349 et
1556 1318 1628 1349 aliis
1646 1318 1749 1348 titulis
1770 1317 1808 1348 de
1831 1318 1986 1348 laicorum
2008 1317 2151 1348 manibus

1166 1378 1375 1418 receperunt,
1403 1376 1433 1406 in
1463 1385 1564 1415 grave
1602 1375 1701 1416 ipsius
1741 1374 1881 1406 ecclesie
1906 1374 2153 1405 detrimentum.

1168 1434 1232 1464 Nos
1252 1433 1361 1474 igitur.
1381 1433 1443 1462 tuis
1460 1431 1745 1472 supplicationibus
1767 1431 1923 1467 inclinati,
1935 1432 1968 1461 ut
1984 1430 2023 1461 de
2038 1432 2149 1461 cetero

1167 1491 1272 1521 nullus
1289 1489 1462 1530 religiosus
1484 1488 1665 1529 hujusmodi
1685 1488 1827 1518 decimas
1843 1488 1874 1517 in
1891 1487 2020 1527 prefata
2040 1496 2150 1528 parro-

1167 1548 1239 1577 chia
1260 1546 1493 1582 consistentes,
1512 1544 1693 1576 donationis
1708 1544 1761 1574 vel
1777 1543 1839 1574 alio
1861 1544 1965 1581 titulo,
1995 1544 2147 1584 pretextu

1169 1612 1439 1644 quatumcumque
1450 1602 1630 1632 litterarum
1646 1601 1892 1641 impetratarum
1913 1609 1968 1630 seu
1980 1600 2156 1641 impetran-

1168 1660 1280 1691 darum
1306 1660 1338 1690 in
1360 1661 1538 1701 posterum,
1573 1658 1694 1698 absque
1732 1659 1786 1688 tuo
1829 1667 1978 1689 assensu.
2008 1656 2154 1697 recipere

1169 1716 1291 1754 valeat,
1308 1715 1477 1746 dummodo
1499 1717 1533 1745 tu
1549 1716 1680 1756 paratus
1693 1715 1737 1744 sis
1751 1724 1806 1745 eas
1821 1713 1993 1751 redimere,
2016 1712 2157 1743 auctori-

1170 1775 1236 1804 tate
1264 1772 1321 1803 tibi
1352 1772 1551 1814 presentium
1590 1770 1807 1811 indulgemus,
1841 1770 1902 1800 nisi
1931 1769 2017 1800 dicte
2044 1769 2153 1800 littere

1169 1828 1371 1870 impetrande
1389 1828 1428 1859 de
1443 1828 1565 1858 indulto
1581 1826 1765 1868 hujusmodi
1778 1826 1904 1867 plenam
1918 1828 1951 1856 et
1966 1834 2155 1866 expressam

1170 1882 1705 1925 fecerintmeutionem.Nulli[etc.
1719 1884 1841 1924 §nostre
1853 1882 2073 1913 concessionis
2088 1882 2156 1911 etc.

1171 1942 1285 1972 Datum
1308 1940 1458 1977 viterbii,
1485 1940 1576 1971 ΧΙΙΙΙ
1593 1939 1748 1970 Kalendas
1765 1938 1850 1979 julii.
1876 1948 1958 1968 anno
1985 1938 2095 1969 tertio.
2123 1950 2135 1963 n

1249 2096 1344 2122 1970
1753 2093 1877 2124 Viterbe,
1896 2094 1924 2117 lu
1937 2092 1994 2118 mai
2012 2093 2087 2117 1257.

1207 2188 1354 2221 Stephano
1375 2187 1489 2214 Martini
1507 2186 1649 2221 indulget,
1669 2188 1699 2212 ut
1721 2186 1870 2220 portiones
1895 2188 1922 2211 et
1945 2185 2155 2219 praestimonia

1171 2237 1200 2262 in
1215 2238 1241 2263 S.
1275 2236 1422 2262 Michaelis
1442 2236 1477 2262 de
1494 2236 1657 2262 Erimomar
1672 2238 1701 2261 et
1716 2236 1743 2261 S.
1757 2234 1870 2260 Martini
1885 2235 1920 2260 de
1934 2234 2043 2265 Planis,
2058 2234 2157 2259 Lame-

1171 2285 1267 2310 censis
1289 2284 1442 2316 dioecesis,
1458 2283 1598 2312 ecclesiis.
1624 2290 1749 2317 quarum
1771 2282 1871 2308 existit
1893 2281 2101 2316 portionarius.
2127 2284 2155 2306 et

1171 2340 1295 2365 quarum
1325 2334 1482 2366 proventus
1514 2331 1603 2357 trium
1635 2330 1822 2356 marcharum
1849 2330 1962 2364 argenti
1996 2329 2153 2355 valentiam

1171 2387 1231 2406 non
1247 2379 1404 2410 excedunt,
1430 2379 1507 2405 licite
1522 2379 1648 2405 retinere
1667 2378 1766 2412 possit.
1785 2379 1862 2411 (nm.
1881 2379 1922 2407 25,
1940 2385 1964 2403 a.
1985 2377 2029 2407 ΙΙΙ,
2048 2385 2071 2402 c.
2094 2378 2155 2407 360,

1172 2427 1190 2453 s.
1209 2429 1262 2453 470

1248 2531 1261 2545 u
1294 2517 1463 2560 Stephano
1515 2516 1666 2552 Martini,

1172 2572 1347 2605 Michaelis
1364 2573 1404 2605 de
1435 2574 1622 2611 Ermomar,
1648 2572 1888 2605 Lemovicensis
1910 2571 1983 2613 (εἰς)
2006 2571 2157 2604 diocesis.

1172 2630 1328 2661 Precibus
1368 2631 1428 2661 tuis
1462 2649 1514 2661 —.
1547 2632 1615 2661 Dat.
1653 2630 1800 2665 vitei-bii,
1841 2629 1930 2660 XVII
1968 2628 2031 2659 kal.

1172 2697 1252 2717 anno
1284 2687 1390 2718 tertio.
1419 2703 1431 2714 υ

1704 2516 1917 2559 portionarii)
1963 2514 2095 2547 ecclesie
2121 2516 2156 2546 S.

2071 2628 2154 2669 julii,

1248 2846 1337 2872 ¹971
1717 2845 1842 2873 Vitetbe„
1864 2845 1970 2877 leuin
1989 2846 2064 2869 1257.

1208 2934 1332 2961 obtentu
1346 2936 1446 2970 noge·-
1442 2936 1459 2961 u
1473 2935 1717 2961 comitisTusciae
1730 2934 1860 2969 palatini
1871 2938 2013 2960 rectorem
2022 2937 2051 2960 et
2063 2933 2157 2960 eccle-

135 2971 217 3011 quod
238 2972 381 3013 proxime
421 2971 539 3003 dicitur
575 2971 614 3003 de
647 2972 871 3004 benedictione
911 2973 983 3014 pall
985 2985 1064 3005 tr'llnl
1087 2976 1121 3006 et
1145 2961 1147 3014 Ι
1172 2983 1244 3008 siim
1260 2983 1285 3009 S.
1304 2983 1436 3009 Andreae
1452 2982 1487 3009 de
1505 2982 1642 3013 noadota,
1661 2990 1711 3016 pei
1725 2982 1844 3008 nuntios
1859 2982 2154 3016 quondamFiederic
