2477 3512
220 264 263 297 64
916 236 1185 298 REGISTRES
1211 264 1563 297 D’ALEXANDRE
1591 265 1640 297 IV

219 370 452 412 «episcopum
473 370 529 402 vel
549 373 764 402 conventum
786 380 843 401 scu
866 380 928 412 per
946 370 1083 403 litteras
1103 382 1223 404 eorum

218 424 339 457 «idem
379 425 597 457 certificatus
635 425 740 457 fuerit
779 426 820 457 de
860 426 1047 466 premissis,
1088 427 1222 459 dictum

218 492 231 508 «
245 480 386 521 gagium
409 479 515 512 libere
537 481 703 512 restituat
725 480 857 521 absque
881 490 989 512 mora.
1016 481 1105 513 Item
1128 483 1222 524 quod

217 534 430 576 «episcopus
457 537 493 566 et
519 535 662 567 ecclesia
692 535 979 576 Pampilonenses
1003 539 1039 567 et
1064 536 1222 569 homines

217 588 399 631 «ipsorum
426 590 565 631 pascuis
590 593 624 621 et
651 590 852 621 nemoribus
878 593 1027 622 utantur
1051 602 1090 622 eo
1116 593 1221 624 modo

216 652 313 684 «quo
341 642 393 674 uti
421 646 692 674 consueverunt.
725 643 813 675 Item
842 644 935 685 quod
964 654 1044 685 pars
1072 644 1151 676 ville
1179 646 1221 677 de

216 695 344 726 «Aoris
370 695 583 727 restituatur
609 696 714 737 priori
742 699 777 728 et
804 696 945 728 ecclesie
974 697 1221 739 Pampilonen-

215 759 228 776 ι(
242 747 339 780 sibus
353 748 548 780 secundum
565 749 659 790 quod
675 748 710 780 in
726 749 853 781 litteris
869 750 1036 781 carissimi
1052 751 1219 791 genitoris

214 800 363 838 «nostri,
386 801 566 843 quondam
587 801 676 843 regis
697 802 866 839 Namrrc,
889 803 1102 835 continetur.
1128 803 1218 836 Item

214 853 336 895 «quod
362 853 521 886 homines
546 855 590 886 ad
616 854 778 887 ecclesias
802 856 1044 896 confugientes
1070 866 1131 898 per
1155 866 1218 889 nos

211 905 294 939 «vel
323 909 462 939 nostros
492 917 561 939 non
592 908 838 945 extrahantur,
869 908 934 940 nisi
964 908 998 940 in
1028 909 1167 941 casibus
1197 919 1216 941 a

211 959 315 1000 «jure
335 960 518 998 concessis,
542 970 604 993 nec
624 961 862 993 sustineamus
883 962 976 1003 quod
999 972 1060 1003 per
1080 962 1216 1004 aliquos

211 1012 281 1045 «de
325 1013 481 1045 dominio
526 1016 647 1046 nostro
691 1014 937 1046 extrahantur.
986 1015 1075 1047 Item
1121 1015 1215 1056 quod

210 1076 224 1094 ι(
238 1064 397 1098 homines
421 1066 574 1108 episcopi
599 1070 633 1098 et
653 1067 793 1099 ecclesie
815 1067 1140 1109 Pampilonensium
1156 1068 1215 1109 qui

209 1120 321 1150 «sunt
351 1122 452 1151 extra
484 1119 701 1151 territorium
732 1120 805 1152 sive
839 1121 1006 1152 terminos
1039 1121 1215 1163 Pampilo-

210 1180 361 1203 «nenses
388 1181 456 1203 non
484 1172 743 1214 compellantur
769 1173 817 1205 ire
844 1174 888 1204 ad
915 1174 1109 1205 exercitum
1138 1184 1215 1205 nos-

210 1226 345 1261 «trum,
379 1224 444 1256 nisi
475 1225 523 1256 ire
555 1226 814 1257 consueverint.
857 1226 946 1258 Item
979 1228 1072 1269 quod
1099 1230 1213 1259 castra

209 1277 279 1309 «de
313 1277 382 1310 Oro
415 1281 451 1309 et
485 1278 605 1310 Sancti
640 1279 810 1320 Stephani
844 1280 886 1311 de
920 1280 1041 1312 Monte
1076 1281 1212 1312 Jordini

209 1330 431 1362 «reddantur
472 1331 636 1373 episcopo
680 1332 943 1374 Pampilonensi
986 1344 1066 1365 cum
1110 1334 1212 1370 villis,

207 1382 427 1415 «honoribus
465 1387 501 1415 et
539 1384 762 1426 pertinentiis
800 1385 910 1427 ipsius
947 1387 1053 1418 castri
1093 1387 1213 1419 Sancti

207 1434 417 1478 «Stephani,
448 1437 498 1469 ita
528 1438 622 1479 quod
653 1438 746 1470 idem
775 1439 961 1480 episcopus
990 1440 1034 1471 ad
1064 1450 1212 1481 parvam

206 1488 306 1521 «vim
330 1491 366 1521 et
389 1498 555 1531 magnam
579 1493 744 1523 teneatur
765 1492 924 1534 predicta
948 1493 1087 1525 tradere
1112 1493 1213 1525 nobis

207 1542 289 1574 «vel
309 1545 404 1574 certo
425 1544 596 1576 mandato
617 1547 749 1582 nostro,
771 1555 834 1577 nos
854 1555 937 1577 vero
958 1556 1028 1577 non
1049 1548 1213 1588 petamus

206 1606 220 1623 «
234 1604 286 1632 ea,
305 1595 371 1627 nisi
386 1595 582 1628 habeamus
599 1597 847 1630 necessitatem
864 1598 1077 1636 evidentem,
1096 1609 1213 1631 neces-

206 1647 340 1680 «sitate
369 1656 452 1680 vero
479 1648 594 1687 finita,
624 1652 809 1682 teneamur
836 1661 875 1683 ea
904 1651 1088 1683 restituere
1117 1652 1212 1684 dicto

207 1700 397 1743 «episcopo
429 1701 464 1733 in
497 1711 537 1734 eo
569 1705 667 1734 statu
700 1703 734 1735 in
769 1714 838 1745 quo
871 1704 947 1745 ipsa
980 1705 1212 1746 receperimus

206 1763 314 1785 «cum
340 1754 505 1787 omnibus
532 1765 599 1797 que
626 1753 757 1788 ibidem
783 1756 985 1789 invenimus
1011 1758 1066 1789 vel
1093 1757 1211 1790 valore

207 1818 219 1834 «
235 1816 355 1839 eorum
379 1807 452 1839 sine
475 1808 592 1850 aliqua
617 1809 842 1847 difficultate,
866 1812 901 1842 et
924 1810 962 1847 si,
988 1812 1082 1852 quod
1106 1811 1209 1848 absit,

205 1860 333 1891 «nobis
379 1861 594 1898 tenentibus,
642 1862 737 1894 dicta
783 1866 899 1894 castra
946 1864 1208 1901 amitterentur,

204 1915 416 1945 «teneamur
445 1914 489 1946 ad
523 1916 887 1956 recompensationem
919 1916 1113 1958 plenariam
1145 1917 1209 1959 ipsi

204 1977 216 1994 «
230 1965 394 2008 episcopo
412 1967 622 1999 faciendam.
646 1968 734 2000 Item
752 1970 846 2010 quod
865 1970 982 2002 omnia
1001 1980 1210 2012 quecunque

203 2029 293 2051 «nos
312 2019 497 2062 episcopus
517 2023 553 2052 ct
573 2021 716 2053 ecclesia
735 2021 1023 2064 Pampilonenses
1039 2023 1210 2055 habemus

203 2074 266 2103 «et
294 2072 514 2113 possidemus
541 2083 600 2105 seu
629 2074 758 2106 habere
787 2075 956 2108 debemus
983 2076 1037 2108 vel
1066 2077 1210 2108 habebi-

203 2134 309 2156 «mus
333 2135 392 2157 seu
419 2126 676 2167 possidebimus
701 2131 764 2159 aut
789 2128 917 2160 habere
943 2130 1150 2161 debebimus
1176 2130 1209 2161 in

204 2177 313 2209 «villa
342 2178 605 2220 Pampilonensi
632 2184 664 2212 et
695 2181 729 2212 in
757 2182 942 2213 territoriis
969 2183 1023 2214 vel
1054 2183 1210 2214 terminis

203 2230 340 2272 «ipsius
366 2231 435 2262 sint
463 2233 664 2265 communia
692 2234 784 2265 inter
811 2245 872 2266 nos
899 2238 933 2266 et
961 2235 1054 2277 ipsos
1080 2236 1211 2277 episco-

203 2293 316 2325 «pum
340 2287 374 2315 et
399 2285 581 2317 ecclesiam
606 2286 904 2328 Pampssonenscs,
940 2289 987 2319 ita
1022 2290 1115 2330 quod
1149 2300 1211 2320 nos

204 2335 295 2367 «soli
330 2336 524 2369 habeamus
560 2339 800 2377 medietatem,
836 2344 871 2372 et
906 2342 989 2372 dicti
1025 2342 1210 2383 episcopus

203 2391 266 2420 «et
307 2389 449 2421 ecelesia
494 2391 780 2433 l'ampilonenses
821 2393 924 2425 aliam
970 2395 1208 2432 medietatem,

204 2441 303 2473 «sive
341 2443 410 2474 sint
450 2444 560 2479 vinee,
601 2448 714 2486 prata,
754 2447 965 2483 molendina,
1006 2448 1208 2489 pedaticum

203 2506 217 2523 α
233 2494 350 2532 Judei,
372 2496 504 2528 decime
524 2500 558 2528 et
577 2497 716 2538 justitia
737 2499 816 2530 ville
836 2509 875 2531 ac
896 2500 1021 2541 petitio
1040 2501 1210 2541 generalis

203 2558 216 2576 «
230 2547 326 2579 facta
347 2557 365 2579 a
387 2548 487 2580 nobis
506 2552 541 2580 et
562 2550 664 2581 dictis
685 2551 848 2593 episcopo
868 2553 923 2584 vel
943 2553 1085 2585 ecclesia
1105 2564 1210 2596 super

202 2601 526 2634 «communitatem
562 2603 641 2635 ville
693 2605 982 2646 Pampilonensis,
1019 2610 1051 2638 et
1091 2608 1208 2639 onmia

202 2653 297 2685 «alia
324 2663 535 2696 quocunque
559 2657 663 2687 modo
687 2658 899 2698 pertinentia
924 2660 967 2690 ad
992 2670 1054 2691 nos
1076 2663 1109 2691 et
1135 2670 1209 2701 pre-

202 2705 343 2738 «dictos
373 2707 578 2749 episcopum
616 2712 651 2740 et
688 2710 869 2742 ecclesiam
908 2712 1207 2754 Pampilonenses‚

203 2759 386 2800 «exceptis
417 2760 557 2800 justitia
590 2763 824 2795 ecclesiastica
858 2764 891 2795 in
925 2766 1080 2806 personis
1112 2766 1208 2798 cleri-

203 2821 350 2843 «eorum
385 2816 420 2844 et
456 2813 679 2846 institutione
715 2816 937 2854 vicariorum,
974 2829 1041 2860 que
1077 2820 1207 2851 debent

203 2874 335 2905 «penes
359 2865 563 2907 episcopum
589 2877 778 2900 remanere.
806 2870 1097 2903 Emolumentum
1124 2882 1206 2904 vero

205 2919 267 2947 «et
297 2918 502 2960 temporale,
533 2919 560 2951 si
591 2921 685 2962 quod
715 2921 795 2953 inde
825 2923 991 2961 evenerit,
1023 2924 1114 2956 inter
1144 2935 1207 2956 nos

201 2969 431 3012 «episcopum
472 2974 508 3004 et
550 2973 731 3006 ecclesiam
773 2976 973 3008 comuniter
1013 2977 1204 3015 dividetur,

1328 372 1405 403 «ita
1431 372 1524 413 quod
1550 381 1612 403 nos
1634 372 1697 403 soli
1720 372 1930 403 habebimus
1954 371 2192 407 medietatem,
2216 374 2251 403 et
2274 382 2333 403 ex-

1328 427 1466 468 «ceptis
1510 427 1674 458 domibus
1717 427 1845 459 nostris
1888 430 1923 459 et
1967 426 2131 459 domibus
2174 426 2331 468 ipsorum

1328 482 1504 524 «propriis
1538 484 1573 513 et
1607 482 1772 514 domibus
1805 482 2067 518 canonicorum,
2104 491 2333 523 personarum

1327 540 1390 568 «et
1411 536 1557 578 capituli
1578 537 1719 569 ecclesie
1742 536 2022 579 Pampilonensis
2042 546 2122 568 cum
2144 536 2333 568 curialibus

1326 595 1389 623 «et
1418 592 1593 624 viridariis
1622 592 1751 624 nostris
1780 595 1816 624 et
1844 592 2011 634 ipsorum,
2042 592 2091 623 ita
2121 592 2227 633 quod,
2258 594 2333 623 tam

1325 654 1416 683 «nos
1442 655 1550 686 quam
1576 645 1760 686 episcopus
1785 648 1820 677 et
1847 645 2006 677 canonici
2031 644 2329 686 Pampilonenses,

1325 698 1527 740 «possimus
1555 698 1678 730 domos
1707 701 1844 730 nostras
1872 701 1908 730 et
1936 697 2125 740 porprisias
2154 707 2242 739 quas
2270 707 2332 729 nos

1324 754 1386 782 «et
1412 751 1475 792 ipsi
1502 751 1674 782 babemus
1699 754 1761 783 aut
1786 751 2006 787 habebimus,
2033 750 2249 792 amplificare
2274 750 2329 782 vel

1324 814 1547 836 «excrescere
1578 805 1681 836 titulo
1710 804 1900 846 emptionis
1928 814 1988 835 seu
2017 804 2084 835 alio
2115 804 2218 835 modo
2247 803 2329 844 legi-

1323 869 1336 885 «
1351 857 1438 888 timo
1461 860 1567 899 prout
1591 858 1690 889 nobis
1712 858 1904 889 viderimus
1925 857 2113 899 expedire;
2136 857 2186 888 ita
2209 859 2329 888 tamen

1323 922 1335 937 «
1351 911 1444 951 quod
1470 911 1509 947 si,
1535 910 1626 942 infra
1652 911 1747 942 illam
1773 910 2088 952 amplificationem
2114 910 2168 941 vel
2194 919 2331 942 excres-

1323 963 1514 999 «centiam,
1546 963 1688 1005 aliquod
1720 964 1905 996 fecerimus
1934 964 1989 994 vel
2021 963 2329 995 hedificaverimus

1323 1028 1335 1043 «
1353 1016 1441 1056 (sic)
1470 1016 1512 1048 de
1539 1026 1608 1058 quo
1635 1017 1794 1048 redditus
1822 1016 1929 1058 aliqui
1957 1016 2205 1058 percipientur,
2233 1016 2329 1058 quod

1322 1081 1334 1096 «
1349 1069 1398 1100 illi
1419 1069 1579 1101 redditus
1600 1069 1671 1101 sint
1691 1080 1896 1102 communes
1916 1070 2008 1101 inter
2029 1079 2101 1106 nos,
2124 1069 2329 1111 episcopum

1321 1124 1385 1153 «et
1403 1122 1587 1154 ecclesiam
1607 1122 1894 1164 pampilonenses
1912 1122 2145 1164 supradictos,
2165 1121 2214 1154 ita
2234 1122 2329 1164 quod

1320 1175 1389 1206 «de
1409 1175 1475 1207 hiis
1496 1175 1691 1207 habeamus
1710 1176 1772 1207 soli
1792 1175 2033 1207 medietatem.
2057 1175 2158 1212 Item,
2178 1170 2328 1217 excepto

1319 1240 1331 1256 «
1347 1228 1441 1269 quod
1457 1228 1642 1270 episcopus
1664 1229 1698 1260 in
1714 1229 1792 1260 vico
1821 1228 2001 1261 communi
2027 1228 2118 1260 unde
2145 1230 2331 1260 transeunt

1319 1281 1518 1322 «peregrini
1550 1282 1640 1314 circa
1672 1282 1840 1313 Sanctam
1872 1282 2036 1313 Ceciliam
2066 1281 2122 1313 vel
2153 1281 2237 1313 alibi
2268 1281 2328 1313 ubi

1319 1334 1530 1376 «episcopus
1558 1334 1722 1372 voluerit,
1752 1335 1910 1377 exceptis
1939 1335 2104 1366 domibus
2133 1334 2262 1366 nostris
2290 1337 2326 1367 et
2375 1332 2385 1337 “

1318 1388 1624 1429 «amplIficatione
1656 1398 1717 1420 seu
1749 1388 1988 1420 excrescentia
2021 1397 2129 1429 quam
2161 1387 2326 1420 volumus

1318 1453 1330 1468 «
1346 1440 1459 1472 facere
1480 1441 1571 1473 circa
1595 1442 1718 1473 domos
1740 1444 1878 1473 nostras
1899 1451 1988 1483 quas
2009 1441 2178 1472 debemus
2199 1440 2327 1473 habere

1318 1494 1390 1525 «ab
1430 1494 1595 1536 episcopo
1635 1504 1744 1536 prope
1786 1495 1957 1526 Sanctum
1999 1494 2155 1530 Petrum,
2196 1494 2327 1535 poterit

1318 1558 1330 1575 «
1346 1546 1475 1578 habere
1495 1547 1529 1579 in
1551 1548 1699 1589 duplum
1720 1558 1828 1589 quam
1847 1548 1892 1579 sit
1912 1547 2069 1589 spatium
2091 1546 2219 1579 cellarii
2239 1546 2328 1589 epis-

1321 1600 1425 1641 «copi
1459 1601 1644 1632 domorum
1678 1604 1762 1632 ante
1794 1601 1977 1633 ecclesiam
2011 1600 2131 1632 Sancti
2165 1599 2260 1631 Petri
2292 1602 2328 1631 et

1319 1666 1330 1680 u
1346 1653 1411 1684 loci
1437 1654 1593 1694 contigui
1620 1654 1678 1685 ubi
1704 1656 1801 1685 stant
1827 1653 1919 1695 cupi,
1946 1653 1980 1684 in
2006 1656 2101 1685 recto
2126 1652 2256 1685 cellarii
2281 1653 2325 1685 ad

1319 1718 1331 1733 «
1348 1705 1550 1738 faciendum
1578 1707 1758 1738 cellarium
1786 1709 1821 1738 et
1850 1707 1973 1738 domos
2000 1715 2106 1748 supra
2134 1705 2325 1738 cellarium.

1317 1759 1395 1790 «Et
1425 1759 1453 1790 si
1483 1759 1520 1790 in
1552 1760 1676 1791 eodem
1708 1760 1824 1802 spatio
1857 1759 1950 1791 ultra
1981 1759 2161 1791 cellarium
2192 1758 2325 1802 aliquid

1316 1824 1329 1840 «
1343 1811 1482 1844 factum
1499 1812 1616 1850 fuerit,
1635 1811 1740 1845 liceat
1757 1813 1932 1855 episcopo,
1951 1812 1980 1844 si
1997 1812 2160 1849 voluerit,
2179 1811 2225 1844 ad
2243 1821 2325 1845 suos

1316 1875 1429 1897 «usus
1468 1865 1628 1908 proprios
1666 1866 1827 1904 retinere,
1867 1865 1924 1898 vel
1963 1876 2026 1908 pro
2066 1865 2215 1907 negotiis
2253 1865 2325 1897 suis

1315 1918 1488 1959 «agendis
1519 1918 1652 1951 ibidem
1676 1919 1889 1951 servientem
1914 1919 2097 1961 proprium
2127 1928 2188 1950 seu
2212 1918 2326 1951 homi-

1316 1984 1329 1999 «
1345 1981 1425 2003 nem
1466 1972 1648 2014 deputare,
1689 1976 1725 2004 et
1766 1972 1933 2014 quicquid
1974 1971 2205 2004 emolumenti
2243 1971 2325 2004 inde

1316 2025 1503 2056 «evenerit
1525 2025 1631 2057 solius
1654 2026 1808 2068 episcopi
1831 2026 1908 2057 erit.
1934 2025 2036 2065 Quod
2059 2025 2087 2057 si
2110 2034 2180 2056 non
2202 2024 2325 2057 fecerit

1315 2078 1541 2120 «episcopus,
1569 2079 1629 2111 sed
1657 2079 1836 2111 edificium
1864 2078 2065 2121 predictum
2091 2087 2198 2120 supra
2224 2077 2327 2110 cella-

1315 2143 1328 2159 «
1343 2131 1434 2162 rium
1454 2134 1701 2164 constructum
1720 2132 1778 2164 alii
1798 2132 1978 2169 locaverit,
1999 2141 2131 2163 merces
2149 2131 2243 2163 inter
2261 2140 2324 2163 nos

1315 2196 1327 2212 «
1342 2187 1378 2216 et
1422 2184 1606 2216 ecclesiam
1651 2185 1961 2227 Pampilonensem
2005 2184 2203 2217 communis
2245 2183 2323 2221 erit,

1315 2237 1393 2269 «ita
1417 2238 1511 2279 quod
1535 2248 1597 2269 nos
1619 2238 1684 2270 soli
1707 2239 1937 2270 medietatem
1959 2238 2165 2270 habeamus.
2189 2237 2238 2269 Et
2260 2246 2324 2269 nos

1315 2290 1502 2322 «similiter
1524 2290 1559 2322 in
1583 2294 1697 2323 strata
1721 2291 1873 2333 publica,
1900 2291 1992 2323 unde
2016 2293 2203 2322 transeunt
2226 2299 2324 2332 pere-

1315 2355 1327 2371 «
1342 2343 1431 2384 grini
1454 2343 1509 2375 vel
1535 2344 1619 2375 alibi
1645 2344 1706 2375 ubi
1730 2345 1957 2381 voluerimus,
1978 2343 2135 2386 exceptis
2160 2343 2324 2375 domibus

1315 2396 1497 2438 «episcopi
1522 2399 1557 2428 et
1582 2397 1844 2434 canonicorum,
1871 2397 2066 2439 poterimus
2090 2396 2219 2428 habere
2245 2399 2326 2428 tan-

1315 2460 1328 2478 «
1343 2450 1491 2481 tundem
1511 2450 1629 2492 spatii.
1652 2450 1699 2482 Et
1723 2450 1780 2492 [si]
1803 2451 1837 2482 in
1858 2450 1974 2492 spatio
1995 2449 2090 2492 quod
2111 2449 2323 2481 habebimus

1315 2515 1327 2531 «
1343 2502 1476 2544 aliquid
1494 2502 1586 2535 ultra
1603 2503 1783 2535 cellarium
1799 2504 1936 2536 factum
1952 2503 2069 2539 fuerit,
2088 2502 2193 2534 liceat
2209 2501 2322 2540 nobis,

1315 2555 1369 2587 «si
1392 2555 1619 2593 voluerimus,
1646 2557 1690 2588 ad
1716 2566 1799 2588 usus
1822 2557 1982 2599 proprios
2006 2556 2155 2588 retinere
2178 2554 2235 2587 vel
2258 2564 2322 2597 pro

1314 2608 1492 2650 «negotiis
1518 2609 1647 2641 nostris
1674 2610 1819 2651 agendis
1846 2609 1977 2642 ibidem
2003 2608 2218 2641 servientem
2244 2617 2324 2650 pro-

1315 2662 1458 2703 «prium
1483 2671 1543 2694 seu
1569 2662 1749 2695 hominem
1775 2663 1957 2705 deputare,
1984 2666 2020 2696 et
2045 2661 2214 2704 quicquid
2238 2660 2322 2693 inde

1313 2714 1570 2747 «emolumenti
1595 2716 1762 2753 evenerit,
1789 2716 1900 2748 nostri
1924 2717 2030 2748 solius
2055 2716 2131 2748 erit.
2166 2713 2268 2754 Quod
2293 2713 2322 2746 si

1313 2777 1411 2799 «non
1448 2767 1644 2805 fecerimus,
1682 2769 1742 2801 sed
1780 2769 1959 2802 edificium
1995 2778 2102 2811 supra
2139 2766 2322 2800 cellarium

1312 2823 1584 2853 «constructum
1614 2821 1672 2853 alii
1700 2820 1944 2860 locaverimus,
1975 2831 2106 2854 merces
2134 2821 2228 2852 inter
2255 2828 2319 2851 nos

1312 2876 1374 2904 «et
1400 2873 1581 2905 ecclesiam
1608 2874 1916 2916 pampilonensem
1941 2875 2139 2907 communis
2164 2873 2241 2910 erit,
2267 2872 2319 2905 ita

1311 2927 1433 2968 «quod
1478 2937 1539 2958 nos
1581 2926 1643 2958 soli
1686 2928 1916 2960 medietatem
1957 2928 2178 2960 habebimus.
2224 2925 2316 2957 Item

1310 2979 1494 3021 «exeeptis
1534 2980 1691 3012 exercitu
1732 2983 1767 3012 et
1808 2980 1995 3023 cavalgata
2037 2991 2104 3024 que
2146 2979 2316 3014 debemus
