2477 3512
203 267 245 299 94
902 263 1171 298 REGISTRES
1196 263 1549 297 D'ALEXANDRE
1578 263 1626 296 IV

203 382 244 415 ga
261 376 296 405 et
312 384 354 405 en
374 373 386 392 ¹
401 371 656 404 Theodericum
672 371 786 403 filium
803 370 960 402 Cuerstoi
980 370 1004 407 ²,
1022 370 1208 403 Gerlacum

202 429 238 458 et
268 426 469 458 Conradum
498 425 635 461 fratres,
667 424 860 456 Henricum
891 424 934 456 de
963 423 1206 465 Wassenberg,

202 479 460 511 Theodoricum
477 479 519 510 de
537 478 659 514 Ponte,
674 476 867 509 Henricum
878 476 1169 508 Thecloncarium
1185 475 1208 508 ³.

203 532 403 564 Johannem
431 532 472 563 de
501 531 588 567 Rite,
616 530 818 562 johannem
844 529 958 561 filium
984 529 1210 562 Wichmanni

203 588 238 617 et
258 585 353 621 aiios,
373 584 467 615 cives
486 583 718 619 (jolonienses,
740 583 773 613 in
793 582 924 614 eisdem
943 581 1070 614 officiis
1087 582 1210 614 subro-

202 637 305 679 gasti,
334 639 439 678 prout
465 637 499 667 in
527 636 654 668 litteris
679 635 761 668 inde
787 635 958 667 confectis
985 634 1035 666 tui
1063 634 1209 676 capituli

235 721 257 741 1.
275 720 308 741 Ce
324 725 383 741 nom
400 724 448 746 que
465 718 615 744 Rodenberg
629 720 691 744 met,
707 723 804 740 comme
819 717 876 744 plus
893 717 963 743 haut.
980 723 1012 739 en
1027 723 1062 739 un
1078 717 1130 739 seul
1147 719 1210 742 mot,

201 755 288 781 flgnu-e.
303 755 366 776 dans
380 755 454 776 l'acte
467 755 499 776 de
513 754 583 779 1259.
598 759 656 776 sous
669 753 695 775 la
707 753 787 775 torma
802 759 808 775 ε
823 753 988 779 Humanum.

233 791 256 812 2.
275 790 423 817 Rodenberg
442 796 448 811 :
469 790 591 811 overslolz.

232 826 255 848 3.
275 825 424 852 Rodenberg
438 825 594 852 propo-seran
610 831 616 847 ι
632 823 812 846 theuterum-lum.

1315 373 1351 403 et
1379 370 1622 403 universitatis
1649 369 1890 412 predictorum
1917 370 2065 404 munitis
2091 369 2223 412 sigillis,
2251 371 2324 414 ple-

1315 425 1395 458 nius
1426 425 1558 458 dicitur
1586 425 1770 458 contineri.
1804 424 1878 458 Nos
1907 425 2030 468 itaque
2060 425 2132 458 tuis
2163 426 2322 468 capituli,

1314 480 1483 524 priorum,
1521 480 1693 522 judicum,
1731 480 1969 518 scabinorum,
1996 480 2194 519 consulum,
2230 480 2327 522 jura-

1314 538 1434 568 torum
1469 538 1505 568 et
1542 535 1784 567 universitatis
1818 535 2060 577 predictorum
2094 535 2325 578 supplicatio-

1315 591 1420 623 nibus
1443 589 1614 627 inclinati,
1640 590 1735 632 quod
1759 599 1865 632 super
1888 589 1954 622 hiis
1977 599 1996 622 a
2020 592 2057 622 te
2081 590 2228 632 provide
2250 590 2325 624 fac-

1313 648 1393 678 tum
1421 648 1486 683 est,
1514 647 1633 677 ratum
1661 647 1697 677 et
1723 645 1869 677 firmum
1896 644 2079 682 habentes,
2107 644 2143 677 id
2171 645 2325 678 auctori-

1311 703 1390 734 tate
1421 700 1616 743 apostolica
1647 700 1902 732 confirmamus
1931 702 1968 732 et
1998 700 2171 742 presentis
2201 700 2323 743 scripti

1312 756 1511 799 patrocinio
1533 755 1806 788 communimus.
1830 754 1927 786 Nulli
1949 757 2016 786 etc.
2042 754 2126 787 Dat.
2150 755 2322 797 Anagnie,

1313 810 1382 843 XV
1402 811 1471 843 kal.
1493 810 1707 847 novembris,
1729 819 1822 842 anno
1843 809 1981 852 quinto,
2005 822 2017 838 v>
2186 819 2190 822 ·

957 1237 1021 1260 ΡῙΝ
1047 1237 1099 1260 DE
1124 1236 1171 1259 LA
1197 1226 1411 1264 CINQUH'SME
1436 1226 1566 1258 ANNfiE
