2477 3512
974 285 1178 326 SIXIEME
1204 283 1371 323 ANNEE
2166 290 2222 322 101

111 405 399 438 «restitutionem
433 404 613 435 fructuum
648 402 763 434 medio
799 404 955 443 tempore
988 399 1114 432 exinde

110 463 384 503 «perceptorum
409 458 667 491 sententialiter
690 458 1005 498 condempnantes.
1032 455 1115 486 Sen-

110 516 269 548 «tentias
297 524 437 556 quoque
465 513 874 546 excommunicationum
901 522 920 544 a
949 509 1115 553 predictis

111 571 301 612 «episcopo
340 569 526 606 Duacensi,
566 569 760 600 Maionensi
797 571 833 599 et
871 565 1115 598 Duae-ensibus

111 625 403 661 «archidiaconis,
428 625 607 665 judicibus
631 623 868 665 subdelegatis
892 622 947 653 vel
972 621 1048 653 aliis
1073 620 1115 652 de

111 679 294 720 «ipsorum
327 678 509 714 mandato,
543 678 577 708 in
612 677 810 719 predictum
843 676 1047 717 episcopum
1080 675 1116 705 et

110 732 324 763 «canonicos
356 731 592 763 Lismorenses
624 734 703 772 post
734 729 930 772 predictam
961 727 1116 769 appella-

109 796 122 812 «
137 784 270 815 tionem
292 784 473 815 occasione
494 783 668 814 sententie
690 783 825 824 prefate
847 781 1013 823 prolatas,
1038 789 1116 821 pro—

110 837 345 868 «nuntiamus
374 836 514 878 penitus
543 846 615 867 esse
645 835 768 872 nullas,
800 834 967 876 quicquid
997 843 1041 865 ex
1068 833 1117 864 eis

110 890 192 921 «vel
227 890 272 921 ob
306 900 364 921 eas
397 900 456 921 seu
491 889 698 921 executione
733 888 889 930 predicte
924 887 1117 919 diffinitive

109 942 312 974 «sententie
350 945 511 974 secutum
549 944 600 973 est
640 942 869 973 decernentes
906 940 1045 971 irritum
1083 942 1118 971 et

109 995 250 1032 «inane,
276 995 442 1037 predictis
464 995 572 1026 etiam
597 994 861 1036 archiepiscopo
883 996 919 1025 et
940 993 1119 1033 judicibus

108 1061 119 1076 (ι
136 1048 335 1080 inhibemus
356 1059 396 1080 ne
417 1048 507 1080 circa
527 1050 663 1080 statum
684 1058 787 1079 cause
809 1047 976 1089 predicte,
1000 1046 1120 1087 liujus-

110 1102 231 1133 «modi
268 1102 505 1143 appellatione
542 1102 719 1143 pendente
755 1101 788 1132 iu
826 1101 988 1132 Romana
1024 1099 1119 1131 curia

109 1164 254 1188 «coram
285 1155 395 1191 nobis,
426 1155 569 1196 aliquod
600 1164 660 1196 per
688 1165 722 1186 se
753 1155 806 1186 vel
836 1154 921 1185 alios
950 1153 1120 1184 innovare

109 1211 356 1250 «presumant.
392 1208 568 1240 Articulos
602 1210 722 1239 autem
756 1208 800 1239 ab
834 1210 988 1248 utraque
1022 1209 1123 1248 parte

110 1262 242 1293 «datos
271 1264 447 1302 quantum
477 1261 521 1292 ad
551 1271 694 1292 causam
724 1270 783 1292 seu
814 1270 938 1292 causas
967 1259 1126 1301 appella-

109 1332 121 1347 (ι
140 1314 275 1346 tionum
303 1317 338 1345 et
366 1313 567 1356 principalis
596 1313 736 1355 negotii,
765 1313 863 1345 salvo
889 1313 966 1354 jure
993 1312 1120 1353 imper-

109 1367 330 1399 «tinentium
366 1367 533 1398 duximus
568 1366 823 1398 admittendos.
864 1366 902 1397 In
938 1365 1040 1406 cujus
1074 1365 1122 1396 rei

111 1433 123 1448 «
139 1420 384 1452 testimonium
403 1422 439 1451 et
454 1420 618 1451 notitiam
633 1419 837 1461 pleniorem,
857 1429 999 1461 presens
1016 1418 1124 1460 scrip·

111 1486 123 1501 α
139 1475 216 1504 tum
242 1473 317 1504 fieri
343 1473 555 1504 mandamus
581 1483 641 1514 per
664 1472 905 1514 subscriptum
931 1472 1124 1503 Jaeobum»

110 1526 329 1563 «notarium,
367 1529 400 1557 et
438 1525 539 1566 sigilli
576 1525 686 1557 nostri
722 1525 917 1557 munimine
953 1525 1124 1556 roborari·

111 1591 123 1606 «
140 1578 249 1610 Facta
269 1581 323 1610 est
342 1578 437 1610 dicta
459 1578 704 1620 pronuntiatio
724 1577 896 1619 Anagnie,
913 1577 947 1608 in
968 1577 1123 1619 hospitio

112 1631 225 1663 «dicti
258 1631 391 1664 domini
423 1632 457 1663 J.
490 1632 689 1668 cardinalis,
723 1631 947 1673 presentibus
979 1630 1123 1662 domino

112 1698 124 1713 a
139 1685 178 1716 T.
203 1684 380 1727 episcopo,
407 1684 575 1717 Gualtero
600 1687 635 1717 et.
656 1684 792 1716 Jacobo
814 1687 1042 1726 procuratore
1064 1684 1124 1715 do-

113 1751 123 1765 «
142 1737 226 1769 mini
253 1737 506 1779 archiepiscopi
535 1737 759 1779 supradictis,
789 1737 854 1768 sub
882 1746 975 1768 anno
1004 1737 1124 1769 Domi-

113 1791 176 1822 «ni
207 1790 452 1826 MCCLVIIII,
487 1793 644 1832 tempore
675 1790 808 1822 domini
840 1790 1032 1822 Alexandri
1064 1800 1125 1832 pa-

114 1853 184 1885 «pe
218 1843 303 1879 IIII,
336 1853 453 1874 mense
484 1843 672 1879 decembri,
704 1843 759 1874 die
791 1843 923 1874 XXIII
954 1843 1123 1880 intrante,

113 1909 124 1924 «
144 1897 177 1928 II
202 1896 405 1933 indictione,
430 1906 549 1928 coram
573 1896 717 1928 domino
741 1897 1010 1938 Monopolitano
1034 1897 1123 1938 epis-

114 1960 241 1991 «copo,
273 1949 417 1981 domino
448 1949 712 1992 archiepiscopo
743 1950 948 1987 Tarentino,
981 1950 1125 1982 domino

113 2015 125 2030 «
142 2002 344 2039 Godefrido,
372 2002 516 2034 domino
541 2003 734 2034 Benedicto
761 2006 797 2034 et.
822 2003 932 2035 fratre
959 2003 1129 2045 Hugone,

115 2068 127 2083 «
142 2055 335 2092 monachis,
357 2054 546 2097 capellanis
566 2055 697 2098 prefati
719 2056 853 2087 domini
873 2056 906 2088 J.
926 2056 1126 2093 cardinalis,

115 2108 286 2140 «domino
321 2108 449 2145 Adam,
485 2108 667 2150 capellano
703 2109 837 2140 domini
872 2109 1127 2151 archiepiscopi

115 2173 126 2188 «
142 2160 368 2198 Armachani,
394 2161 541 2198 Marino,
565 2161 700 2193 famulo
724 2162 808 2193 dicti
832 2162 991 2203 magistri
1016 2162 1127 2193 Dalfi-

115 2213 237 2245 «natis
281 2217 316 2245 et
361 2213 437 2246 aliis
481 2214 753 2256 quampluribus
798 2215 951 2247 testibus
995 2215 1128 2256 rogatis

115 2266 249 2307 «hujus
282 2266 341 2298 rei.
377 2267 451 2308 Ego
485 2267 597 2299 Jacob
632 2267 777 2306 Thome,
804 2268 932 2299 Sancte
966 2268 1128 2300 Romane

116 2332 129 2347 «
145 2319 298 2351 Ecclesie
318 2320 533 2351 auctoritate
554 2321 712 2352 notarius
732 2324 768 2352 et
787 2321 985 2352 ordinarius
1003 2321 1129 2362 judex,

117 2372 428 2414 «pronuntiationi
460 2373 604 2404 interfui
637 2374 840 2415 supradicte
872 2377 908 2405 et
939 2384 1018 2406 eam
1051 2383 1127 2415 pre-

118 2425 231 2457 «dicti
267 2425 400 2457 domini
436 2426 469 2458 J.
506 2426 693 2458 cardinalis
729 2427 900 2459 mandato
935 2427 1056 2468 scripsi
1092 2430 1127 2458 et

119 2478 339 2520 «publicavi.
372 2492 384 2507 »

165 2532 336 2572 Quocirca
371 2533 583 2564 mandamus
618 2533 787 2574 quatinus
806 2543 867 2575 per
886 2543 948 2564 vos
968 2533 1021 2564 vel
1041 2533 1127 2564 alios

119 2585 425 2617 interlocutoriam
456 2585 660 2626 hujusmodi
690 2586 890 2618 executioni
920 2586 1041 2618 debita
1072 2586 1130 2617 de-

120 2638 308 2675 mandetis,
346 2638 523 2679 predictas
560 2638 739 2670 interdicti
775 2641 810 2670 et
846 2639 1131 2671 excommunica-

120 2691 225 2722 tionis
243 2691 439 2722 sententias
459 2691 571 2723 nullas
589 2702 673 2729 esse,
696 2693 753 2723 ubi
772 2692 937 2734 expedire
956 2692 1134 2731 videritis,

122 2744 339 2781 nuntiantes,
369 2745 648 2776 contradictores
676 2745 891 2778 auctoritate
920 2748 1040 2777 nostra
1069 2755 1131 2787 ap-

123 2797 312 2839 pellatione
347 2798 547 2840 postposita
582 2798 849 2840 compescendo,
885 2798 1052 2830 invocato
1087 2798 1131 2830 ad

123 2849 200 2887 hoc,
225 2850 253 2882 si
278 2860 367 2892 opus
390 2851 507 2887 fuerit,
534 2851 665 2883 auxilio
691 2851 823 2884 brachii
847 2851 1023 2888 secularis,
1063 2861 1132 2883 non

123 2903 290 2935 obstante
312 2903 339 2935 si
361 2904 475 2936 eidem
498 2904 761 2946 archiepiscopo
784 2904 839 2936 vel
862 2905 1133 2946 quibuscunque

124 2955 201 2987 aliis
223 2965 242 2987 a
266 2955 354 2988 Sede
376 2957 582 2998 Apostolica
605 2957 650 2988 sit
673 2957 853 2989 indultum
876 2957 970 2999 quod
994 2966 1134 2989 excom-

126 3009 309 3046 municari,
339 3010 506 3052 suspendi
535 3010 590 3042 vel
619 3010 781 3042 interdici
812 3020 880 3042 non
910 3010 1046 3051 possint
1076 3019 1137 3051 per

1221 397 1359 429 litteras
1400 396 1614 439 apostolicas
1647 406 1715 437 que
1756 397 1798 427 de
1838 396 1977 427 indulto
2024 397 2229 438 hujusmodi

1222 450 1363 492 plenam
1383 452 1419 481 et
1439 458 1641 491 expressam
1662 459 1732 480 non
1753 448 1900 480 fecerint
1920 450 2146 486 mentionem,
2168 459 2228 481 seu

1222 503 1348 544 quavis
1373 502 1440 534 alia
1473 502 1565 533 dicte
1599 501 1696 533 Sedis
1727 501 1947 542 indulgentia
1979 502 2228 542 crucesignatis

1222 555 1360 587 illarum
1388 555 1543 597 partium
1570 555 1625 586 vel
1653 553 1729 586 aliis
1755 554 2025 595 quibuscunque
2052 563 2228 591 concessa,

1223 618 1284 650 per
1322 618 1430 649 quam
1468 607 1618 639 effectus
1656 607 1873 649 presentium
1912 606 2073 648 impediri
2112 606 2231 637 valeat

1222 661 1276 693 vel
1301 660 1445 697 differri,
1469 663 1505 692 et
1528 660 1784 692 constitutione
1808 660 1849 691 de
1874 659 2012 691 duabus
2036 659 2139 690 dietis
2163 662 2230 691 etc.

1223 714 1416 745 dummodo
1443 713 1534 744 ultra
1560 713 1704 745 tertiam
1730 712 1785 744 vel
1811 714 1977 754 quartam
2003 714 2103 743 extra
2129 721 2229 744 suam

1223 767 1388 799 diocesim
1407 769 1473 798 etc.
1494 766 1595 806 Quod
1613 765 1640 797 si
1660 775 1728 797 non
1747 766 1853 797 ambo
1871 768 1937 797 etc.
1958 765 2041 797 Dat.
2058 764 2234 806 Anagnie,

1226 820 1254 851 V
1277 820 1355 852 idus
1376 819 1540 861 Januarii‚
1564 829 1657 850 anno
1679 821 1793 850 sexto.
1818 831 1830 846 »

1309 968 1400 995 306⁴
1732 967 1867 1001 Anagni‚
1890 967 1907 993 4
1930 966 2044 993 sevrier
2066 965 2154 993 1260.

1270 1021 1480 1056 Infrascriptis
1511 1021 1644 1049 mandat
1675 1022 1710 1048 ut
1741 1021 1841 1047 eidem
1871 1019 2017 1054 episcopo
2048 1017 2236 1046 Lismorensl

1227 1069 1394 1101 tamquam
1421 1066 1599 1098 diocesano,
1625 1066 1707 1092 sicut
1733 1064 1892 1092 faciebant
1919 1065 1992 1090 ante
2019 1063 2236 1090 executionem

1229 1111 1408 1145 praedictae
1434 1110 1625 1137 diffinitivae
1650 1109 1835 1140 sententiae,
1860 1108 2038 1135 intendant.
2064 1108 2161 1140 (REG.
2187 1107 2236 1139 25,

1228 1156 1249 1182 f.
1267 1156 1326 1182 240
1343 1159 1388 1186 νο,
1406 1162 1456 1182 an.
1475 1154 1530 1186 VI,
1548 1154 1577 1181 d.
1595 1156 1635 1187 c.)

1276 1259 1286 1273 «
1316 1244 1521 1281 Abbalibus,
1550 1243 1736 1286 prioribus,
1766 1242 1959 1278 rectoribus,
1988 1240 2161 1283 perpetuis
2189 1240 2237 1272 vi-

1227 1299 1331 1331 cariis
1350 1301 1378 1330 cl
1397 1297 1525 1330 clericis
1545 1296 1770 1332 ecclesiarum,
1781 1294 2062 1328 monasteriorum
2081 1296 2109 1325 el
2128 1293 2237 1335 capel-

1229 1352 1340 1384 larum
1368 1351 1623 1383 consistentium
1654 1349 1688 1381 in
1717 1348 1871 1381 cantredo
1898 1348 1937 1380 (le
1970 1347 2105 1388 Yhoyin
2133 1348 2161 1378 el
2187 1346 2239 1379 di-

1229 1405 1336 1438 midio
1381 1404 1536 1436 cantredo
1581 1403 1620 1435 de
1664 1401 1964 1444 Hisalliayhather‚
2009 1399 2238 1432 Lismorensis

1230 1458 1382 1495 diocesis,
1413 1456 1597 1489 venerabili
1626 1455 1726 1498 [ratri
1755 1456 1891 1486 nostro..
1922 1453 2078 1496 episcopo
2106 1453 2239 1485 Lismo-

1231 1511 1321 1543 tensi
1346 1510 1517 1551 subjectis.
1545 1509 1797 1550 Exposuerunt
1823 1507 1924 1539 nobis
1948 1505 2158 1538 venerabilis
2182 1525 2237 1537 —.

1232 1565 1315 1595 Dat.
1347 1563 1519 1604 Anagnie,
1555 1562 1587 1593 II
1620 1571 1731 1593 nonas
1760 1559 1940 1596 februarii,
1974 1569 2067 1591 anno
2096 1561 2213 1591 sexto.

1314 1713 1404 1740 3065
1718 1709 1852 1744 Anagni,
1875 1709 1913 1736 28
1936 1708 2050 1735 sevrier
2072 1707 2160 1735 1260.

1273 1766 1445 1798 Ludovico,
1480 1765 1672 1792 Francorum
1704 1763 1778 1797 regi,
1811 1763 1850 1790 de
1881 1762 1966 1789 tristi
1998 1760 2151 1788 Ludovici
2184 1760 2240 1787 tilii

1233 1811 1300 1845 ejus
1336 1809 1537 1845 primogeniti
1573 1808 1674 1840 obitu,
1710 1808 1832 1834 litteras
1869 1806 1970 1833 mittit
2006 1805 2242 1832 consolatorias.

1232 1856 1330 1889 (Bm.
1343 1855 1392 1887 25,
1404 1855 1426 1881 f.
1439 1854 1498 1881 240
1510 1853 1617 1880 κιο-241
1633 1856 1678 1885 v0,
1692 1860 1741 1879 an.
1755 1852 1811 1884 VI,
1823 1858 1849 1878 c.
1862 1851 1900 1878 26
1912 1858 1920 1883 ;
1933 1851 2107 1877 ΡοττΗΑετ
2120 1849 2242 1884 17796.)

1281 1960 1292 1976 α
1318 1947 1403 1988 Reqi
1429 1946 1640 1978 Francorum
1668 1944 1805 1976 illustri.
1831 1943 1912 1975 Vox
1936 1942 2087 1974 horroris
2112 1944 2148 1974 et
2173 1951 2245 1973 me-

1233 2000 1329 2037 roris,
1360 2009 1433 2031 vox
1469 1999 1623 2039 gemitus
1660 2000 1696 2029 et
1733 1996 1880 2029 lamenti
1918 1995 2078 2027 sensibus
2116 1994 2245 2026 nostris

1233 2053 1402 2089 insonuit,
1434 2062 1502 2093 que
1531 2050 1699 2083 interiora
1729 2050 1844 2082 cordis
1874 2049 1999 2086 nostri„
2028 2047 2129 2089 quasi
2158 2057 2246 2089 quo-

1235 2107 1318 2139 dam
1348 2105 1414 2137 diri
1442 2105 1598 2136 vulneris
1629 2103 1698 2136 telo
1729 2102 2031 2138 transverberans,
2063 2101 2098 2132 in
2128 2100 2245 2142 capite

1235 2158 1443 2191 universalis
1469 2157 1634 2194 Ecclesie‚
1662 2157 1705 2188 de
1732 2156 1824 2188 tristi
1845 2155 1945 2187 obitu
1966 2154 2058 2186 clare
2079 2152 2245 2186 memorie

1235 2213 1274 2245 L.
1311 2211 1537 2254 primogeniti
1572 2210 1636 2247 tui,
1674 2210 1810 2241 fontem
1846 2208 1985 2251 aperuit
2020 2207 2245 2239 lacrimarum

1236 2274 1369 2306 nosque
1390 2274 1430 2296 ac
1451 2264 1578 2295 fratres
1600 2265 1739 2294 nostros
1760 2262 1935 2293 attonitos
1956 2259 2110 2292 reddidit
2130 2260 2245 2291 inten-

1235 2318 1371 2350 sissima
1390 2316 1673 2349 consideratione
1690 2315 1828 2356 jacture
1848 2324 1955 2356 quam
1974 2323 2020 2346 ex
2037 2313 2102 2345 hoc
2120 2312 2244 2344 eadem

1183 2363 1185 2375 i
1237 2370 1392 2403 Ecclesia
1415 2373 1451 2402 et
1474 2370 1601 2401 domus
1623 2372 1697 2405 tua,
1722 2367 1882 2399 caritatis
1905 2365 2097 2409 apostolice
2119 2365 2246 2407 proba-

1184 2456 1186 2474 a
1236 2423 1372 2456 tissima
1392 2423 1476 2460 filia,
1497 2421 1733 2454 communiter
1751 2421 1983 2453 sustulerunt.
2008 2419 2104 2451 Inter
2122 2417 2245 2450 mundi

1236 2477 1411 2518 siquidem
1434 2476 1616 2518 procellas,
1642 2485 1708 2517 que
1733 2473 1882 2506 assiduis
1905 2473 2075 2505 adversus
2097 2471 2246 2504 eandem

1238 2530 1431 2562 Ecclesiam
1470 2529 1705 2570 malignorum
1743 2527 1932 2569 spirituum
1970 2525 2117 2557 flatibus
2153 2525 2247 2556 intu-

1186 2620 1187 2624 ,
1237 2586 1409 2620 meseum,
1434 2582 1510 2624 ipsa
1534 2581 1732 2624 specialiter
1754 2581 1789 2612 in
1814 2580 1910 2621 regni
1934 2579 1987 2611 tui
2012 2578 2246 2620 prosperitate

1237 2636 1425 2678 respirans,
1446 2645 1545 2677 spem
1564 2633 1751 2677 singularis
1770 2632 1912 2675 presidii
1932 2632 1996 2664 sibi
2016 2632 2051 2663 in
2071 2631 2154 2663 fidei
2173 2630 2247 2670 eju-

1237 2688 1433 2720 inviolabili
1458 2687 1631 2719 firmitate
1655 2686 1817 2728 dispositi
1841 2686 1876 2718 in
1900 2685 1999 2717 illum
2024 2694 2129 2726 quem
2153 2682 2249 2724 geni-

1238 2745 1316 2774 ture
1336 2741 1440 2773 series
1460 2744 1496 2772 et
1515 2750 1632 2773 rerum
1652 2740 1737 2772 ordo
1757 2739 1830 2780 jam
1851 2741 1989 2771 certum
2010 2738 2247 2779 premonstra-

1239 2795 1302 2827 bat
1324 2795 1420 2835 regni
1443 2794 1603 2835 ejusdem
1626 2792 1879 2824 hereditarium
1901 2799 2147 2825 successorem,
2171 2787 2246 2829 pari

1188 2877 1189 2895 ³
1239 2848 1457 2880 confidentia
1484 2849 1701 2889 prorogaret.
1730 2845 1905 2877 Nimirum
1931 2845 1973 2875 de
1998 2844 2074 2885 ipso
2106 2841 2247 2883 publica

1239 2901 1386 2933 tenebat
1411 2900 1540 2942 opinio,
1565 2899 1708 2941 jugibus
1732 2898 1884 2939 gratiose
1908 2896 2036 2929 indolis
2062 2894 2248 2937 proficiens

1238 2954 1464 2986 incrementis
1486 2953 1580 2994 quod
1602 2953 1629 2984 si
1651 2953 1792 2984 decreta
1813 2950 1936 2982 fatalia
1959 2951 2098 2991 sperate
2118 2946 2248 2980 substi-

1242 3007 1390 3039 tutionis
1425 3007 1583 3038 ordinem
1619 3016 1688 3037 non
1725 3005 1938 3039 turbassent,
1974 3002 2067 3034 idem
2101 3003 2247 3043 paterne
