2477 3512
161 230 223 262 110
848 226 1116 259 REGISTRES
1142 225 1494 259 D'ALEXANDRE
1523 225 1572 258 IV

239 335 328 360 3094
672 333 805 366 Anagnl,
830 333 866 359 17
889 332 967 359 avril
990 331 1076 359 1260.

199 396 294 422 Priori
320 398 350 422 et
376 395 545 422 conventui
571 395 731 422 Cartusiae
757 402 793 421 ac
819 394 970 420 universis
1003 393 1158 427 prioribus

157 444 185 468 ct
206 442 354 468 fratribus
373 441 577 468 Cartusiensis
595 441 710 467 ordinis
728 440 868 473 indulget
887 441 922 466 ut
940 440 978 466 de
995 441 1159 473 pratorum

158 495 283 513 suorum
303 488 392 514 foeno
412 488 486 513 nulli
507 487 642 513 decimas
660 486 778 513 solvere
797 487 974 512 teneantur.
993 485 1090 518 (Rssc.
1109 484 1158 516 25,

158 534 177 559 1.
195 534 250 560 211
267 538 312 565 w,
329 542 377 560 an.
395 534 449 563 VI,
465 541 490 560 c.
508 534 544 559 42
560 541 566 562 ;
584 534 755 559 ΡοττΗΑςΤ
773 532 892 565 17831.)

202 654 213 668 «
238 667 256 673 ..
281 641 389 683 priori
413 643 441 672 el
463 641 639 673 conventui
664 639 943 673 Cartusiensibus
966 648 1004 671 ac
1027 638 1161 670 univer-

155 697 203 727 sis
226 696 400 738 prioribus
423 698 451 727 el
472 696 637 737 fratribus
662 695 892 728 Cartusiensis
915 694 1058 726 ordinis.
1083 694 1161 726 Hoc

155 751 221 783 sibi
247 752 341 793 apud
367 770 421 783 ——.
449 751 532 783 Dat.
559 751 729 792 Anagnie‚
758 751 824 782 XV
850 750 918 782 kal.
945 749 1040 786 maii,
1067 758 1160 781 anno

156 809 267 838 sexto.
294 820 306 834 n

239 1040 328 1066 3095
670 1038 804 1072 Anagni,
828 1038 865 1065 17
887 1037 966 1064 avril
990 1037 1076 1064 1260.

196 1102 289 1128 Petro
309 1102 393 1128 dicto
414 1102 452 1128 de
472 1101 585 1133 Ronia,
606 1100 836 1127 Lemovicensis
856 1099 995 1131 diocesis,
1016 1099 1161 1126 tabellio-

155 1149 248 1174 natus
275 1148 415 1174 ofiicium
443 1147 594 1174 concedit.
622 1147 718 1180 (Rae.
747 1147 795 1178 25,
823 1147 843 1172 f.
871 1146 928 1172 244
955 1149 1001 1178 νο,
1028 1153 1077 1172 an.
1106 1144 1162 1178 Vl,

156 1201 180 1221 c.
200 1194 262 1227 43.)

202 1315 214 1329 a
235 1302 333 1333 Petro
353 1302 439 1333 diclo
459 1302 498 1333 (Ie
518 1301 642 1338 Ronia,
665 1301 781 1333 clerico
804 1301 838 1333 in
859 1301 1053 1333 minoribus
1073 1301 1162 1333 ordi-

156 1357 260 1388 nibus
295 1357 482 1393 constituto,
519 1356 767 1388 Lemonicensis
802 1356 955 1388 diocesis.
993 1356 1045 1388 Ne
1081 1366 1162 1387 con-

159 1415 337 1443 tractuum
372 1412 539 1443 memoria
622 1437 628 1443 .
665 1412 747 1443 Dal.
784 1412 952 1451 Anagnie,
990 1410 1057 1443 XV
1090 1412 1159 1444 kal.

156 1467 248 1503 muli,
274 1477 365 1498 anno
389 1469 500 1498 sexto.
527 1481 537 1495 n

240 1704 327 1729 3096
672 1702 806 1735 Anagni,
831 1703 866 1729 17
890 1702 968 1730 avril
991 1702 1078 1730 1260.

198 1767 357 1793 Bernardo
376 1766 494 1792 ssordas
512 1766 549 1791 de
568 1764 596 1791 S.
618 1764 790 1796 Leonardo,
809 1764 918 1791 clerico
937 1765 1078 1798 ejusdem
1097 1765 1164 1792 dio-

159 1813 244 1843 cesis,
260 1813 483 1839 tabellionatus
499 1812 638 1837 offitium
654 1811 806 1837 concedit.
823 1810 920 1842 (REO.
937 1811 985 1842 25,
1001 1811 1022 1838 f.
1038 1811 1096 1838 244
1114 1815 1161 1844 v0,

157 1867 206 1885 an.
225 1859 279 1890 Vl,
297 1859 326 1885 (1.
345 1860 384 1891 c.)

202 1976 213 1989 a
244 1963 417 1994 Rau-nardo
446 1963 578 1994 Bau-dus
607 1962 646 1993 dc
676 1963 798 1994 Sancto
826 1962 1012 1999 Leonardo,
1044 1962 1160 1995 clerico

158 2018 192 2050 in
233 2018 424 2050 minoribus
465 2017 644 2049 ordinibus
683 2017 870 2054 constituto,
911 2017 1160 2050 Lemoviccnsis

156 2073 307 2105 diocesis.
343 2073 393 2103 Ne
426 2075 674 2103 contractuum
708 2073 876 2105 memoria
911 2084 1020 2115 usque
1052 2074 1086 2105 in
1119 2075 1160 2107 fi-

157 2138 247 2159 nem.
274 2140 285 2155 »

240 2335 326 2361 3097
673 2337 806 2370 Anagnt,
829 2337 867 2363 30
890 2337 967 2364 avril
992 2338 1077 2364 1260.

199 2397 339 2423 Ministro
370 2397 552 2430 provinciali
582 2398 744 2429 Castellae,
774 2399 897 2425 custodi
927 2401 957 2426 et
987 2400 1159 2433 guardiano

159 2451 195 2470 ac
210 2443 359 2470 fratribus
375 2444 412 2469 de
428 2444 456 2469 S.
475 2443 633 2475 Facundo,
649 2444 765 2470 ordinis
782 2445 948 2477 Minorum‚
960 2445 1159 2479 Legionensis

158 2489 297 2521 diocesis,
320 2489 433 2522 quibus
453 2489 612 2521 NicoIaus,
633 2490 731 2516 abbas
753 2491 934 2517 monasterii
955 2492 984 2518 S.
1008 2492 1159 2526 Facundi,

159 2535 274 2561 ordinis
296 2535 324 2561 S.
345 2535 518 2566 Benedicti,
539 2534 679 2568 ejusdem
700 2536 839 2568 diocesis,
860 2537 963 2563 locum
982 2537 1014 2564 in
1035 2545 1096 2572 quo
1117 2539 1161 2565 illi
1181 2551 1187 2557 -

159 2582 331 2613 morantur,
353 2581 447 2608 situm
470 2582 508 2607 ad
530 2583 654 2615 portam
676 2582 704 2608 S.
729 2582 811 2609 Petri
832 2585 920 2609 extra
942 2591 1047 2610 muros
1069 2585 1160 2612 villae

154 2635 227 2653 suae.
254 2628 291 2653 de
318 2628 345 2653 S.
376 2627 522 2653 Facundo
549 2627 626 2654 sicut
655 2628 728 2654 olim
755 2628 908 2655 limitatus
934 2630 993 2656 suit
1021 2632 1051 2657 et
1077 2634 1164 2664 post-

155 2674 284 2699 modum
313 2674 408 2700 muris
437 2676 483 2700 est
513 2674 735 2706 circumdatus,
765 2682 835 2701 (tum
864 2676 1016 2708 fontibus,
1046 2685 1160 2711 aquae-

156 2720 302 2746 ductibus
320 2728 375 2753 per
391 2725 501 2753 agrum
518 2720 614 2753 ipsius
633 2721 813 2748 monasterii
831 2722 992 2755 derivatis,
1010 2730 1046 2750 ac
1063 2725 1162 2751 omni-

156 2766 212 2792 bus
239 2766 429 2792 utilitatibus
454 2768 483 2792 ct
510 2767 706 2800 pertInentiis
731 2768 793 2794 suis
818 2768 963 2801 contulit,
988 2771 1161 2798 concedens

156 2812 198 2838 eis
219 2814 255 2839 ut
274 2812 307 2838 in
327 2813 436 2839 eodem
455 2813 523 2839 loco
544 2813 704 2840 ecclesiam
732 2814 762 2840 in
782 2815 817 2841 B.
839 2815 995 2842 Francisei
1015 2816 1165 2844 honorem

155 2860 340 2885 construant
363 2861 393 2884 et
415 2858 609 2885 cimeterium
630 2859 724 2892 juxta
745 2868 814 2887 eam
837 2861 976 2888 habeant
998 2864 1056 2888 etc.
1081 2863 1163 2890 hanc

156 2904 355 2931 collationem
369 2905 546 2931 confirmat.
562 2906 659 2938 (Rue.
676 2907 724 2938 25,
740 2907 759 2933 1.
776 2907 833 2933 244
860 2910 906 2940 v0,
921 2914 971 2934 an.
987 2908 1043 2940 VI,
1058 2916 1082 2935 c.
1099 2909 1138 2935 44
1157 2922 1165 2948 3

161 2950 330 2976 l’o'r'ruAST
354 2950 472 2984 17844.)

1311 345 1323 361 «
1367 357 1387 364 ..
1431 332 1590 365 ministro
1631 332 1840 375 provinciali
1885 332 2062 370 Castelle‚..
2107 334 2277 372 custodi‚.,

1262 385 1454 427 quardiano
1482 387 1510 417 el
1536 385 1702 426 fratribus
1730 385 1769 417 de
1798 384 1921 418 Sancto
1934 384 2111 423 Facundo,
2141 386 2273 419 ordinis

1263 439 1409 480 fratrum
1450 438 1644 475 Minorum,
1684 438 1909 479 Layionensis
1948 438 2103 471 diocesis.
2145 439 2276 484 Petitio

1263 494 1382 523 vestra
1406 491 1507 523 nobis
1527 509 1583 523 -—.
1607 491 1690 523 Dat.
1715 491 1886 533 Anagnie,
1914 491 1946 523 11
1970 491 2039 524 kal.
2062 492 2157 529 maii,
2181 501 2274 524 anno

1264 547 1377 576 sexto.
1400 557 1412 573 v>

1347 691 1435 718 3098
1782 691 1917 725 Anagni,
1940 690 1978 718 24
2001 690 2080 718 avril
2103 691 2191 718 1260.

1305 744 1382 772 Cum
1400 744 1564 779 episcopus
1581 746 1613 772 et
1631 744 1806 778 capitulum
1824 743 2025 771 Menevenses
2043 744 2186 771 osticium
2201 744 2274 772 the-

1264 789 1422 816 saurariae
1441 788 1652 816 instituissent
1670 788 1702 815 in
1721 788 1861 822 ipsorum
1879 788 2018 820 ecclesia,
2038 795 2174 822 cumque
2192 788 2276 816 ordi-

1266 832 1428 860 nav1ssent
1445 833 1541 867 quod,
1558 833 1626 860 loco
1643 832 1841 867 praebendae
1858 832 2073 860 thesaurariae
2089 832 2276 867 deputatae,

1265 876 1478 910 praebendam
1503 884 1583 911 quae
1607 877 1645 903 de
1666 876 1783 903 Breudi
1807 877 2020 910 nuncupatur,
2043 876 2076 903 in
2098 875 2274 904 subsidium

1266 927 1392 947 mensae
1411 920 1595 955 episcopalis
1615 921 1653 948 de
1672 921 1795 948 caetero
1815 922 2001 953 remaneret,
2021 920 2141 947 dictam
2159 920 2277 948 eonsti-

1266 965 1423 991 tutionem
1438 965 1616 992 confirmat.
1631 964 1728 998 (Euo.
1743 964 1792 997 25,
1806 965 1827 991 f.
1843 964 1912 997 245,
1927 972 1977 991 an.
1991 964 2047 997 VI,
2061 971 2087 991 c.
2102 964 2165 998 45.)

1313 1066 1325 1081 «
1356 1078 1376 1086 ..
1408 1053 1576 1096 episcopo,
1603 1055 1631 1085 et
1655 1053 1804 1095 capitulo
1833 1052 2148 1095 Mene1velnsibus.
2181 1053 2277 1086 Solet

1267 1114 1422 1138 annuere
1447 1107 1553 1138 Sedes
1577 1125 1632 1138 —.
1659 1107 1743 1138 Dat.
1769 1106 1940 1147 Anagnie,
1968 1106 2058 1138 VIII
2084 1106 2153 1138 kal.
2180 1106 2275 1145 maii,

1268 1169 1361 1191 anno
1388 1162 1500 1192 sexto.
1531 1172 1542 1188 >1

1350 1319 1439 1346 3099
1822 1317 1956 1351 Anagni,
1979 1316 1997 1344 3
2019 1316 2083 1344 mai
2106 1315 2193 1343 1260.

1310 1373 1478 1400 Godefrido
1498 1373 1536 1400 de
1555 1372 1641 1399 Merk
1660 1372 1821 1406 dispensat
1839 1372 1875 1397 ut
1893 1370 2055 1397 ecclesiam
2073 1370 2112 1396 de
2129 1369 2278 1405 Aloham,

1268 1424 1375 1444 curam
1393 1417 1570 1443 animarum
1588 1417 1769 1447 habentem,
1788 1422 1860 1442 cum
1877 1413 2006 1441 ecelesia
2024 1414 2062 1446 de
2079 1413 2278 1446 Lavenham,

1267 1461 1399 1488 similem
1434 1468 1541 1488 curam
1575 1460 1746 1487 habentem
1781 1458 1915 1486 retinere
1948 1458 2056 1492 possit.
2092 1457 2190 1491 (Rea.
2226 1456 2277 1502 25,

1267 1505 1288 1531 f.
1305 1504 1375 1537 245,
1391 1512 1441 1531 an.
1458 1504 1514 1536 VI,
1530 1511 1555 1531 c.
1572 1504 1635 1538 46.)
1875 1503 1876 1506 ’
2144 1503 2149 1506 “
2200 1500 2218 1505 ’“

1314 1605 1326 1621 «
1356 1591 1534 1634 Godesrido
1557 1591 1596 1623 (Ie
1617 1591 1730 1628 Merk,
1755 1590 1872 1622 rectori
1896 1589 2029 1622 ecclesie
2051 1589 2091 1621 de
2112 1587 2279 1630 Lave[n]-

1266 1646 1356 1683 ham,
1387 1645 1617 1678 Norwicensis
1645 1643 1800 1676 diocesis.
1831 1643 2016 1675 Virtutum
2045 1641 2173 1674 merita
2202 1641 2279 1684 qui-

1268 1699 1334 1731 bus
1352 1717 1406 1730 -—.
1428 1698 1511 1730 Dat.
1532 1697 1702 1738 Anagnie‚
1724 1696 1754 1728 V
1774 1705 1885 1728 nonas
1904 1695 1998 1732 maii,
2019 1705 2112 1727 anno
2131 1696 2245 1727 sexto.
2266 1706 2280 1723 n

1350 1846 1439 1872 3100
1787 1843 1922 1877 Anagni,
1945 1842 1982 1870 13
2005 1842 2084 1870 avril
2108 1841 2195 1869 1260.

1309 1899 1505 1933 Quibusdam
1523 1898 1639 1925 clericis
1657 1899 1688 1924 et
1704 1897 1790 1924 laicis
1808 1896 1886 1923 falso
1904 1896 2039 1923 fratrum
2056 1895 2094 1922 de
2112 1894 2278 1922 poeniten-

1269 1945 1314 1971 tia
1333 1943 1550 1974 ,Iesu-Christi,
1569 1942 1686 1969 ordinis
1706 1942 1735 1968 S.
1755 1940 1934 1975 Augustini,
1954 1939 2099 1967 habitum
2118 1945 2279 1966 assumen-

1267 1989 1352 2015 tibus
1376 1989 1407 2014 et
1430 1995 1448 2014 a
1471 1986 1616 2013 fidelibus
1640 1985 1765 2012 nomine
1788 1992 1896 2012 eorum
1919 1983 2103 2011 elemosinas
2126 1989 2278 2016 quaeren-

1266 2033 1363 2064 tibus,
1381 2031 1472 2058 dictis
1489 2030 1639 2057 fratribus
1657 2029 1801 2063 capiendi
1818 2029 1896 2055 tales
1913 2027 2040 2054 clericos
2057 2028 2088 2054 et
2104 2026 2210 2059 laicos,
2225 2033 2278 2054 eos

1266 2075 1447 2110 expoliandi
1480 2074 1569 2101 bonis
1602 2073 1709 2100 taliter
1741 2072 1904 2107 acquisitis
1937 2071 2068 2105 illosque
2100 2069 2277 2105 puniendos

1265 2121 1404 2147 locorum
1446 2118 1597 2153 episcopis
1633 2116 1865 2152 praesentandi,
1901 2115 2087 2144 facultatem
2121 2113 2276 2142 coneedit.

1267 2165 1365 2199 (Rau.
1382 2164 1431 2195 25,
1447 2163 1468 2190 f.
1485 2163 1554 2195 245,
1571 2169 1620 2189 an.
1638 2161 1693 2194 VI,
1709 2168 1734 2188 c.
1752 2161 1814 2194 47.)

1312 2265 1325 2281 «
1345 2277 1365 2284 ..
1387 2251 1503 2284 rectori
1524 2252 1551 2282 et
1569 2249 1736 2292 fratribus
1756 2249 1795 2281 de
1816 2247 2010 2280 Poniteneia
2030 2245 2274 2284 Jesu-Clzristi,

1266 2305 1398 2337 ordinis
1417 2303 1533 2337 Sancti
1551 2302 1755 2344 Auyuslini.
1776 2301 1946 2334 Exhibita
1965 2299 2066 2332 nobis
2082 2301 2202 2332 vestra
2218 2317 2274 2331 -—.

1267 2359 1351 2390 Dat.
1374 2357 1544 2399 Anagnie,
1567 2356 1683 2388 idibus
1705 2354 1834 2397 aprilis,
1858 2364 1950 2386 anno
1972 2355 2085 2386 sexto.
2108 2365 2121 2381 »

1349 2505 1431 2532 3101
1785 2503 1920 2538 Anagni,
1942 2503 1981 2531 20
2003 2502 2082 2530 avril
2105 2501 2192 2530 1260.

1308 2559 1470 2593 Religiosis
1486 2559 1668 2586 monasterii
1684 2559 1722 2585 de
1738 2558 1907 2585 Calatrava
1923 2556 2064 2590 indulget
2079 2557 2116 2582 ut
2131 2555 2170 2582 de
2184 2554 2274 2582 bonis

1266 2605 1303 2631 de
1322 2609 1515 2638 paganorum
1534 2603 1679 2629 manibus
1697 2601 1858 2636 acquisitis
1877 2601 1953 2628 nulli
1971 2600 2107 2627 decimas
2125 2599 2273 2626 exhibere

1266 2649 1444 2676 teneantur.
1461 2647 1558 2681 (Rue.
1575 2647 1624 2679 25,
1640 2647 1660 2673 f.
1678 2647 1746 2678 245,
1763 2654 1812 2673 an.
1830 2645 1885 2676 VI,
1901 2652 1926 2672 c.
1943 2645 2006 2678 48.)

1313 2748 1326 2765 α
1347 2761 1366 2768 ..
1387 2736 1550 2777 mayislro
1571 2738 1598 2767 cl
1617 2735 1782 2777 fratribus
1802 2733 2000 2766 monasterii
2020 2733 2059 2765 de
2080 2732 2272 2770 Calatrava,

1268 2788 1502 2822 cislerciensis
1527 2789 1670 2826 ordinis,
1702 2787 1858 2820 Toletane
1883 2785 2036 2818 diocesis.
2063 2785 2273 2818 Devotionis

1267 2845 1499 2883 augmentum
1528 2842 1641 2878 vobis,
1675 2842 1748 2873 Deo
1780 2839 1945 2883 propitio,
1976 2839 2162 2881 provenire
2191 2848 2273 2871 con-

1265 2895 1410 2927 fidimus
1435 2895 1463 2926 si
1489 2905 1593 2937 super
1618 2895 1684 2926 hiis
1710 2904 1778 2936 que
1804 2894 1907 2935 digne
1932 2891 2063 2934 cupitis
2087 2901 2151 2924 nos
2175 2891 2272 2924 inve-

1266 2947 1357 2980 nisse
1384 2947 1565 2980 benivolos
1591 2947 1787 2989 gaudeatis.
1816 2946 1917 2983 Sane,
1944 2944 2117 2977 referente
2143 2944 2271 2977 dilecto
