2477 3512
956 287 1233 329 QUATRIEME
1249 287 1411 320 ANNEE
2176 292 2240 325 831

121 391 244 429 itaque,
283 389 494 428 postulationi
532 390 638 418 vestre
676 387 898 417 favorabiliter
936 388 1126 419 annuentes,

121 444 209 482 quod
233 452 290 481 per
312 442 437 471 litteras
462 441 551 471 Sedis
575 441 719 479 ejusdem
744 442 802 470 aut
825 440 1004 478 legatorum
1028 438 1128 477 ipsius

122 497 325 535 impetratas,
351 504 407 533 per
431 503 511 533 quas
536 494 679 523 nondum
704 493 795 522 citati
819 492 925 521 fuistis
948 494 1007 520 aut
1030 491 1128 520 etiam

120 548 353 587 impetrandas,
379 547 542 576 conveniri
566 555 673 575 coram
698 545 850 584 predictis
873 544 1033 583 episcopo,
1058 543 1130 572 offi-

122 601 193 631 ciali
222 601 273 630 vel
303 599 463 629 canonicis
493 599 671 637 nequeatis,
702 598 762 627 nisi
791 598 876 627 dicte
907 596 995 627 Sedis
1024 596 1130 625 littere

120 654 325 692 impetrande
344 653 382 682 de
400 652 526 681 indulto
545 651 731 690 hujusmodi
750 651 877 689 plenam
897 652 929 679 et
947 657 1130 688 expressam

121 707 256 736 fecerint
282 705 490 738 mentionem,
518 704 713 733 auctoritate
741 703 833 732 vobis
860 701 1058 741 presentium
1084 701 1131 730 in-

123 760 301 798 dulgemus.
319 758 406 787 Nulli
424 760 532 787 nostre
550 756 763 786 concessionis
793 758 854 785 etc.
881 756 957 784 Dat.
975 754 1131 792 Anagnie,

126 812 157 841 II
182 820 283 841 nonas
308 810 495 844 decembris,
521 819 606 839 anno
632 811 759 848 quarto.
785 820 797 835 »

202 998 288 1023 2715

163 1049 325 1082 Quaedam
364 1047 529 1082 privilegia
567 1047 722 1081 praedicti
761 1046 944 1073 monasterii
982 1044 1133 1078 religiosis

121 1095 267 1115 concessa
286 1088 326 1114 ad
345 1087 489 1114 ecclesias
507 1087 583 1121 ipsis
602 1087 694 1121 pleno
712 1086 780 1119 jure
799 1086 958 1120 subjectas
977 1085 1131 1111 extendit.

122 1128 220 1161 (REG.
247 1127 295 1159 25,
321 1127 342 1153 f.
370 1127 437 1158 162,
464 1134 514 1153 an,
544 1126 596 1157 IV,
623 1134 648 1152 c.
676 1126 757 1159 271.)

593 995 728 1028 Anagni,
747 995 764 1021 5
782 994 945 1020 decembre
964 993 1051 1019 1258.

163 1242 175 1257 α
197 1230 334 1259 Eisdem.
357 1229 479 1259 Meritis
507 1232 613 1259 vestre
636 1229 816 1258 devotionis
836 1246 887 1256 -.
911 1228 992 1257 Sane
1019 1227 1133 1265 petitio

123 1285 230 1312 vestra
262 1283 354 1312 nobis
385 1282 530 1312 exhibita
562 1282 751 1311 continebat
782 1281 868 1320 quod
899 1281 931 1309 in
962 1280 1134 1318 privilegiis

121 1336 214 1365 vobis
234 1338 267 1365 et
286 1335 482 1365 monasterio
502 1337 612 1364 vestro
632 1334 789 1364 concessis
809 1343 826 1363 a
849 1334 928 1363 Sede
948 1332 1135 1371 Apostolica

119 1398 176 1427 per
216 1389 454 1427 predecessores
495 1390 623 1417 nostros
665 1387 831 1416 Romanos
874 1386 1045 1424 pontifices
1087 1387 1135 1414 est

119 1443 307 1479 preceptum
345 1443 383 1470 ut
422 1440 546 1474 crisma,
571 1440 676 1469 oleum
700 1442 859 1473 sanctum,
879 1438 1134 1468 consecrationes

118 1494 281 1527 altarium,
307 1493 524 1523 ordinationes
550 1493 735 1522 clericorum
759 1494 792 1521 et
817 1500 1007 1530 quecunque
1039 1490 1132 1519 vobis

119 1555 159 1575 ex
187 1545 368 1584 pontificali
395 1548 472 1574 sunt
499 1545 677 1574 ministerio
706 1544 892 1578 necessaria,
921 1553 939 1573 a
967 1544 1054 1572 nullo
1082 1552 1134 1572 ca—

118 1599 238 1628 tholico
268 1598 418 1637 episcopo
446 1598 538 1627 vobis
566 1597 746 1636 vestrisque
775 1597 1009 1626 successoribus
1038 1597 1133 1625 dene-

119 1654 246 1690 gentur.
268 1651 388 1681 Verum
411 1651 487 1689 quia
508 1651 540 1680 in
563 1650 749 1689 hujusmodi
771 1651 922 1688 precepto
945 1650 983 1678 de
1005 1649 1131 1678 ecclesis

118 1704 214 1742 pleno
231 1703 324 1733 vobis
340 1704 410 1742 jure
427 1703 582 1742 subjectis
599 1703 744 1742 specialis
760 1702 883 1732 mentio
900 1712 963 1731 non
981 1703 1131 1737 habetur,

124 1757 215 1786 nobis
241 1757 406 1786 humiliter
431 1756 636 1795 supplicastis
662 1758 699 1785 ut
724 1756 892 1794 providere
918 1755 1011 1784 vobis
1037 1764 1132 1793 super

121 1809 181 1839 hoc
197 1812 333 1848 paterna
350 1809 565 1838 sollicitudine
582 1817 776 1838 curaremus.
794 1808 860 1838 Nos
877 1808 998 1846 itaque,
1015 1808 1131 1837 vestris

121 1862 412 1900 supplicationibus
444 1861 600 1895 inclinati,
633 1861 829 1890 auctoritate
860 1861 1057 1899 presentium
1090 1860 1129 1890 ad

119 1914 269 1944 ecclesias
299 1914 486 1953 huJusmodi
515 1916 703 1953 preceptum
733 1913 938 1942 extendimus
968 1913 1133 1951 supradic-

119 1971 202 1996 tum.
240 1967 327 1996 Nulli
363 1969 471 1997 nostre
516 1966 711 1996 extensionis
743 1969 804 1996 etc.
852 1967 927 1995 Dat.
974 1966 1130 2003 Anagnie,

125 2020 216 2049 nonis
255 2020 441 2053 decembris,
479 2028 564 2049 anno
602 2021 760 2058 quarto.»

199 2233 287 2259 2716
596 2233 732 2266 Anagni‚
749 2233 766 2259 3
782 2233 946 2259 decembre
963 2232 1048 2259 1258.

162 2284 288 2311 Eisdem
320 2285 461 2318 indulget
495 2286 530 2311 ut
563 2285 603 2311 ad
636 2285 864 2311 exhibitionem
897 2285 1131 2318 privilegiorum

120 2327 151 2350 et
175 2325 442 2358 indulgentiarum
465 2325 580 2358 quibus
593 2325 677 2358 ipsos
691 2324 783 2351 Sedes
797 2325 980 2358 Apostolica
994 2332 1133 2350 commu—

120 2364 212 2436 ᾎιῐέὶῐ),
234 2364 380 2398 compelli
399 2372 462 2391 non
483 2364 614 2398 possint.
636 2364 733 2397 (Bm.
755 2364 803 2395 25,
824 2364 846 2390 f.
869 2364 936 2395 162,
958 2372 1007 2390 an.
1033 2364 1084 2395 IV,
1106 2372 1131 2390 c.

163 2507 327 2536 «Eisdem.
347 2507 417 2536 Hiis
440 2516 501 2545 que
522 2507 614 2536 vobis
631 2525 682 2535 —.
704 2507 783 2536 Cum
806 2507 913 2545 igitur,
937 2507 1019 2536 sicut
1042 2507 1133 2536 nobis

120 2559 299 2598 significare
313 2559 457 2593 curastis,
470 2568 702 2598 nonnunquam
717 2560 884 2598 contingat
897 2569 955 2589 vos
969 2562 1001 2588 et
1015 2560 1134 2598 priores

121 2621 160 2641 ac
173 2612 349 2641 monachos
363 2612 565 2651 prioratuum
579 2612 621 2641 ad
635 2615 779 2641 vestrum
794 2613 1026 2642 monasterium
1041 2613 1135 2651 pleno

119 2666 189 2702 ,iure
206 2665 435 2703 spectantium,
446 2667 513 2694 tam
530 2665 725 2694 auctoritate
742 2665 901 2694 ordinaria
920 2674 1017 2703 quam
1035 2666 1133 2695 etiarn

122 2717 267 2756 delegata
292 2726 388 2756 super
412 2717 546 2747 diversis
592 2718 815 2756 questionibus
840 2718 1013 2752 conveniri,
1039 2720 1072 2747 et
1095 2728 1135 2748 ex

120 2770 217 2799 variis
238 2770 342 2799 causis
362 2770 491 2809 requiri,
534 2773 570 2799 ut
591 2770 770 2799 ostendatis
791 2770 956 2809 privilegia
977 2773 1010 2799 et
1030 2771 1135 2800 indul—

122 2822 246 2859 gentias
275 2823 392 2861 quibus
419 2832 477 2852 vos
506 2823 601 2852 Sedes
629 2823 814 2861 Apostolica
843 2823 1067 2857 communivit,
1096 2832 1134 2853 ac

122 2883 163 2904 ex
194 2875 376 2905 ostentione
408 2875 550 2914 ipsorum
582 2883 679 2914 grave
711 2875 804 2905 vobis
835 2876 1004 2905 immincat
1037 2876 1134 2905 detri-

120 2929 278 2962 mentum,
301 2928 465 2957 subveniri
486 2928 579 2957 vobis
601 2937 696 2966 super
718 2928 777 2958 hoc
798 2929 981 2967 provisione
1002 2932 1133 2967 aposto-

120 2979 181 3009 lica
202 2989 274 3009 cum
295 2980 449 3010 instantia
470 2981 642 3019 petivistis.
663 2980 729 3010 Nos
749 2981 856 3020 igitur,
877 2981 992 3010 vestris
1013 2981 1133 3020 suppli-

1235 385 1417 414 cationibus
1445 385 1600 420 inclinati,
1629 386 1825 415 auctoritate
1853 386 1945 415 vobis
1973 387 2169 425 presentium
2196 388 2243 417 in-

1236 438 1403 476 dulgemus
1419 441 1455 467 ut
1469 438 1500 467 in
1512 439 1614 467 causis
1631 439 1826 476 hujusmodi,
1844 448 2035 477 quacunque
2051 440 2244 470 auctoritate

1236 493 1385 528 agantur,
1413 491 1453 519 ad
1480 491 1712 520 exhibitionem
1739 491 1978 530 privilegiorum
2004 493 2054 521 vel
2080 492 2244 530 indulgen-

1236 543 1356 572 tiarum
1380 543 1523 581 ipsorum
1548 544 1694 582 compelli
1719 553 1782 573 non
1807 544 1935 582 possitis
1960 544 2064 578 inviti,
2090 545 2245 583 quamdiu

1237 595 1344 634 parati
1381 595 1505 625 fueritis
1531 596 1563 624 in
1589 598 1697 625 vestro
1723 597 1918 626 monasterio
1942 597 2042 635 judici
2068 600 2100 626 et
2133 598 2247 626 adver-

1238 648 1320 677 sario
1336 657 1443 677 coram
1459 648 1619 686 aliquibus
1635 649 1726 677 bonis
1741 649 1817 678 viris
1840 649 1943 679 facere
1957 650 2024 679 sine
2038 649 2161 684 fraude,
2176 653 2247 679 tam

1239 701 1278 729 de
1301 701 1388 730 bulla
1412 710 1510 739 quam
1535 701 1572 730 de
1597 701 1746 739 capitulis
1769 702 2041 740 indulgentiarum
2065 705 2098 732 et
2120 703 2248 741 privile—

1238 753 1363 791 giorum
1384 753 1527 791 ipsorum
1549 754 1731 782 necessariis
1764 757 1797 783 et
1817 755 1952 784 articulo
1973 764 2068 793 super
2089 765 2152 793 quo
2173 764 2248 785 cau·

1239 815 1307 835 sam
1329 806 1380 844 agi
1401 806 1582 844 contigerit,
1604 806 1732 844 plenam
1754 806 1863 835 fidem.
1886 807 1972 836 Nulli
1994 810 2100 837 nostre
2121 817 2248 837 conces-

1239 858 1336 888 sionis
1382 861 1442 888 etc.
1492 859 1568 888 Dat.
1618 859 1773 897 Anagnie‚
1823 859 1871 888 Ill
1918 869 2018 889 nonas
2061 861 2247 895 decembris,

1239 920 1324 940 anno
1349 913 1475 950 quarto.
1512 923 1523 937 »

1321 1097 1409 1122 2717
1723 1099 1857 1133 Anagni‚
1872 1099 1889 1125 4
1905 1099 2067 1126 decembre
2082 1099 2168 1125 1258.

1283 1149 1409 1175 Eisdem
1438 1150 1579 1183 indulget
1610 1152 1645 1177 ut
1675 1152 1714 1177 ad
1744 1151 1955 1185 provisionem
1985 1152 2118 1185 alicujus
2148 1152 2243 1185 singu>

1240 1188 1313 1215 laris
1338 1196 1497 1222 personae,
1518 1190 1733 1217 universitatis
1758 1192 1807 1217 vel
1831 1191 1951 1224 collegii
1981 1191 2012 1218 in
2037 1191 2252 1218 ecclesiasticis

1242 1228 1403 1255 beneficiis
1425 1229 1474 1255 vel
1497 1230 1699 1263 pensionibus
1722 1231 1866 1265 compelli
1888 1233 2056 1264 nequeant.
2081 1231 2176 1263 (REG.
2201 1231 2247 1262 25,

1243 1267 1264 1293 f.
1285 1268 1341 1294 162
1359 1272 1404 1299 v0,
1424 1276 1473 1295 an.
1497 1269 1547 1300 IV,
1567 1277 1591 1295 c.
1611 1270 1692 1302 273.)

1284 1369 1295 1383 «
1324 1358 1461 1387 Eisdem.
1479 1359 1524 1389 Ut
1554 1360 1721 1397 apostolici
1752 1360 1871 1389 favoris
1902 1361 2038 1398 presidio
2066 1361 2250 1390 monasterii

1241 1411 1340 1439 vestri
1366 1414 1471 1440 status
1496 1413 1700 1450 tranquillior
1724 1415 1756 1441 et
1782 1413 1921 1451 quietior
1945 1414 2113 1447 habeatur,
2140 1416 2250 1442 aucto-

1238 1463 1335 1492 ritate
1357 1464 1449 1493 vobis
1470 1465 1668 1502 presentium
1689 1465 1892 1503 indulgemus
1913 1468 1950 1494 ut
1971 1466 2011 1495 ad
2034 1466 2251 1504 provisionem

1239 1515 1374 1553 alicujus
1409 1517 1576 1555 singularis
1612 1527 1754 1555 persone,
1791 1518 2010 1547 universitatis
2046 1519 2095 1547 vel
2131 1518 2253 1557 collegii

1239 1567 1271 1597 in
1295 1569 1514 1598 ecclesiasticis
1538 1570 1701 1599 beneficiis
1724 1570 1775 1599 vel
1799 1571 2004 1609 pensionibus
2028 1571 2173 1609 compelli
2196 1580 2255 1609 per

1238 1618 1430 1659 impetratas
1458 1622 1582 1651 litteras
1610 1623 1804 1661 apostolicas
1833 1624 2010 1662 nequeatis,
2048 1624 2108 1653 nisi
2144 1623 2251 1653 forsan

1239 1673 1307 1711 jam
1327 1674 1369 1703 sit
1388 1684 1444 1712 per
1463 1684 1515 1704 eas
1535 1684 1645 1704 earum
1665 1676 1930 1714 impetratoribus
1948 1677 2000 1714 jus
2020 1676 2182 1715 quesitum
2202 1677 2252 1706 vel

1240 1726 1338 1756 etiam
1354 1727 1575 1765 impetrandas
1599 1737 1661 1767 que
1677 1729 1715 1757 de
1730 1729 1870 1767 presenti
1884 1729 2083 1768 indulgentia
2098 1732 2131 1758 et
2144 1732 2252 1760 vestro

1240 1780 1438 1809 monasterio
1461 1781 1590 1818 plenam
1613 1783 1646 1809 et
1668 1790 1852 1819 expressam
1876 1791 1939 1811 non
1962 1782 2095 1811 fecerint
2118 1783 2255 1812 mentio-

1241 1841 1324 1861 nem.
1356 1833 1421 1862 Nos
1451 1833 1536 1862 enim
1565 1833 1763 1871 provisiones
1793 1834 1989 1872 hujusmodi,
2019 1835 2045 1864 si
2075 1844 2154 1874 quas
2183 1835 2253 1865 fieri

1240 1885 1411 1923 contigerit
1430 1888 1541 1915 contra
1558 1886 1675 1915 indulti
1694 1887 1794 1916 nostri
1810 1889 1964 1920 tenorem,
1988 1896 2027 1917 ex
2047 1897 2131 1917 nunc
2148 1888 2254 1918 irritas

1241 1937 1442 1967 decernimus
1479 1941 1511 1967 et
1548 1939 1669 1973 inanes,
1708 1940 1910 1977 presentibus
1948 1943 2020 1978 post
2049 1941 2252 1979 septennium

1240 1990 1371 2019 minime
1394 1991 1551 2020 valituris.
1575 1991 1662 2020 Nulli
1679 1994 1786 2021 nostre
1809 1993 2020 2022 concessionis
2042 1996 2075 2022 et
2097 1994 2253 2023 constitu-

1241 2043 1337 2071 tionis
1377 2046 1437 2072 etc.
1483 2044 1560 2073 Dat.
1586 2045 1740 2083 Anagnie,
1770 2045 1800 2073 II
1826 2044 2137 2080 nonas'decembris,
2167 2055 2252 2077 anno

1241 2098 1368 2134 quarto.
1405 2108 1416 2122 >1

1321 2304 1409 2329 2718
1716 2305 1849 2338 Anagni,
1868 2306 1883 2331 4
1903 2305 2064 2332 decembre
2084 2306 2169 2334 1258.

1284 2356 1331 2387 G„
1364 2357 1518 2390 praedicti
1550 2357 1733 2383 monasterii
1766 2357 1875 2383 abbati
1907 2357 2049 2390 indulget
2082 2360 2117 2384 ut
2148 2359 2252 2386 nullus

1243 2395 1403 2429 delegatus
1429 2396 1516 2423 Sedis
1541 2397 1751 2431 Apostolicae,
1777 2397 1836 2423 nisi
1861 2397 1900 2422 sit
1927 2397 2104 2429 cardinalis,
2129 2398 2161 2424 in
2185 2406 2252 2432 per-

1243 2442 1352 2461 sonam
1375 2443 1463 2462 suam
1487 2437 1821 2463 excommunicationis
1844 2437 2033 2463 sententiam
2056 2438 2252 2471 promulgare

1242 2475 1352 2508 possit.
1372 2475 1470 2508 (REG.
1491 2476 1538 2507 25,
1559 2476 1579 2501 f.
1602 2476 1658 2502 162
1677 2480 1723 2508 νο,
1744 2484 1793 2502 an.
1817 2476 1868 2507 IV,
1889 2484 1914 2502 c.
1934 2476 2016 2510 274.)

1284 2576 1295 2591 «
1310 2565 1355 2599 G.‚
1367 2565 1472 2594 abbati
1482 2566 1661 2595 monasterii
1672 2566 1817 2603 ejusdem.
1830 2566 1900 2595 Hiis
1908 2567 2102 2604 apostolicus
2112 2567 2205 2597 favor
2214 2584 2250 2596 —-.

1242 2617 1327 2646 Hinc
1352 2620 1401 2647 est
1427 2619 1512 2656 quod
1540 2627 1607 2653 nos,
1634 2619 1777 2647 volentes
1804 2621 1857 2648 tue
1884 2619 2050 2657 providere
2077 2619 2186 2657 quieti,
2214 2622 2251 2649 ut

1241 2679 1305 2708 quo
1326 2670 1466 2708 quietius
1486 2680 1523 2700 eo
1543 2671 1672 2700 liberius
1692 2671 1857 2700 intendere
1879 2672 2038 2709 obsequiis
2060 2672 2117 2700 Dei
2138 2673 2248 2709 possis,

1245 2723 1440 2752 auctoritate
1462 2723 1521 2752 tibi
1543 2724 1739 2761 presentium
1762 2724 1962 2762 indulgemus
1985 2726 2019 2753 ut
2043 2724 2146 2753 nullus
2169 2724 2250 2753 dele-

1241 2777 1346 2813 gatus,
1375 2775 1615 2813 subdelegatus,
1639 2779 1846 2805 conservator
1883 2776 1932 2804 vel
1968 2776 2065 2804 etiam
2099 2779 2253 2806 executor

1242 2827 1437 2856 auctoritate
1457 2827 1637 2857 litterarum
1658 2827 1746 2857 Sedis
1773 2828 1956 2865 Apostolice
1976 2828 2025 2856 vel
2048 2828 2146 2866 ipsius
2162 2828 2251 2858 Sedis

1242 2878 1376 2916 legatus,
1406 2879 1465 2908 nisi
1501 2879 1543 2908 sit
1576 2880 1721 2909 Romane
1754 2879 1892 2908 Ecclesie
1921 2880 2101 2914 cardinalis,
2124 2880 2157 2909 in
2181 2890 2249 2919 per-

1241 2939 1353 2959 sonam
1368 2933 1459 2960 tuam
1478 2931 1819 2961 excommunicationis
1834 2931 1942 2960 valeat
1961 2932 2155 2961 sententiam
2178 2942 2249 2970 pron

1242 2982 1395 3020 mulgare,
1421 2983 1479 3012 nisi
1503 2983 1609 3013 forsan
1636 2984 1720 3013 dicte
1737 2983 1825 3013 Sedis
1843 2984 1948 3013 littere
1981 2984 2019 3013 de
2052 2985 2111 3013 hac
2145 2984 2251 3014 indul--
