2477 3512
199 265 242 297 24
898 266 1166 299 REGISTRES
1193 267 1545 300 D'ALEXANDRE
1574 267 1621 300 IV

279 370 368 396 2838
732 371 866 404 Anagni,
889 371 906 397 9
929 379 1012 398 mars
1036 372 1122 398 1259.

241 423 409 457 Radulpho
442 424 479 450 de
511 424 709 456 Trubleville,
741 424 890 450 canonico
923 425 1068 452 ecelesiae
1101 426 1203 452 Cride-

199 468 347 500 tonensis,
367 468 505 500 indulget
527 470 572 500 ut,
592 470 716 501 praeter
735 468 771 494 de
790 468 930 501 Braneys
949 471 978 494 et
1000 469 1037 495 de
1058 470 1203 503 Derting-

198 514 271 538 tone
300 512 442 538 ecclesias
471 520 576 538 curam
607 512 782 538 animarum
812 512 964 539 habentes
992 515 1020 539 et
1052 520 1184 547 quarum

198 558 369 590 proventus
387 556 497 589 vigniti
515 557 662 582 librarum
682 556 906 588 Sterlingorum
924 557 1095 584 valentiam
1113 558 1202 584 annis

198 601 325 633 singulis
355 601 407 626 vix
436 601 602 631 excedunt,
633 601 694 626 duo
723 601 783 627 alia
813 601 1021 628 ecclesiastica
1050 602 1202 628 beneficia

198 645 329 671 similem
347 652 453 671 euram
472 644 620 671 habentia
639 645 776 679 accipere
795 646 891 678 possit
912 646 1018 678 ,(Ηεῦ.
1038 646 1086 677 25,
1106 646 1125 672 i.
1149 646 1202 672 198

197 693 243 721 νο,
261 696 309 715 an.
328 688 364 720 V,
382 696 406 715 c.
426 689 487 722 70.)

245 800 255 812 0
299 786 481 828 liudulpho
525 787 564 818 tle
610 787 821 823 Trublevillc,
866 787 1027 819 conuulso
1071 787 1202 819 ecclesie

200 840 461 876 (iridelonensis,
496 840 703 872 Exoniensis
748 841 900 872 diocesis.
936 841 1013 872 Etsi
1059 844 1202 883 propter

198 893 410 925 ambitiones
442 913 496 925 ᾳ.
532 894 615 925 Dat.
650 894 819 935 Anagnie,
856 894 923 926 VII
960 894 1037 925 idus
1071 894 1200 932 martii,

197 957 288 978 anno
312 947 448 988 quinto.
474 960 485 975 »

275 1118 363 1144 2837
729 1120 862 1151 Anagni,
885 1120 902 1145 5
926 1128 1008 1146 mars
1034 1121 1119 1146 1259.

239 1171 443 1206 [Laurentim]
473 1173 705 1206 archiepiscopo
735 1173 909 1206 Upsalensi,
939 1176 967 1199 et
996 1174 1202 1207 suffraganeis

199 1216 265 1249 ejus
288 1217 430 1243 concedit
454 1218 487 1242 ut
513 1217 679 1248 Guillelmi‚
702 1217 839 1251 episcopi
863 1218 1052 1249 Sabinensis,
1075 1220 1152 1245 tune
1171 1219 1201 1244 in

196 1261 340 1294 partibus
367 1261 491 1287 Suetiae
517 1261 553 1287 A.
582 1261 668 1287 Sedis
694 1261 798 1295 legati,
825 1264 983 1288 statutum
1011 1270 1072 1296 quo
1099 1263 1202 1289 decre-

195 1306 263 1331 tum
281 1305 320 1331 sit
338 1315 348 1327 «
365 1307 399 1331 ut
417 1305 606 1339 quicumque
622 1306 765 1332 sacerdos
783 1306 830 1332 vel
848 1306 975 1332 clericus
992 1307 1200 1334 concubinam

196 1349 326 1375 haberet
349 1349 396 1375 vel
418 1350 654 1376 cohabitantem
676 1350 799 1383 publice
821 1351 868 1377 vel
890 1351 1022 1383 occulte,
1044 1353 1110 1377 tam
1135 1352 1201 1385 ipsa

195 1394 369 1420 concubina
406 1401 500 1427 quam
537 1394 602 1427 ipse
644 1395 834 1421 sententiam
871 1396 1202 1423 exeominunitiatonis

195 1438 388 1464 incurrerent
427 1449 437 1461 »
479 1438 511 1464 in
545 1438 608 1464 suis
643 1439 818 1465 diocesibus
854 1442 1001 1466 revocent
1037 1440 1201 1474 dictosque

194 1482 372 1509 sacerdotes
401 1482 451 1509 vel
480 1483 605 1509 clericos
635 1484 828 1517 competenti
857 1484 1053 1517 poenitentia
1082 1485 1201 1512 cautio-

194 1534 294 1560 neque
312 1527 351 1553 ab
370 1527 412 1553 eis
430 1529 566 1560 recepta,
584 1527 746 1554 absolvere
761 1528 892 1561 possint.
912 1528 1010 1561 (REG.
1029 1529 1078 1560 25,
1097 1529 1117 1555 t.
1144 1530 1200 1556 198

195 1574 240 1603 νῦ,
262 1578 312 1597 an.
336 1571 372 1602 V,
394 1578 419 1597 c.
442 1571 475 1597 71
494 1579 501 1602 ;
524 1571 696 1597 PonAsr
718 1572 839 1605 17503.)

243 1683 253 1695 υ
277 1696 296 1702 ..
318 1671 569 1713 archiepiscopo
595 1671 791 1713 I'psallensi
813 1675 841 1703 e!
860 1673 1093 1714 sussracjmieis
1113 1673 1198 1705 suis.

198 1723 319 1755 Vestra
344 1724 443 1755 uobis
465 1724 668 1756 fraternitas
687 1745 741 1757 —.
764 1726 847 1757 Dat.
870 1727 1039 1767 Anagnie,
1066 1727 1117 1758 III
1141 1737 1200 1758 no-

198 1786 260 1808 nas
280 1777 408 1813 martii,
431 1787 523 1809 anno
545 1778 681 1819 quinto.
704 1792 716 1807 ι»

274 1956 362 1982 2838
727 1959 860 1992 Anagni,
883 1959 900 1985 8
923 1967 1006 1986 mars
1031 1959 1116 1986 1259.

235 2009 383 2041 Johanni,
409 2010 534 2037 domino
560 2011 760 2043 Jonnivillae,
786 2014 821 2038 ut
845 2012 876 2038 in
900 2013 1101 2039 matrimonio
1126 2021 1196 2040 eum

195 2054 301 2080 Aelide
326 2055 363 2080 de
388 2054 509 2081 Hine-llo
533 2057 706 2087 contracto,
731 2064 793 2082 non
817 2057 965 2083 obstante
990 2059 1102 2090 quarto
1127 2065 1199 2084 eon-

195 2098 416 2131 sanguinitatis
435 2100 543 2131 gradu,
564 2108 722 2127 remancre
742 2101 839 2134 possit
861 2101 1010 2134 indulget.
1032 2102 1128 2135 (Bi-20.
1149 2103 1198 2134 25,

193 2142 214 2168 i.
236 2142 292 2168 198
311 2146 356 2173 νο,
376 2150 425 2169 an.
447 2143 482 2175 V,
501 2151 526 2170 e.
547 2144 608 2177 72.)

241 2247 251 2260 «
275 2234 395 2266 Nobili
419 2236 489 2266 viro
513 2237 679 2273 Jolnmni,
704 2238 840 2269 domino
864 2239 1063 2275 Jomziville,
1089 2250 1199 2271 senes-

196 2286 278 2318 callo
303 2289 503 2329 (lamponio,
528 2292 555 2320 el
577 2290 691 2322 dilecte
716 2292 750 2322 in
776 2292 907 2323 (ilirislo
931 2293 1038 2324 nobili
1062 2293 1198 2325 mulieri

195 2339 309 2371 Aelidi
342 2341 380 2371 <le
413 2342 556 2379 Rinello,
593 2344 688 2375 nrm-i
723 2344 882 2385 ejusdem.
917 2346 1065 2377 Attenia
1102 2347 1198 2377 Sedis

193 2393 393 2434 Apostolice
416 2395 682 2437 circumspectio
706 2408 858 2437 congrue
883 2402 1081 2440 temporum
1105 2400 1198 2430 vices

193 2455 356 2486 pensans,
400 2448 612 2488 quibusdam
656 2450 834 2482 interdum
876 2452 1033 2483 coneedit
1080 2452 1198 2493 aliqua

194 2498 236 2529 de
275 2499 466 2540 apostolice
506 2501 724 2542 plenitudine
765 2504 964 2544 potestatis,
1006 2515 1073 2546 que
1113 2505 1199 2537 alias

193 2550 276 2593 ipsis
313 2552 456 2584 minime
492 2554 700 2595 indulgeret,
738 2559 771 2587 et
816 2558 969 2598 quedam
1007 2557 1198 2600 aliquando

194 2604 345 2645 denegat
380 2615 447 2647 que
483 2606 558 2639 aliis
593 2608 710 2640 forsan
747 2610 966 2651 temporibus
1002 2611 1197 2652 largiretur,

195 2657 401 2699 dispensans
420 2663 604 2701 oportune,
625 2662 729 2702 juxta
750 2664 996 2695 necessitatem
1019 2665 1197 2707 temporis,

194 2720 337 2742 suarum
368 2721 512 2744 munera
543 2714 737 2753 gratiarum
770 2726 860 2747 nunc
891 2726 930 2748 ea
962 2717 1198 2759 impendendo

196 2763 353 2805 benigne,
390 2774 482 2797 nune
517 2770 637 2798 autem
672 2768 831 2810 inspecta
868 2770 1056 2812 utrobique
1091 2771 1199 2813 ipsius

195 2816 367 2856 qualitate
396 2819 566 2860 temporis
596 2821 721 2852 merito
751 2822 969 2863 denegando,
1000 2827 1039 2854 ut
1070 2824 1104 2855 in
1135 2824 1199 2855 hiis

197 2870 290 2909 quod
324 2870 410 2902 utile
442 2881 481 2903 ae
515 2873 652 2905 salubre
686 2876 901 2916 perspexerit
935 2886 1072 2918 semper
1104 2880 1198 2917 agat.

198 2921 288 2953 Hine
314 2926 366 2954 est
390 2926 484 2965 quod
510 2936 582 2960 nos.
608 2927 866 2960 carissimorum
890 2929 924 2960 in
950 2929 1087 2961 Christo
1112 2930 1200 2961 silio—

200 2983 277 3006 rum
321 2979 546 3010 nostrorum..
590 2979 735 3012 Francie
777 2984 836 3013 et..
880 2982 1038 3014 Navarre
1080 2992 1200 3024 regum

1313 373 1512 410 illustrium,
1536 383 1574 405 ae
1598 374 1809 406 venerabilis
1832 374 1951 406 fratris
1973 375 2107 407 nostri..
2130 375 2319 407 Tusculani

1312 426 1464 468 episcopi
1502 427 1664 468 precihus
1699 430 1909 464 annuentes,
1948 431 1986 459 ut
2023 428 2055 459 in
2094 428 2318 460 matrimonio

1311 482 1494 511 contracto
1530 480 1574 511 ad
1611 480 1761 511 invicem
1798 490 1977 512 remanere
2018 480 2123 512 libere
2158 481 2317 518 valeatis,

1312 542 1380 564 non
1403 533 1569 564 obstante
1592 534 1686 574 quod
1709 534 1890 574 quondam
1914 533 2070 575 Alaydis,
2094 534 2207 576 prima
2231 544 2318 566 uxor

1311 588 1384 623 tua,
1408 586 1456 616 fili
1479 586 1671 623 Johannes,
1697 586 1772 624 tibi,
1795 586 1867 618 l'ilia
1890 586 2031 624 Aelidis,
2055 590 2182 629 quarto
2204 588 2315 628 gradu

1311 639 1629 680 consanguinitatis
1661 639 1820 677 attinuit,
1862 640 2075 672 auctoritate
2108 641 2208 672 vobis
2241 650 2317 683 pre-

1311 692 1465 724 sentium
1485 692 1719 733 indulgemus.
1741 693 1836 724 Nulli
1858 696 1975 724 nostre
1996 693 2229 725 concessionis
2248 696 2316 726 etc.

1312 746 1394 777 Dat.
1425 746 1596 786 Anagnie‚
1629 746 1718 777 VIII
1748 746 1828 777 idus
1858 746 1986 783 martii,
2017 757 2110 778 anno
2139 747 2276 788 quinto.
2306 761 2319 776 »

1390 925 1478 951 2839
1796 925 1935 957 Viterbe,
1959 926 1976 952 3
1999 926 2126 952 octobre
2150 926 2236 952 1257.

1351 979 1500 1012 Magistro
1527 978 1702 1010 RostandO,
1728 979 1889 1012 capellano
1915 986 1981 1010 suo,
2007 979 2186 1005 conferendi
2211 979 2316 1012 aliqua

1310 1029 1348 1049 ex
1370 1022 1529 1049 beneficiis
1551 1023 1614 1049 suis
1636 1023 1898 1057 praebendalibus
1921 1023 1969 1049 vel
1992 1023 2059 1049 aliis
2082 1030 2162 1056 quae
2183 1023 2320 1055 obtinet,

1309 1067 1375 1094 sive
1401 1074 1508 1094 curam
1534 1067 1711 1094 animarum
1738 1068 1876 1094 habeant
1903 1068 1968 1094 sive
1995 1075 2068 1099 non,
2095 1067 2252 1101 aliquibus
2278 1074 2316 1094 ex

1310 1112 1426 1138 clericis
1447 1112 1509 1138 suis
1530 1112 1659 1143 idoneis,
1680 1112 1724 1138 ita
1746 1112 1830 1145 quod
1851 1112 1903 1138 uni
1924 1114 2051 1138 tantum
2073 1112 2110 1139 de
2130 1119 2192 1138 uno
2213 1112 2317 1146 provi-

1311 1157 1424 1183 deatur
1443 1156 1606 1187 beneficio,
1627 1158 1657 1182 et
1678 1156 1812 1183 faciendi
1833 1164 1884 1183 eos
1904 1157 1943 1183 ad
1964 1156 2117 1183 beneficia
2136 1157 2204 1190 ipsa
2224 1156 2318 1190 recipi

1311 1201 1341 1228 in
1362 1201 1527 1227 canonicos
1548 1202 1578 1227 et
1600 1201 1629 1227 in
1643 1201 1754 1227 fratres
1766 1201 1950 1227 facultatem
1972 1201 2125 1228 concedit.
2148 1201 2245 1234 (REG.
2266 1201 2315 1233 25,

1312 1247 1334 1273 t.
1358 1245 1425 1277 199,
1447 1252 1496 1271 an.
1520 1245 1557 1276 V,
1578 1253 1603 1271 c.
1626 1245 1689 1278 73.)

1358 1358 1371 1374 «
1388 1345 1561 1387 Moqislro
1581 1345 1762 1382 Ros-lando,
1783 1344 1957 1386 capellano
1976 1347 2099 1377 nostro.
2120 1346 2207 1377 Cum
2226 1345 2318 1377 sicut

1312 1399 1345 1431 in
1362 1418 1416 1430 —.
1434 1399 1518 1430 Dat.
1536 1398 1700 1435 Viterbii,
1718 1398 1748 1430 V
1767 1408 1880 1430 nonas
1895 1398 2059 1435 octobris,
2077 1408 2169 1430 anno
2185 1399 2302 1430 tertio.

1391 1576 1479 1601 2840
1739 1603 1742 1606 Δ
1846 1576 1978 1609 Anagni,
2004 1576 2016 1602 1
2044 1583 2125 1603 mars
2150 1576 2236 1603 1259.

1351 1629 1531 1660 Laurentio,
1561 1629 1794 1662 archiepiscopo
1826 1629 2001 1662 Upsalensi,
2032 1630 2178 1661 ilenrico,
2209 1629 2319 1656 Linco-

1309 1674 1396 1707 pensi
1428 1675 1457 1700 et
1493 1673 1647 1704 Kaotollo,
1680 1673 1873 1706 Wibergensi
1913 1674 2076 1707 episcopis,
2117 1674 2249 1701 mandat
2281 1676 2317 1701 ut

1310 1718 1519 1749 Waldemaro,
1538 1718 1600 1751 regi
1619 1717 1754 1749 suetiae,
1773 1720 1804 1744 et
1822 1718 1966 1751 Sophiae,
1986 1719 2072 1752 nepti
2091 1718 2316 1753 Christophori,

1309 1763 1386 1796 regis
1411 1762 1537 1793 Daciae,
1561 1762 1720 1788 licentiam
1743 1762 1950 1789 contrahendi
1982 1763 2220 1790 matrimonium
2244 1771 2317 1790 con-

1307 1807 1432 1839 cedant,
1458 1814 1520 1833 non
1545 1806 1693 1833 obstante
1718 1807 1802 1839 quod
1827 1806 1886 1832 sibi
1910 1807 2004 1834 tertia
2029 1807 2313 1841 consanguinitatis

1307 1851 1388 1878 linea
1405 1851 1468 1877 sint
1486 1850 1657 1884 eonjimcti.
1676 1850 1773 1883 (Hac.
1793 1851 1841 1882 25,
1860 1851 1880 1877 f.
1903 1851 1969 1882 199,
1988 1858 2038 1878 an.
2058 1851 2094 1883 V,
2113 1859 2138 1878 c.
2158 1851 2217 1883 74;
2237 1851 2316 1878 Por-

1306 1903 1411 1922 THAST
1430 1896 1552 1929 17501.)

1385 2007 1396 2023 κ
1418 2019 1437 2026 ..
1474 1994 1726 2037 archiepiscopo
1766 1994 1988 2037 (psalmi-sn..
2024 1994 2231 2038 Lincopensi
2264 1997 2316 2027 et..

1308 2047 1614 2089 Witcryensi(sic)
1635 2048 1840 2090 episcopis,..
1854 2048 1909 2080 Ex
1929 2051 2031 2090 parte
2058 2048 2318 2080 carissimorum

1307 2121 1360 2133 a.
1386 2101 1470 2133 Dat.
1497 2101 1667 2143 imagine,
1694 2101 1853 2133 kalendis
1874 2102 2006 2140 marcii,
2027 2111 2119 2134 anno
2155 2101 2292 2144 quinto.
2308 2115 2320 2131 n

1388 2271 1470 2297 2841
1784 2273 1918 2305 Anagni‚
1944 2272 1979 2298 15
2000 2273 2124 2305 janVIer
2149 2272 2235 2299 1259.

1349 2324 1527 2351 ,Iohannem
1557 2325 1708 2357 Silvestri,
1736 2327 1887 2352 rectorem
1915 2325 2060 2352 ecclesiae
2087 2326 2125 2352 de
2153 2325 2316 2358 Fuleham,

1309 2369 1386 2401 regis
1415 2369 1544 2402 Angliae
1572 2370 1728 2401 clericum,
1757 2370 1787 2396 in
1816 2370 2012 2404 capellanum
2041 2378 2133 2397 suum
2161 2370 2315 2398 admittit.

1307 2413 1404 2446 (ΠΕΟ.
1424 2414 1471 2445 25,
1489 2414 1510 2440 f.
1531 2414 1598 2445 199,
1616 2422 1665 2441 an.
1685 2414 1722 2446 V,
1740 2422 1765 2441 e.
1785 2415 1846 2447 75.)

1376 2534 1388 2549 «
1411 2521 1567 2553 „Iohanni
1592 2521 1755 2559 Silvestri,
1780 2522 1896 2554 rectori
1920 2522 2053 2554 ecclesie
2075 2523 2114 2554 de
2138 2523 2169 2554 F
2172 2522 2315 2560 uleham,

1308 2574 1397 2616 reyis
1416 2574 1565 2616 Anylioe
1584 2574 1726 2606 illustris
1745 2575 1872 2612 clerico,
1893 2575 2143 2608 Londoniensis
2161 2575 2315 2608 diocesis.

1308 2627 1442 2659 Meritis
1472 2631 1532 2659 tue
1562 2628 1752 2670 probitatis
1782 2648 1836 2660 ἡ.
1870 2629 1952 2660 Dat.
1986 2629 2155 2670 Anagnie,
2188 2629 2316 2661 XVIII

1307 2681 1376 2712 kal.
1403 2681 1579 2717 februarii,
1607 2691 1700 2713 anno
1726 2682 1862 2723 quinto.
1891 2695 1903 2710 n

1387 2850 1477 2876 2842
1822 2852 1956 2885 Anagni,
1982 2853 2014 2878 11
2041 2859 2123 2879 mars
2148 2851 2234 2879 1259.

1348 2903 1530 2935 Ricardum,
1572 2905 1722 2931 abbatem
1763 2905 2034 2932 westmonasterii
2075 2905 2314 2936 Londoniensis‚

1307 2948 1539 2982 capellanorum
1563 2956 1690 2975 suorum
1715 2956 1844 2975 numero
1869 2949 1977 2976 sociat.
2004 2949 2100 2982 (Rau.
2126 2949 2174 2981 25,
2199 2949 2220 2976 i.
2246 2948 2314 2981 199,

1309 2999 1359 3019 an.
1380 2992 1418 3025 V,
1437 2999 1462 3020 e.
1484 2993 1545 3026 76.)

2463 2139 2477 2257 ‘if-*x*—
2471 2107 2477 2121 -
2461 1000 2477 2085 ςμ-ψᾼμᾴψμ-ῌᾼ
2472 892 2477 990 *⁴*—
2473 768 2477 876 ῌ*
2473 700 2477 749 μ,

2455 2431 2475 2565 x'b-*st‘
2461 2375 2477 2406 ‘t
2463 2278 2477 2356 ⁸¹-
