2477 3512
978 272 1182 312 SIXIEME
1206 270 1374 309 ΑΝΝΕΕ
2168 279 2231 311 107

160 403 173 419 «
196 415 215 422 ..
239 389 401 430 mayisiro
423 390 451 419 et
471 386 636 429 frutribus
659 385 838 427 hospitalis
861 385 981 416 Sancte
1003 383 1120 415 Marie

116 442 398 475 Tlieulonicorum
442 438 726 472 Jerosolimitani.
773 437 895 479 Operis
938 436 1116 468 evidentia

112 496 313 528 declarante
338 513 392 525 —.
420 494 503 524 Dat.
529 491 699 532 Anagnie‚
728 491 816 522 VIII
843 491 911 522 kal.
938 488 1115 525 februarii,

111 559 204 581 anno
228 551 339 580 sexto,
366 559 378 575 »

189 694 277 720 3079
580 692 714 725 Anagni‚
738 692 776 718 25
797 691 921 724 janvier
944 689 1032 716 1260.

148 739 274 765 Eisdem
306 738 448 764 concedit
480 739 526 769 ut,
559 737 640 762 sicut
668 736 706 762 de
738 734 866 761 Pruscia
897 734 975 760 duas
1006 734 1112 767 partes

107 783 236 814 habent,
259 784 290 809 et
313 781 449 816 episcopi
471 781 600 807 tertiam
622 781 747 814 partem
771 778 928 810 obtinent,
953 777 996 804 sic
1018 777 1114 804 etiam

107 827 144 854 de
166 829 246 854 terre
267 826 419 853 Curoniae
440 833 494 851 seu
517 824 705 851 Curlandiae
729 823 807 849 duas
828 823 934 855 partes
954 821 986 847 in
1007 828 1116 854 perpe-

107 873 198 898 tuum
219 871 369 901 habeant,
390 869 485 896 tertia
505 868 564 895 loci
588 868 733 901 episcopo
755 867 924 892 reservata.
947 865 1043 898 (Bm.
1066 865 1116 892 25,

107 916 128 942 f.
145 915 214 946 243,
230 922 280 941 an.
297 914 352 945 VI,
370 921 395 940 c.
413 913 450 940 35
466 920 472 944 ;
492 913 668 938 Po'rrifflsr
685 910 806 943 17768.)

156 1016 168 1031 «
191 1028 210 1035 ..
234 1001 396 1043 mayistro
419 1003 446 1032 et
467 1000 632 1042 fratribus
655 999 834 1040 hospitalis
859 999 978 1029 Sancte
999 997 1116 1029 Marie

110 1055 391 1088 Tlicuionicorum
415 1053 685 1085 Jerosolmitani,
711 1053 833 1093 Operis
855 1052 1032 1083 evidentia
1058 1052 1117 1082 de*

105 1110 261 1141 clarante
293 1127 348 1140 —.
384 1108 467 1138 Dat.
502 1106 672 1147 Anagnic,
708 1106 797 1137 Ylll
832 1105 900 1136 kal.
935 1105 1112 1142 februarii,

103 1168 196 1194 anno
223 1164 335 1193 sexto.
365 1174 377 1189 »

187 1320 275 1346 3080
577 1318 711 1351 Anagni‚
735 1317 773 1344 25
795 1317 920 1350 janvier
944 1317 1032 1343 1260.

145 1373 260 1400 Omnes
286 1374 396 1403 terras,
423 1372 572 1405 regiones,
600 1372 713 1402 castra,
740 1370 830 1397 villas
857 1377 910 1396 seu
937 1369 1054 1403 oppida
1080 1371 1111 1395 et

103 1424 319 1451 quaecumque
338 1417 405 1443 loca
424 1423 503 1449 quae
522 1416 634 1442 fratres
652 1414 816 1449 hospitalis
835 1414 998 1448 praedicti,
1017 1413 1111 1440 chris-

101 1462 180 1488 tiani
204 1461 357 1487 exercitus
381 1459 519 1486 subsidio
544 1459 657 1492 adjuti,
683 1459 720 1485 de
744 1464 941 1492 paganorum
964 1458 1110 1484 manibus

101 1506 217 1539 eripere
242 1506 402 1538 poterunt,
428 1504 600 1530 dummodo
625 1503 665 1529 ad
690 1502 812 1536 aliquos
836 1502 1023 1529 christianos
1047 1509 1109 1528 non

100 1549 291 1584 pertineant,
318 1548 349 1574 in
377 1556 433 1574 sua
460 1547 589 1581 suscipit
617 1547 824 1580 protectione,
852 1547 982 1580 ipsaque
1010 1546 1052 1572 eis
1080 1546 1110 1573 in

100 1595 288 1628 perpetuum
306 1592 495 1626 possidenda
512 1591 655 1618 concedit
671 1598 678 1622 ;
698 1591 767 1617 vult
786 1592 892 1617 autem
912 1591 1007 1624 quod,
1025 1592 1111 1624 post-

101 1645 196 1672 quam
220 1637 273 1663 illa
297 1637 336 1663 ab
361 1636 404 1663 eis
428 1636 545 1662 fuerint
569 1634 725 1668 acquisita
749 1637 780 1661 et
804 1634 934 1668 pacifice
958 1642 1111 1668 possessa,

101 1682 241 1709 omnium
262 1680 497 1715 praedictarum
517 1681 636 1706 certam
658 1679 851 1705 decimarum
872 1681 995 1712 partem
1017 1679 1112 1705 eccle-

102 1726 153 1753 siis
181 1732 351 1758 earumque
378 1724 526 1758 praelatis
553 1723 669 1749 ibidem
697 1723 926 1749 constituendis
954 1723 1111 1756 assignare

104 1771 282 1797 teneantur.
299 1769 396 1801 (REG.
413 1769 462 1800 25,
477 1768 498 1794 f.
515 1768 583 1799 243,
600 1775 650 1794 an.
666 1767 721 1799 VI,
738 1767 767 1793 d.
784 1767 824 1801 c.)

150 1872 161 1886 α
186 1858 337 1890 Eisdem.
365 1857 488 1899 Operis
513 1856 691 1888 evidentia
718 1856 919 1887 declarante
943 1875 998 1888 —.
1026 1857 1108 1888 Dat.

103 1912 273 1953 Anagnie‚
296 1911 386 1943 VIII
407 1910 476 1942 kal.
498 1909 675 1946 februarii,
697 1919 790 1941 anno
810 1911 922 1941 seuto.
946 1922 957 1937 »

182 2072 265 2098 3081
613 2072 749 2105 Anagni,
771 2072 809 2098 29
833 2079 915 2099 mars
940 2072 1027 2098 1260.

140 2126 278 2152 Domum
301 2125 417 2152 Floridi
437 2125 553 2152 Montis
574 2133 668 2159 supra
688 2125 818 2159 Nigram
839 2125 979 2157 Undam,
998 2125 1110 2152 Bisun-

101 2171 185 2197 tinae
209 2170 349 2202 diocesis,
373 2177 408 2196 ac
431 2170 507 2196 alias
531 2170 642 2196 domus
665 2169 766 2196 eidem
789 2169 948 2203 subjectas
972 2169 1029 2196 sub
1053 2177 1109 2197 sua

100 2214 296 2249 protectione
309 2214 449 2248 suscipit.
464 2214 561 2247 (Bm.
577 2214 625 2245 25,
640 2214 660 2240 f.
676 2214 744 2246 243,
760 2221 809 2240 an.
824 2213 880 2246 VI,
895 2221 920 2240 c.
935 2213 998 2247 36.)

149 2314 162 2330 «
192 2326 211 2333 ..
241 2301 350 2342 priori
380 2302 408 2332 el
434 2300 601 2342 fratribus
629 2301 800 2333 heremitis
829 2301 948 2333 domus
976 2301 1110 2333 Floridi

100 2354 234 2386 Monlis
271 2363 377 2396 supra
413 2354 563 2395 Niqram
605 2354 752 2391 Undam,
792 2356 859 2386 lam
896 2354 1110 2396 presentibus.

101 2417 201 2449 quam
227 2407 366 2449 suturis,
395 2407 583 2449 reyulurem
610 2407 713 2439 vitam
740 2408 903 2449 professis
932 2408 967 2439 in
993 2418 1111 2450 perpe-

101 2463 209 2492 tuum.
247 2460 461 2501 Religiosam
496 2460 611 2492 vitam
648 2461 859 2502 eligentibus
896 2463 962 2492 etc.
1002 2470 1112 2502 usque

105 2514 286 2555 infringat.
316 2513 526 2555 Eapropter,
553 2513 671 2545 dilecti
694 2514 728 2545 in
757 2514 910 2545 Domino
938 2514 1012 2551 filii,
1037 2524 1114 2545 ves-

102 2567 165 2598 tris
200 2566 305 2607 justis
342 2566 644 2608 postulationibus
681 2567 872 2598 clementer
908 2567 1111 2602 annuimus,

101 2622 136 2651 et
163 2620 308 2651 domum
336 2619 467 2651 Floridi
492 2620 624 2651 Montis
650 2629 755 2661 supra
782 2620 928 2661 Nigram
956 2620 1111 2657 Undam,

99 2671 286 2704 Bisuntine
317 2672 475 2709 diocesis,
507 2682 546 2704 ac
577 2672 662 2704 alias
693 2674 816 2705 domos
846 2673 966 2705 domui
997 2674 1111 2705 eidem

103 2725 282 2766 subjectas
311 2725 345 2757 in
377 2725 505 2767 quibus
536 2726 655 2757 divino
686 2726 823 2758 vacatis
853 2726 1033 2768 obsequio,
1066 2727 1109 2758 ad

104 2778 217 2810 instar
246 2779 355 2810 felicis
386 2779 639 2811 recordationis
675 2779 869 2811 Innocentii
902 2790 1003 2821 pape,
1037 2789 1113 2821 pre-

105 2832 294 2863 decessoris
324 2831 444 2867 nostri,
475 2832 539 2863 sub
571 2832 664 2863 beati
695 2833 789 2863 Petri
819 2835 854 2863 et
884 2835 1003 2863 nostra
1034 2842 1113 2874 pro-

102 2885 258 2916 tectione
282 2885 493 2925 suscipimus
517 2888 552 2916 et
576 2886 747 2926 presentis
770 2886 890 2927 scripti
916 2886 1112 2927 patrocinio

103 2937 376 2969 communimus.
414 2938 451 2968 In
484 2938 604 2978 primis
635 2939 808 2979 siquidem
842 2941 1042 2969 statuentes
1075 2941 1114 2969 ut

107 2991 192 3022 ordo
224 2990 451 3025 monasticus,
485 2991 543 3032 qui
576 2993 768 3023 secundum
803 2991 916 3023 Deum
948 2995 981 3023 et
1012 2991 1115 3022 Beati

1225 382 1408 413 Benedicti
1442 381 1599 422 regulam
1633 381 1668 412 in
1704 382 1867 413 domibus
1900 383 1983 423 ipsis
2017 384 2231 416 auctoritate

1224 437 1427 478 Apostolica
1467 437 1655 468 institutus
1693 446 1767 468 esse
1807 437 2012 474 dinoscitur,
2052 439 2230 480 perpetuis

1224 492 1354 523 ibidem
1382 492 1602 534 temporibus
1628 492 1880 523 inviolabiliter
1906 493 2122 524 observetur.
2151 494 2230 525 Pre-

1223 550 1318 579 terea
1349 557 1579 588 quascunque
1609 547 1855 588 possessiones,
1888 557 2108 588 quecumque
2138 549 2229 580 bona

1223 603 1380 644 predicte
1403 603 1528 634 domus
1550 602 1583 633 in
1608 602 1865 643 presentiarum
1886 602 1980 643 juste
2003 612 2042 633 ac
2065 603 2230 634 canonice

1222 656 1404 697 possident
1428 658 1490 686 aut
1514 655 1548 686 in
1573 655 1734 686 futurum
1759 656 1983 686 concessione
2006 655 2229 696 pontificum,

1222 709 1406 748 largitione
1426 717 1546 749 regum
1566 708 1621 739 vol
1642 708 1852 749 principum,
1874 708 2052 739 oblatione
2073 707 2230 740 fidelium

1222 772 1280 793 seu
1304 762 1379 793 aliis
1399 761 1504 802 justis
1526 761 1649 797 modis,
1674 763 1854 802 prestante
1877 761 2039 798 Domine,
2062 763 2231 802 poterunt

1223 815 1380 856 adipisci,
1414 814 1515 845 firma
1547 814 1648 845 vobis
1678 814 1876 855 vestrisque
1907 814 2165 845 successoribus
2196 816 2231 844 et

1219 867 1358 899 illibata
1382 869 1626 909 permaneant.
1656 867 1694 897 In
1719 867 1847 907 quibus
1872 867 1933 898 hec
1958 866 2107 908 propriis
2131 866 2232 897 duxi-

1222 930 1300 952 mus
1327 920 1557 962 exprimenda
1586 920 1769 951 vocabulis
1798 929 1806 951 :
1834 919 1909 951 loca
1937 920 2012 961 ipsa
2039 920 2074 950 in
2102 919 2230 961 quibus

1223 974 1358 1015 prefate
1381 974 1507 1005 domus
1529 973 1594 1004 site
1616 975 1700 1004 sunt
1722 982 1802 1004 cum
1822 973 1987 1004 omnibus
2008 972 2230 1014 pertinentiis

1220 1027 1301 1063 suis,
1326 1026 1491 1058 videlicet
1514 1036 1594 1057 cum
1617 1026 1780 1062 ecclesiis,
1806 1026 1960 1062 decimis,
1985 1025 2081 1062 ortis,
2105 1025 2229 1063 vineis,

1220 1080 1369 1115 olivetis,
1391 1079 1513 1121 pratis,
1535 1079 1647 1115 terris,
1670 1079 1882 1115 nemoribus,
1905 1078 2068 1120 usuagiis,
2090 1078 2230 1120 pascuis

1219 1133 1253 1164 in
1280 1133 1384 1164 bosco
1409 1136 1443 1163 et
1469 1132 1585 1174 plano,
1612 1132 1645 1163 in
1671 1132 1772 1173 aquis
1796 1135 1829 1163 ct
1857 1132 2078 1168 molendinis,
2103 1131 2138 1163 in
2163 1131 2229 1163 viis

1218 1189 1253 1218 et
1277 1186 1421 1222 semitis,
1447 1188 1483 1217 et
1507 1185 1672 1217 omnibus
1697 1185 1772 1216 aliis
1796 1185 2022 1216 libertatibus
2045 1187 2081 1216 et
2104 1184 2230 1216 immu-

1219 1239 1392 1271 nitatibus
1417 1239 1498 1270 suis.
1526 1238 1616 1270 Sane
1640 1238 1822 1270 novalium
1846 1240 2046 1270 vestrorum
2071 1247 2137 1279 que
2161 1240 2230 1269 etc·

1218 1302 1329 1333 usque
1354 1295 1546 1333 presumat.
1574 1292 1694 1323 Liceat
1719 1301 1860 1332 quoque
1884 1291 1985 1322 vobis
2009 1290 2150 1322 clericos
2174 1290 2229 1322 vel

1216 1346 1323 1377 laicos
1353 1346 1480 1377 liberos
1509 1348 1544 1376 et.
1575 1345 1758 1376 absolutos
1786 1355 1803 1376 e
1833 1345 1950 1375 seculo
1980 1344 2154 1385 fugientes
2184 1344 2228 1375 ad

1216 1399 1484 1430 conversionem
1518 1398 1670 1439 recipere
1704 1400 1739 1429 et
1773 1407 1831 1428 eos
1864 1398 1999 1438 absque
2032 1396 2229 1428 contradic—

1216 1453 1312 1483 tione
1338 1451 1456 1493 aliqua
1482 1451 1643 1482 retinere.
1671 1451 1903 1482 Prohibemus
1926 1450 2069 1491 insuper
2088 1452 2127 1481 ut
2144 1450 2228 1481 nulli

1217 1506 1367 1536 fratrum
1395 1507 1606 1540 vestrorum,
1636 1507 1715 1545 post
1741 1504 1875 1535 factam
1902 1503 1936 1534 111
1963 1503 2127 1534 domibus
2152 1512 2229 1534 ves-

1217 1558 1280 1589 tris
1308 1557 1561 1599 professionem
1588 1557 1642 1587 fas
1669 1556 1714 1587 sit
1742 1557 1815 1587 sine
1843 1556 1966 1597 prioris
1993 1556 2046 1587 sui
2073 1555 2227 1588 licentia,

1218 1611 1282 1642 nisi
1313 1610 1474 1641 arctioris
1506 1609 1681 1650 religionis
1713 1610 1875 1645 obtentu,
1909 1609 1951 1640 de
1982 1608 2114 1640 eisdem
2145 1608 2229 1640 locis

1218 1664 1419 1699 discedere;
1448 1663 1689 1694 discedentem
1716 1672 1798 1693 vero
1826 1662 1960 1702 absque
1986 1661 2228 1693 communium

1216 1717 1417 1748 litterarum
1441 1718 1642 1747 vestrarum
1666 1715 1831 1746 cautione
1855 1715 1971 1746 nullus
1994 1714 2126 1746 audeat
2148 1714 2229 1745 reti-

1218 1780 1309 1802 nere.
1354 1770 1501 1810 Insuper
1540 1768 1757 1800 auctoritate
1796 1767 1990 1809 apostolica
2028 1767 2229 1799 inhibemus

1218 1834 1260 1855 ne
1292 1822 1382 1854 ullus
1413 1822 1598 1863 episcopus
1629 1822 1683 1852 vel
1716 1821 1871 1862 quelibet
1905 1821 1972 1852 alia
2003 1830 2152 1862 persona
2183 1820 2227 1852 ad

1218 1876 1373 1918 synodos
1394 1875 1449 1906 vel
1472 1877 1669 1906 conventus
1691 1874 1845 1905 forenses
1867 1884 1930 1905 vos
1950 1874 1998 1905 ire
2019 1873 2075 1904 vel
2095 1873 2227 1914 judicio

1217 1928 1364 1961 seculari
1388 1929 1430 1959 de
1453 1930 1573 1959 vestra
1598 1927 1739 1968 propria
1762 1927 1938 1958 sustantia
1963 1927 2017 1958 vel
2041 1926 2228 1967 possessio-

1220 1983 1324 2014 nibus
1349 1981 1476 2013 vestris
1503 1980 1685 2021 subjacere
1713 1980 1913 2021 compellat,
1943 1989 2005 2011 nec
2032 1979 2076 2011 ad
2104 1979 2228 2010 domos

1217 2037 1354 2067 vestras
1376 2043 1482 2065 causa
1505 2033 1645 2064 ordines
1667 2033 1878 2069 celebrandi,
1902 2042 2026 2064 causas
2047 2031 2228 2063 tractandi

1217 2088 1272 2120 vel
1294 2088 1432 2129 aliquos
1454 2089 1652 2118 conventus
1674 2086 1834 2128 publicos
1855 2085 2085 2121 convocandi,
2107 2085 2227 2116 venire

1218 2143 1411 2184 presumat,
1438 2149 1499 2171 nec
1522 2139 1719 2180 regularem
1742 2139 1866 2180 prioris
1888 2138 1997 2170 vestri
2020 2137 2226 2169 electionem

1217 2194 1402 2236 impediat,
1443 2195 1506 2224 aut
1535 2193 1577 2224 de
1606 2192 1825 2223 instituendo
1855 2192 1910 2223 vel
1939 2191 2153 2223 removendo
2187 2200 2226 2222 eo

1219 2248 1278 2289 qui
1318 2257 1380 2289 pro
1419 2249 1580 2287 tempore
1619 2245 1736 2281 fuerit,
1777 2247 1899 2276 contra
1939 2247 2077 2276 statuta
2118 2243 2227 2275 vestri

1218 2300 1350 2333 ordinis
1366 2309 1401 2331 se
1419 2299 1644 2340 aliquatenus
1661 2298 1892 2329 intromittat.
1915 2297 2003 2329 Illud
2020 2297 2227 2338 adjicientes

1218 2357 1259 2385 ut
1282 2353 1414 2385 scilieet
1438 2352 1570 2394 priores
1593 2351 1659 2393 ipsi
1683 2351 1858 2393 episcopo,
1884 2350 1981 2382 salvo
2006 2350 2127 2382 ordine
2150 2360 2224 2387 suo,

1219 2406 1378 2449 profiteri
1414 2406 1568 2437 debeant
1603 2407 1639 2436 et
1674 2407 1797 2436 contra
1833 2406 1972 2435 statuta
2007 2403 2138 2435 ordinis
2173 2403 2226 2434 sui

1220 2459 1352 2492 nullam
1396 2458 1650 2500 professionem
1692 2458 1805 2489 facere
1847 2456 2116 2498 compellantur.
2161 2456 2226 2487 Pro

1219 2512 1545 2545 consecrationibus
1583 2521 1665 2542 vero
1705 2510 1871 2542 altarium
1909 2510 1963 2541 vel
2002 2509 2226 2541 ecclesiarum

1220 2567 1293 2598 sive
1330 2575 1393 2607 pro
1431 2565 1506 2596 oleo
1544 2567 1667 2596 sancto
1704 2563 1759 2595 vel
1797 2563 1954 2604 quolibet
1992 2562 2226 2594 ecclesiastico

1220 2621 1454 2655 sacramento,
1486 2617 1601 2649 nullus
1631 2627 1649 2648 a
1679 2617 1780 2648 vobis
1809 2617 1873 2648 sub
1903 2616 2054 2647 obtentu
2083 2625 2227 2647 consue-

1220 2672 1355 2704 tudinis
1374 2671 1431 2703 vel
1451 2671 1518 2702 alio
1539 2671 1644 2702 modo
1666 2670 1833 2711 quicquid
1855 2670 1986 2701 audeat
2005 2671 2224 2709 extorquere,

1220 2726 1280 2757 sed
1304 2725 1367 2756 hec
1390 2723 1508 2756 omnia
1531 2723 1641 2764 gratis
1662 2723 1764 2754 vobis
1787 2722 1941 2764 episcopi
1965 2721 2139 2753 diocesani
2163 2720 2226 2751 im-

1221 2778 1390 2820 pendant.
1412 2776 1578 2818 Alioquin
1600 2776 1703 2808 liceat
1723 2776 1825 2807 vobis
1846 2784 2074 2817 quoscunque
2096 2773 2226 2805 malue-

1221 2831 1297 2863 ritis
1315 2830 1508 2863 catholicos
1525 2829 1621 2861 adire
1639 2829 1829 2865 antistites,
1848 2828 1999 2869 gratiam
2017 2830 2050 2858 et
2070 2836 2227 2858 commu-

1222 2885 1362 2916 nionem
1395 2882 1597 2925 Apostolice
1631 2882 1728 2914 Sedis
1766 2880 1966 2923 [habentes]
2001 2880 2071 2921 qui,
2107 2881 2225 2910 nostra

1221 2937 1302 2968 freti
1335 2936 1561 2971 auctoritate,
1596 2935 1697 2966 vobis
1730 2935 1824 2975 quod
1859 2933 2061 2975 postulatur
2093 2932 2227 2973 impen—

1222 2991 1321 3022 dant.
1357 2990 1457 3029 Quod
1492 2989 1517 3020 si
1552 2989 1650 3020 sedes
1683 2988 1949 3019 diocesanorum
1982 2986 2225 3026 episcoporum
