2477 3512
972 271 1244 318 CINQUIEME
1270 272 1436 311 ANNEE
2216 284 2260 315 69

148 383 246 416 tiatis
261 383 274 403 1
287 384 501 416 auctoritate
523 386 643 416 nostra
665 394 726 426 per
746 393 810 416 vos
830 384 885 416 vel
898 394 959 425 per
970 384 1078 416 alium
1089 393 1150 415 seu
1199 388 1203 394 '

150 436 237 469 alios
257 437 292 468 in
313 436 398 468 locis
430 436 594 468 omnibus
628 437 663 468 in
699 437 828 478 quibus
864 436 1016 468 videatis
1058 435 1149 478 (sic)

146 489 322 531 expedire.
361 490 535 521 Tenorem
579 492 699 521 autem
736 489 912 521 dictarum
949 489 1149 520 litterarum

145 542 254 583 ipsius
280 542 453 573 auditoris
479 542 521 573 de
545 542 654 573 verbo
675 543 719 573 ad
751 543 899 574 verbum
926 541 1150 583 presentibus
1200 552 1202 573 ῑ

146 594 293 626 fecimus
328 595 502 631 annotari,
528 595 588 636 qui
610 595 692 626 talis
713 597 765 626 est
791 605 797 626 ε

565 714 699 748 Anagni,
723 714 760 740 24
782 714 959 748 septembre
982 713 1069 740 1259.

190 792 202 807 «
242 779 455 821 Stephanus,
497 779 722 811 miseratione
762 779 883 810 divina
924 778 1151 810 Penestrinus

144 832 368 874 «episcopus,
411 832 582 863 universis
622 834 801 874 presentes
841 831 978 863 litteras
1018 831 1152 873 inspec-
1202 834 1204 866 ζ

142 885 272 922 «turis,
300 884 450 917 salutem
477 885 512 916 in
539 885 704 916 Domino.
732 884 911 916 Noveritis
937 884 1043 926 quod,
1071 894 1151 915 cum

143 937 381 969 «venerabilis
411 940 513 979 pater
542 938 744 979 patriarcha
774 937 1018 969 Antiochenus
1049 947 1152 979 quas-
1203 969 1204 972 ,

143 991 253 1022 «dam
283 990 421 1022 litteras
451 991 670 1032 impetraret,
703 993 912 1032 procurator
941 990 1151 1022 venerabilis

141 1043 288 1075 «fratris
332 1043 545 1075 Nicosiensis
589 1043 842 1085 archiepiscopi
888 1044 922 1075 in
968 1043 1150 1075 audientia

141 1108 154 1124 «
169 1096 310 1138 publica
334 1096 553 1128 contradixit
576 1096 707 1128 eisdem
731 1099 766 1128 et
791 1107 853 1128 nos
877 1107 896 1128 a
922 1096 1150 1128 Sanctissimo

141 1149 275 1181 «Patre
300 1149 442 1181 domino
468 1152 588 1181 nostro
614 1149 815 1181 Alexandro
841 1160 933 1191 papa
962 1149 1035 1180 IIII
1061 1149 1152 1181 obti-

141 1201 247 1233 «nuit
276 1202 487 1233 auditorem.
519 1202 599 1233 Fuit
630 1205 751 1234 autem
781 1203 1003 1244 propositum
1032 1212 1149 1233 coram

141 1254 271 1286 «nobis
301 1255 453 1286 eundem
485 1255 723 1287 Nicosiensem
756 1256 1059 1297 archiepiscopum
1090 1265 1151 1296 per

144 1308 444 1339 «Mamistranum
485 1308 789 1349 archiepiscopum
830 1309 970 1340 vinculo
1011 1318 1150 1340 excom-

143 1372 155 1387 «
171 1360 421 1392 municationis
446 1361 552 1392 fuisse
578 1361 801 1393 innodatum.
831 1362 1042 1393 Procurator
1067 1371 1149 1392 vero

143 1413 383 1445 «Nicosiensis
417 1414 669 1456 archiepiscopi
704 1414 794 1445 dixit
828 1415 976 1445 eandem
1010 1417 1149 1445 senten—

140 1466 255 1498 «tiam
276 1477 345 1498 non
367 1470 496 1503 tenere,
518 1477 558 1498 eo
579 1467 673 1508 quod
694 1477 774 1498 cum
796 1467 904 1498 felicis
923 1467 1149 1498 recordiatio-

140 1519 219 1551 «nis
247 1519 411 1551 dominus
441 1519 667 1551 Innocentius
694 1529 786 1561 papa
817 1520 890 1550 IIII
918 1519 1149 1561 archiepisco-
1200 1514 1201 1518 ¹

140 1571 231 1614 «pis,
257 1572 430 1614 episcopis
455 1582 494 1604 ac
519 1572 596 1603 aliis
621 1572 775 1614 prelatis,
802 1573 997 1604 rectoribus
1022 1575 1058 1604 et
1082 1573 1149 1604 cle-

141 1624 246 1656 «ricis
271 1625 496 1657 ecclesiarum
521 1625 619 1666 regni
645 1625 737 1667 Cipri
763 1625 834 1657 suis
861 1626 996 1657 dederit
1022 1626 1148 1657 litteris

141 1677 202 1709 «in
229 1678 408 1710 mandatis
434 1681 474 1709 ut
500 1678 700 1720 patriarche
726 1678 948 1710 Antiocheno
975 1679 1148 1710 decimam

141 1731 327 1763 «omnium
368 1734 608 1773 proventuum
648 1731 965 1763 ecclesiasticorum
1005 1741 1148 1763 suorum

140 1793 229 1826 «per
255 1784 449 1816 triennium
477 1784 685 1816 exhiberent
713 1784 749 1816 in
778 1785 1014 1817 munitionem
1043 1784 1149 1817 castri

139 1836 319 1869 «Cursarii
347 1838 637 1874 convertendam,
669 1838 861 1869 Cesariensi
890 1840 925 1870 et
956 1837 1150 1870 Nicosiensi

139 1890 438 1932 «archiepiscopis
462 1890 527 1921 sibi
552 1900 658 1932 super
680 1891 745 1922 hoc
769 1891 1018 1922 executoribus
1042 1891 1150 1933 depu-

140 1943 264 1980 «tatis,
291 1946 397 1984 prout
421 1943 456 1974 in
480 1943 608 1975 litteris
633 1943 835 1985 apostolicis
860 1943 997 1985 plenius
1021 1944 1151 1975 (licitur

142 1996 378 2033 «c0ntineri,..
407 1996 691 2038 archiepiscopus
718 1997 971 2028 Mainisiranus
997 1998 1051 2029 cui
1080 1997 1150 2029 dic-

139 2051 224 2080 «tus
256 2049 466 2081 Cesariensis
497 2050 723 2081 commiserat
755 2060 859 2091 super
894 2050 957 2081 hoc
990 2051 1151 2082 totaliter

140 2102 261 2133 «vices
287 2111 379 2139 suas,
407 2103 532 2134 eodem
559 2103 752 2135 Nicosiensi
781 2113 842 2135 nec
868 2103 1060 2135 Cesariensi
1087 2113 1149 2135 nec

139 2167 151 2182 κ
167 2154 399 2186 Mamistrano
445 2155 612 2197 predictis
656 2156 751 2187 vices
796 2166 878 2188 suas
924 2156 1150 2198 aliquatenus

139 2207 426 2245 «committente,
464 2218 621 2240 asserens
656 2209 772 2250 ipsum
811 2209 1050 2241 Nicosiensem
1087 2210 1150 2241 hu-

140 2273 153 2289 «
166 2260 322 2302 jusmodi
342 2261 496 2293 decimas
515 2261 649 2293 solvere
671 2261 771 2299 nolle,
793 2262 826 2293 in
847 2272 927 2294 cum
947 2273 1150 2294 excommu-

139 2313 355 2345 «nicationis
388 2314 602 2346 sententiam
636 2315 888 2356 promulgavit.
923 2316 1011 2347 Cum
1043 2316 1151 2357 igitur

143 2376 234 2408 «par
260 2367 295 2398 in
324 2377 443 2408 parem
471 2367 658 2409 imperium
687 2378 756 2399 non
784 2369 926 2405 habeat,
955 2379 995 2400 ac
1022 2369 1150 2400 exinde

141 2422 308 2451 «constet
348 2420 527 2461 prefatum
567 2421 805 2453 Cesariensem
845 2422 1149 2463 archiepiscopum

141 2472 301 2504 «nullam
323 2472 357 2504 in
381 2473 619 2505 Nicosiensem
642 2474 956 2517 archiepiscopum,
980 2475 1148 2515 collegam

141 2535 282 2562 «suum,
303 2535 347 2557 ex
365 2526 422 2557 illa
442 2527 688 2559 commissione
706 2519 988 2568 jurisdictionem
1009 2529 1150 2560 habuis-

141 2588 215 2615 «se,
252 2588 313 2610 nec
349 2579 383 2610 in
418 2579 690 2621 subdelegatum
726 2579 803 2622 plus
837 2581 924 2622 juris
960 2582 1148 2613 transferre

140 2631 325 2673 «potuerit
364 2642 472 2673 quam
511 2633 678 2671 habebat,
719 2634 862 2666 dicebat
901 2635 1034 2666 dictam
1073 2645 1149 2666 seu-

140 2684 319 2716 «tentiam
337 2686 715 2718 excommunicationis
734 2686 868 2719 nullum
888 2689 930 2719 de
947 2688 1023 2729 jure
1042 2688 1149 2719 robur

141 2737 351 2769 «firmitatis
384 2738 554 2770 obtinere.
591 2739 663 2771 Nos
697 2743 817 2772 autem
852 2741 1035 2773 dominum
1070 2751 1148 2772 nos-
1199 2762 1201 2787 :

140 2793 263 2822 «trum
290 2791 331 2822 A.
359 2801 488 2833 papam
517 2795 685 2833 quartum
712 2803 817 2834 super
843 2794 907 2825 hoc
934 2805 1051 2826 coram
1080 2796 1148 2826 fra-

140 2843 281 2875 «tribus
305 2845 530 2876 consulimus.
558 2845 659 2877 Unde
685 2847 726 2877 (lc
750 2846 860 2888 ipsius
883 2848 1023 2889 speciali
1049 2858 1147 2880 man·
1198 2854 1200 2874 ³

140 2896 253 2928 «dato
292 2900 328 2928 et
367 2897 519 2929 fratrum
559 2908 701 2930 suorum
742 2900 885 2931 consilio
926 2901 1145 2933 declaramus

172 2996 194 3018 1.
212 2997 280 3019 Rau.
302 2998 462 3021 denuntietis.

1255 385 1486 425 «hujusmodi
1527 387 1741 419 sententiam
1781 388 2158 420 excommunicationis
2198 399 2258 430 per

1254 438 1554 471 «Mamisiranum
1589 440 1891 482 archiepiscopum
1925 440 1959 471 in
1993 441 2171 481 prefatum
2206 452 2260 473 ar-

1254 491 1543 533 «chiepiscopum
1575 493 1814 525 Nicosiensem
1844 492 1964 524 taliter
1994 493 2182 534 prolatam,
2215 496 2257 527 de

1253 543 1356 584 «jure
1387 554 1455 575 non
1486 547 1615 582 tenere,
1646 548 1681 577 et
1711 545 1827 587 ipsum
1857 545 2096 577 Nicosiensem
2126 548 2258 579 archie-

1254 597 1464 638 «pisc0pum
1495 598 1619 630 eadem
1650 598 1826 630 sententia
1859 608 1928 629 non
1960 598 2066 630 fuisse
2096 599 2257 641 ligatum.

1255 661 1267 678 «
1286 649 1324 681 In
1345 650 1446 691 cujus
1467 650 1514 682 rei
1536 651 1780 682 testimonium
1802 654 1982 692 presentes
2000 651 2138 683 litteras
2158 652 2259 693 sigilli

1255 703 1411 734 «nostris
1433 703 1626 734 munimine
1649 704 1794 735 fecimus
1816 704 2037 735 communiri.
2061 704 2144 736 Dat.
2166 705 2261 738 Ana-

1256 756 1371 796 «gnie,
1438 756 1506 787 Vll
1541 756 1610 787 kal.
1676 756 1840 793 octobris,
1907 757 1971 787 sub
1998 766 2090 788 anno
2117 758 2260 790 Domini

1256 809 1529 846 «MCCLVIIII,
1559 809 1791 850 pontificatus
1820 809 1952 840 domini
1980 809 2172 842 Alexandri
2200 821 2260 852 pa-

1257 874 1269 890 «
1285 872 1326 903 pe
1353 862 1426 892 IIII
1450 872 1543 893 anno
1567 861 1703 902 quinto,
1728 862 1831 892 tertie
1854 862 2067 894 indictionis.
2092 875 2105 891 »

1303 915 1385 946 Dat.
1417 914 1586 955 Anagnie,
1617 914 1734 945 idibus
1763 914 1927 951 octobris,
1958 924 2050 946 anno
2081 915 2218 956 quinto.
2249 930 2261 945 »

1335 1077 1418 1103 2961
1724 1077 1858 1110 Anagni,
1882 1077 1919 1103 18
1941 1077 2069 1104 octobre
2093 1078 2179 1105 1259.

1296 1130 1484 1157 Abhatissae
1510 1131 1542 1157 et
1568 1130 1739 1157 conventui
1765 1130 1947 1157 monastesii
1973 1130 2003 1158 S.
2030 1131 2146 1158 Mariae
2172 1133 2203 1158 et
2230 1132 2258 1158 S.

1255 1174 1488 1201 Bartholemaei
1512 1175 1550 1201 de
1574 1174 1704 1206 Falesio,
1728 1174 1844 1201 ordinis
1868 1175 1897 1201 S.
1922 1175 2079 1207 Damiani,
2100 1175 2262 1203 Massanae

1258 1219 1398 1250 diocesis,
1423 1219 1564 1252 indulget
1589 1220 1625 1245 ut
1649 1219 1828 1252 capellanus
1853 1219 1929 1245 dicti
1953 1219 2095 1246 coenobii
2119 1220 2261 1247 ecclesias

1256 1262 1285 1290 S.
1313 1263 1483 1295 Laurentii,
1508 1263 1536 1289 S.
1560 1263 1681 1289 Antimi
1704 1264 1742 1289 de
1766 1263 1931 1289 Plumbino
1955 1265 1986 1290 et
2009 1264 2163 1297 quasdam
2185 1264 2261 1291 alias

1255 1307 1398 1334 ecclesias
1422 1307 1584 1334 Massanae
1606 1309 1637 1334 et
1659 1307 1865 1334 Vulterranae
1887 1307 2057 1334 diocesium
2077 1308 2169 1342 pleno
2189 1308 2257 1341 J'ure

1201 1339 1203 1371 ἶ
1253 1351 1294 1378 ad
1335 1351 1439 1385 ipsum
1480 1352 1705 1378 monasterium
1746 1352 1938 1385 pertinentes
1979 1352 2106 1379 visitare
2146 1352 2254 1386 possit..

1253 1395 1351 1428 (Res.
1372 1396 1420 1427 25,
1440 1396 1460 1422 f.
1481 1396 1549 1427 223,
1569 1403 1618 1422 an.
1639 1396 1676 1427 V,
1696 1403 1720 1422 c.
1742 1396 1820 1427 189;
1840 1396 2011 1422 POTTHAST
2031 1396 2152 1430 17684.)

1299 1489 1311 1505 «
1351 1502 1370 1508 ..
1411 1476 1581 1508 abbatisse
1619 1478 1647 1507 et
1686 1476 1862 1508 conventui
1900 1476 2098 1508 monasterii
2139 1476 2260 1509 Sancte

1254 1530 1371 1561 Marte
1406 1531 1434 1560 el
1471 1529 1588 1561 Sancti
1624 1529 1852 1561 Bartholomei
1887 1529 1926 1561 de
1960 1528 2108 1566 Falesia,
2128 1529 2260 1562 ordinis

1254 1583 1372 1615 Sancti
1408 1582 1589 1619 Damiani,
1630 1582 1673 1614 ast
1710 1582 1903 1614 Romanam
1942 1581 2129 1614 Ecclesiam
2168 1581 2261 1614 nullo

1200 1626 1202 1632 ’
1253 1636 1362 1667 medio
1400 1635 1611 1677 pertinenti&
1650 1635 1818 1666 Massanc
1854 1634 2008 1667 diocesi&
2048 1635 2103 1666 Ex
2140 1637 2262 1667 tenore

1253 1692 1370 1720 vestre
1408 1707 1462 1720 —.
1502 1688 1586 1720 Dat.
1626 1688 1796 1729 Anagnie,
1840 1687 1907 1718 XV
1944 1687 2013 1719 kal.
2053 1688 2255 1720 novembris

1254 1752 1347 1774 anno
1371 1741 1508 1783 quinto.
1535 1754 1546 1769 »

1335 1903 1423 1929 2962
1676 1903 1809 1936 Anagni‚
1833 1903 1870 1929 26
1893 1903 2070 1936 septembre
2094 1903 2180 1930 1259.

1294 1956 1521 1984 Monasterium
1561 1956 1589 1983 S.
1614 1956 1729 1984 Mariae
1760 1956 1797 1983 de
1823 1956 2005 1983 Gavallione
2043 1956 2263 1988 Tuscanensis,

1255 2001 1371 2028 ordinis
1391 2001 1420 2028 S.
1441 2000 1598 2032 Damiani,
1617 2001 1674 2027 sub
1693 2008 1749 2027 sua
1767 2001 1964 2034 protectione
1983 2000 2123 2034 suscipit,
2141 2007 2263 2027 omnes-

1255 2053 1315 2079 que
1337 2045 1403 2079 ejus
1424 2045 1633 2079 possessiones
1654 2052 1690 2071 ac
1710 2045 1803 2077 bona,
1823 2045 1895 2078 J'ura
1915 2047 1946 2071 et
1967 2044 2130 2079 privilegia
2150 2044 2263 2071 confir-

1254 2091 1331 2116 mat.
1352 2090 1449 2123 (REG.
1470 2089 1518 2121 25,
1538 2089 1559 2115 f.
1580 2089 1649 2120 223,
1669 2096 1719 2116 an.
1740 2089 1777 2121 V,
1798 2096 1823 2115 c.
1846 2089 1924 2121 1903
1946 2089 2119 2115 Po'rTnAST
2139 2088 2261 2123 17670.)

1301 2183 1313 2198 «
1337 2195 1356 2201 ..
1382 2169 1552 2201 abbatisse
1574 2169 1771 2201 monasterii
1795 2169 1917 2201 Sancte
1938 2169 2056 2201 Marte
2078 2169 2117 2201 de
2140 2169 2261 2202 Gaval-

1254 2222 1344 2255 lione
1379 2222 1622 2259 Tuscancnsis,
1657 2222 1796 2264 ejusque
1826 2222 2002 2254 sororibus
2035 2224 2106 2254 tam
2137 2231 2257 2264 presen

1254 2276 1346 2308 tibus
1375 2285 1478 2317 quam
1508 2275 1637 2316 suturis
1667 2274 1862 2316 reliyiosam
1893 2275 1997 2307 vitam
2025 2275 2192 2317 professis
2222 2275 2258 2307 in

1253 2331 1466 2371 perpetuum.
1496 2328 1711 2370 Religiosam
1738 2328 1852 2360 vitam
1879 2331 1946 2360 etc.
1973 2347 2029 2360 ——.
2052 2329 2136 2360 Dat.
2165 2329 2260 2361 Ana-

1254 2382 1333 2424 gnie
1352 2391 1413 2424 per
1432 2392 1578 2413 manum
1597 2381 1756 2423 magistri
1772 2382 1933 2418 Jordani,
1954 2382 2082 2414 Sancte
2098 2382 2259 2414 Romane

1255 2435 1409 2467 Ecclesie
1435 2435 1564 2466 notarii
1589 2437 1625 2466 et
1651 2434 1898 2472 vicancellarii,
1921 2434 1971 2466 VI
1991 2434 2061 2467 kal.
2091 2435 2257 2467 octobris.

1253 2489 1453 2521 indictrone
1507 2488 1572 2525 ΙΙΙ,
1624 2487 1881 2520 Incarnationis
1931 2488 2114 2520 Dominice
2164 2497 2259 2521 anno

1257 2541 1505 2579 MCCLVIIII,
1528 2540 1763 2583 pontificatus
1788 2550 1872 2573 vero
1908 2541 2041 2574 domini
2067 2541 2258 2574 Alexandri

1255 2605 1347 2637 pape
1373 2595 1450 2626 IIII
1473 2604 1569 2626 anno
1592 2594 1729 2635 quinto.
1753 2607 1765 2622 n

1333 2768 1421 2794 2963
1724 2769 1861 2803 Anagni,
1886 2769 1921 2795 14
1945 2769 2072 2795 octobre
2097 2768 2182 2795 1259.

1292 2822 1409 2855 Regem
1433 2822 1598 2855 Ungariae,
1620 2822 1814 2850 conditiones
1836 2823 1922 2857 pacis
1944 2824 1976 2849 et
1997 2822 2119 2848 unionis
2141 2829 2159 2848 a
2182 2822 2256 2848 Tar-

1250 2865 1338 2897 taris,
1370 2873 1453 2894 nova
1484 2874 1555 2893 eum
1586 2866 1759 2900 irruptione
1791 2866 1991 2898 terrentibus,
2023 2866 2145 2893 oblatas
2177 2865 2255 2893 inire

1198 2919 1199 2948 ζ
1250 2911 1353 2942 vetat,
1372 2917 1465 2944 seque
1484 2912 1614 2938 excusat
1632 2911 1667 2943 si,
1687 2911 1724 2938 de
1743 2911 1826 2938 mille
1844 2910 2087 2937 ballistariorum
2106 2909 2256 2943 subsidio,

1252 2954 1337 2988 quod
1358 2962 1376 2981 a
1398 2955 1475 2981 Sede
1496 2955 1678 2989 Apostolica
1699 2955 1780 2982 inter
1800 2957 1924 2982 caetera
1943 2955 2171 2989 postulaverat,
2192 2962 2255 2981 non

1248 2998 1289 3025 sit
1315 2998 1341 3024 ei
1367 2999 1575 3026 satisfactum.
1604 2999 1765 3026 Promittit
1791 3006 1833 3031 se,
1859 2999 1883 3025 si
1909 2998 2076 3026 necessitas
2102 2998 2255 3031 evenerit,
