2477 3512
1000 314 1277 356 QUATRIEME
1293 314 1454 347 ANNEE
2196 321 2255 351 807

228 426 318 452 2602
686 425 824 458 Viterbe,
839 425 876 451 24
890 424 959 458 juin
974 425 1062 451 1258.

178 479 413 506 Diiiinitoribus
448 478 581 512 capituli
614 478 815 512 provincialis
849 478 983 504 fratrum
1019 477 1145 504 Praedi-

138 521 282 546 catorum
314 519 346 545 in
379 518 570 545 Lombardia
602 518 734 544 mandat
766 519 802 544 ut
835 517 977 551 quolibet
1009 517 1144 543 triennio

138 559 170 585 in
199 565 306 584 eorum
336 558 521 592 provinciali
549 558 687 591 capitulo
716 557 834 590 eligant
863 559 925 583 tres
954 556 1144 588 visitatores,

138 605 246 624 eorum
261 598 379 624 ordinis
393 598 505 624 fratres
520 604 690 630 eorumque
705 597 953 630 provinciae,qui
968 596 1145 630 praedictos

138 638 176 664 de
210 637 337 668 Marola,
371 644 443 664 cum
487 637 676 663 monasterio
718 637 918 668 Columbarii,
960 636 1146 662 Mutinensis

139 677 280 708 diocesis,
309 678 340 703 et
368 677 406 703 de
422 676 633 709 Campagnola
655 676 855 707 monasteria,
876 676 913 702 de
928 676 1023 702 tertio
1037 676 1070 702 in
1082 677 1142 701 ter-

138 717 219 743 tium
250 724 367 743 annum
396 716 572 747 visitantes,
611 716 766 748 corrigant
796 717 827 741 et
856 716 1026 741 reforment
1066 721 1146 748 quae

141 756 323 789 corrigenda
343 757 374 781 et
394 755 593 782 reformanda
613 756 767 781 noverint.
789 755 886 789 (Rea.
908 755 955 786 25,
977 755 998 780 f.
1022 754 1079 781 143
1099 758 1146 785 v0,

139 803 190 822 an.
213 795 264 827 IV,
284 803 309 821 c.
331 793 427 828 16812.)

181 883 193 898 «
218 871 459 910 Dissinitoribus
488 871 619 910 capituli
646 871 850 909 provincialis
879 871 1010 909 fratrum
1040 870 1148 899 Predi-

138 926 274 954 catorum
307 924 339 953 in
372 924 571 953 Lombardia.
608 924 694 953 Inter
725 924 803 953 alias
835 923 1066 953 sollicitudines
1097 941 1146 951 —-.

139 977 272 1006 Nullum
290 980 400 1006 autem
417 977 568 1006 volumus
585 977 677 1006 vobis
695 979 753 1006 aut
771 977 874 1006 ordini
892 977 942 1005 vel
961 976 1149 1015 provinciali

138 1030 281 1068 capitulo
303 1032 422 1064 vestro,
447 1030 612 1059 occasione
635 1029 831 1059 visitationis
855 1030 1051 1067 hujusmodi,
1074 1029 1150 1058 visi-

138 1083 231 1112 tandi
250 1083 329 1112 alias
350 1082 527 1121 corrigendi
547 1082 599 1111 vel
619 1083 822 1116 emendandi,
838 1085 897 1111 aut
909 1082 1040 1121 aliquod
1061 1082 1148 1111 aliud

137 1126 171 1164 in
193 1135 344 1174 predictis
365 1135 568 1164 monasteriis
588 1135 639 1173 jus
660 1135 792 1173 acquiri,
814 1135 869 1164 sed
890 1138 1021 1164 tantum
1042 1135 1151 1164 valeat

138 1190 171 1217 et
211 1188 304 1217 duret
343 1188 530 1226 hujusmodi
569 1188 766 1217 visitationis
806 1188 950 1217 officium
990 1190 1150 1226 quantum

136 1249 264 1270 summo
281 1241 429 1279 pontifici
445 1241 602 1279 placuerit
619 1243 652 1270 et
668 1250 732 1270 non
750 1241 845 1270 ultra.
864 1241 941 1270 Dat.
960 1243 997 1270 ut
1013 1250 1120 1279 supra.
1138 1252 1150 1267 n

217 1379 307 1405 2603
676 1380 816 1411 Viterbe,
836 1379 873 1405 27
891 1380 960 1412 juin
980 1380 1067 1406 1258.

178 1432 318 1464 Alberto,
343 1432 452 1459 lectori
477 1432 610 1458 fratrum
636 1432 892 1458 Praedicatorum
918 1432 1148 1458 Coloniensium

139 1472 273 1498 mandat
300 1473 335 1498 ut
363 1472 528 1498 canoniam
555 1473 587 1498 et
614 1472 825 1505 praebendam
853 1479 931 1504 quas
959 1472 1146 1498 Lambertus

139 1512 177 1537 de
203 1512 352 1542 Wintere,
380 1512 548 1538 canonicus
582 1511 729 1538 ecclesiae
762 1509 931 1542 Buriensis,
958 1511 1149 1538 Coloniensis

139 1551 281 1582 diocesis,
314 1551 409 1577 libere
442 1551 597 1585 resignare
629 1551 778 1583 intendit,
813 1551 994 1577 Hermanno
1028 1551 1148 1582 clerico,

137 1592 212 1617 nato
241 1591 380 1617 Danielis
407 1591 443 1616 de
469 1591 617 1622 Bachein,
644 1591 766 1621 militis,
792 1591 956 1617 familiaris
982 1591 1149 1624 archiepis-

138 1630 210 1663 copi
234 1630 435 1662 Coloniensis,
460 1631 608 1663 assignet.
632 1630 730 1663 (BHG.
754 1630 803 1662 25,
828 1631 849 1656 f.
876 1630 943 1662 144,
968 1638 1018 1657 an.
1046 1631 1097 1662 IV,
1122 1638 1148 1656 c.

138 1670 215 1702 169;
242 1670 414 1696 PorrnAsr
442 1670 562 1703 17323.)

179 1758 190 1772 «
218 1746 324 1776 Fratri
352 1746 488 1781 Alberto,
526 1746 629 1776 lectori
657 1747 789 1785 fratrum
827 1747 1062 1776 Predicatorum
1093 1747 1150 1776 Co-

136 1798 337 1828 loniensium.
380 1799 590 1837 Significante
631 1799 723 1828 nobis
764 1799 940 1828 venerabili
980 1816 1030 1828 -.
1061 1800 1149 1831 Dat.

136 1852 282 1886 Viterbii‚
306 1852 334 1881 V
356 1852 420 1881 kal.
442 1852 524 1890 julii,
548 1861 633 1881 anno
657 1854 784 1891 quarto.
808 1863 820 1879 n

217 1989 308 2014 2604
693 1991 833 2022 Viterbe,
855 1991 873 2017 3
894 1991 998 2024 juillet
1021 1991 1107 2017 1258.

178 2043 314 2070 Eczelini
337 2043 374 2069 de
399 2043 553 2075 Romano,
577 2044 905 2077 tanquamshaeretici
929 2044 968 2070 ab
991 2044 1149 2070 ecclesias-

139 2083 203 2109 tica
222 2083 345 2109 unitate
364 2084 505 2117 praecisi,
525 2085 556 2110 et
574 2083 721 2115 Alberici,
742 2084 880 2116 germani
898 2083 975 2116 ejus,
995 2085 1148 2117 tanquam

138 2123 271 2148 fautoris
319 2123 528 2149 hereticorum
566 2123 693 2150 vinculo
730 2123 1065 2149 excommunicationis
1103 2131 1149 2149 as-

138 2162 235 2193 tricti,
267 2169 374 2189 omnes
407 2170 511 2189 servos
543 2164 574 2189 et
606 2163 735 2189 ancillas
767 2171 838 2189 cum
870 2163 1010 2196 ejusdem
1042 2163 1149 2189 condi-

139 2201 233 2228 tionis
245 2201 322 2228 filiis
337 2203 368 2228 et
382 2201 552 2236 nepotibus
568 2203 623 2236 qui
639 2203 799 2229 redierunt
810 2203 859 2229 vel
869 2203 1019 2229 redibunt
1033 2203 1073 2229 ad
1091 2203 1149 2229 Ec-

137 2241 247 2268 clesiae
266 2242 431 2273 unitatem,
445 2242 544 2268 tradit
567 2242 723 2276 plenariae
744 2242 886 2268 libertati
908 2244 940 2268 et
963 2250 1014 2268 eos
1035 2242 1149 2269 liberos

139 2288 204 2307 esse
234 2281 371 2307 decernit
392 2290 397 2307 ς
419 2292 429 2305 «
446 2282 492 2308 ita
511 2282 595 2315 quod
614 2282 672 2316 ipsi
693 2282 814 2315 peculia
834 2290 889 2308 sua
907 2282 1002 2308 libere
1021 2282 1149 2308 valeant

137 2321 270 2347 retinere
292 2323 323 2347 et
347 2328 382 2347 ea
404 2321 551 2347 libertate
574 2322 707 2354 gaudere
731 2329 794 2355 qua
817 2322 988 2354 gauderent
1012 2322 1035 2347 si
1058 2322 1148 2348 liberi

140 2360 207 2387 nati
222 2362 334 2386 essent.
350 2371 361 2384 »
375 2361 472 2393 (Rae.
488 2361 536 2392 25,
552 2361 571 2387 f.
590 2362 656 2391 144,
672 2369 721 2387 an.
740 2361 791 2393 IV,
807 2370 832 2388 c.
859 2361 948 2393 17023
976 2362 1148 2387 PoTTHAsr

178 2488 189 2503 «
201 2476 252 2505 Ad
262 2478 442 2515 perpetuam
453 2477 498 2506 rei
509 2477 699 2507 memoriam.
715 2478 795 2514 Quia
809 2478 953 2507 homines
967 2481 1083 2507 natura
1096 2496 1145 2506 —.

137 2529 214 2558 Dat.
234 2529 380 2563 Viterbii‚
400 2530 428 2558 V
448 2539 522 2559 non.
541 2529 623 2567 julii,
642 2539 727 2559 anno
747 2533 873 2569 quarto.
896 2542 906 2556 υ

215 2669 305 2695 2605
672 2669 808 2702 Viterbe,
825 2670 842 2697 3
857 2670 959 2702 juillet
980 2670 1064 2695 1258.

176 2721 342 2748 Vicentino
370 2723 401 2747 et
428 2721 590 2748 Tervisino
617 2722 770 2755 episcopis
798 2723 929 2749 mandat
957 2723 992 2748 ut
1017 2722 1146 2749 libertos

139 2761 365 2795 suprascriptos
398 2762 625 2787 manuteneant
657 2768 693 2787 ac
723 2762 753 2787 in
783 2761 931 2788 libertate
964 2762 1145 2793 defendant,

137 2799 295 2831 invocato,
311 2801 335 2827 si
350 2808 472 2827 necesse
488 2801 592 2831 fuerit,
609 2801 728 2827 brachii
743 2802 888 2828 secularis
903 2802 1032 2827 auxilio.
1049 2802 1145 2830 (Bm.

137 2839 186 2871 25,
209 2839 229 2865 f.
254 2840 320 2872 144,
343 2847 393 2866 an.
420 2841 470 2871 IV,
505 2848 529 2866 c.
566 2839 648 2866 17011.
681 2841 852 2867 Porrfflsr
887 2841 993 2873 17332,
1017 2842 1073 2867 sub
1097 2842 1146 2867 die

141 2878 182 2904 IV
214 2887 311 2906 nonas
341 2879 432 2912 julii;
457 2878 683 2911 Romanam,
704 2882 728 2906 t.
754 2881 811 2912 ΙΙΙ,
836 2883 875 2907 n⁰
900 2881 964 2913 48.)

179 2967 190 2981 «
205 2978 234 2989 ..,
259 2956 418 2985 Vicentino
437 2959 463 2985 et
483 2979 512 2990 ..,
547 2957 706 2986 Tervisino
726 2957 888 2995 episcopis.
902 2957 981 2994 Quia
1001 2957 1144 2987 homnies

135 3008 185 3038 vel
206 3010 256 3037 etc.
281 3026 332 3038 —.
356 3009 433 3038 Dat.
458 3012 495 3039 ut
517 3019 624 3048 supra.
650 3021 661 3037 n

1331 425 1421 450 2606
1786 427 1924 458 Viterhe,
1946 427 1981 453 13
1998 427 2067 460 Juin
2088 428 2174 454 1258.

1292 491 1430 517 ,Iohanni
1464 492 1645 525 presbytero
1678 493 1819 526 indulget
1853 494 1889 519 ut
1922 493 2074 527 capellam
2109 494 2138 520 S.
2173 494 2257 520 Petri

1253 530 1289 556 de
1315 530 1412 562 Moro,
1439 539 1545 558 curam
1571 532 1747 559 animarum
1773 533 1953 563 habentem,
1979 534 2010 559 et
2036 533 2258 560 canonicatum

1252 571 1283 596 et
1303 571 1514 603 praebendam
1534 578 1611 604 quos
1631 572 1662 598 in
1682 572 1772 605 plebe
1791 573 1828 598 de
1849 572 1974 604 Sarzan,
1995 572 2125 598 diocesis
2144 572 2258 599 Terdo-

1252 610 1365 641 nensis,
1391 611 1514 637 obtinet
1552 611 1684 637 retinere
1710 612 1818 645 possit,
1845 619 1908 638 non
1934 612 2081 638 obstante
2107 612 2259 638 constitu-

1251 649 1337 675 tione
1365 657 1382 676 a
1409 650 1562 677 Celestino
1590 658 1682 684 papa,
1706 653 1782 677 tunc
1808 651 1895 677 tituli
1921 652 2050 678 S.Marci
2076 652 2258 685 presbytero

1253 689 1405 715 cardinali
1427 692 1459 716 et
1482 690 1514 716 in
1538 690 1682 724 partibus
1726 691 1787 716 illis
1811 691 2010 724 Apostolicae
2035 691 2122 718 Sedis
2145 691 2258 724 legato,

1254 730 1363 755 contra
1391 730 1570 756 obtinentes
1599 730 1689 763 plura
1718 731 1927 757 ecclesiastica
1956 731 2108 757 beneficia
2136 731 2167 757 in
2197 738 2260 757 una

1253 768 1383 795 civitate
1411 770 1460 795 vel
1490 777 1550 795 uno
1580 769 1751 803 plebanatu
1779 770 1893 801 edicta,
1930 771 1979 796 vel
2018 771 2079 797 alia
2118 770 2260 804 qualibet

1254 809 1421 835 contraria.
1443 809 1539 842 (Bao.
1562 809 1609 840 25,
1631 809 1652 835 f.
1676 809 1742 840 144,
1764 816 1814 836 an.
1839 810 1891 841 IV,
1912 818 1937 836 c.
1960 810 2041 843 171.)

1296 923 1307 938 «
1332 912 1474 941 ,Iohanni
1498 912 1675 950 presbitero,
1701 912 1806 941 rectori
1845 913 1957 951 capelle
1984 913 2089 942 Sancti
2114 913 2199 942 Petri
2225 913 2261 942 de

1254 964 1357 998 Adoro,
1386 965 1588 994 Terdonensis
1612 964 1752 994 diocesis.
1778 966 1968 994 Devotionis
1992 969 2047 994 tue
2071 966 2185 995 merita
2208 983 2260 995 —.

1256 1017 1331 1046 Dat.
1361 1017 1506 1051 Viterbii‚
1535 1018 1641 1047 idibus
1667 1016 1762 1056 junii,
1789 1027 1874 1047 anno
1903 1020 2030 1057 quarto.
2059 1030 2071 1045 »

1334 1243 1424 1269 2607
1765 1244 1903 1275 Viterbe,
1917 1245 1944 1270 le
1958 1245 1996 1271 20
2009 1245 2078 1277 juin
2094 1245 2181 1272 1258.

1296 1310 1423 1336 Cantori
1438 1310 1583 1337 ecclesiae
1599 1310 1627 1337 S.
1645 1311 1750 1337 Ursini
1763 1311 1966 1337 Bituricensis
1981 1312 2111 1337 mandat
2127 1313 2163 1338 ut
2177 1312 2263 1345 quic-

1255 1350 1331 1382 quid
1361 1350 1392 1376 in
1423 1350 1651 1384 praejudicium
1682 1351 1833 1384 Stephani
1864 1351 1935 1383 Mic,
1959 1351 2086 1377 rectoris
2117 1351 2262 1378 ecclesiae

1256 1389 1284 1415 S.
1308 1390 1459 1421 Portiani,
1481 1390 1745 1416 Claromontensis
1767 1391 1907 1421 diocesiS,
1930 1398 1985 1424 pro
2007 1391 2147 1423 ejusdem
2168 1391 2262 1417 eccle-

1254 1429 1317 1455 siae
1344 1429 1476 1462 negotiis
1503 1430 1542 1456 ad
1569 1430 1679 1456 Sedem
1704 1430 1919 1464 Apostolicam
1945 1430 2111 1461 venientis,
2137 1431 2263 1457 invene-

1254 1469 1295 1494 rit
1310 1470 1549 1503 attemptatum,
1567 1470 1598 1496 in
1618 1471 1738 1496 statum
1764 1470 1907 1496 debitum
1931 1472 2066 1496 revocet.
2092 1470 2188 1503 (Bm.
2213 1470 2262 1502 25,

1253 1508 1274 1533 f.
1296 1509 1351 1534 144
1370 1513 1415 1537 νῦ,
1434 1516 1483 1535 an.
1506 1509 1558 1540 IV,
1576 1516 1601 1536 c.
1621 1509 1702 1542 172.)

1296 1623 1351 1646 «..,
1377 1612 1495 1641 cantori
1537 1612 1657 1641 ecclesie
1684 1613 1790 1642 Sancti
1821 1613 1931 1643 Ursini
1965 1613 2182 1642 Bituricensis.
2210 1613 2265 1642 Di—

1254 1664 1327 1693 lecti
1355 1664 1413 1694 filii
1441 1665 1595 1703 Stephani
1622 1683 1673 1694 —.
1702 1666 1778 1695 Dat.
1808 1666 1955 1699 Viterbii‚
1983 1666 2051 1695 XII
2091 1666 2154 1695 kal.
2183 1666 2263 1704 julii,

1255 1726 1340 1746 anno
1373 1720 1500 1756 quarto.
1534 1730 1545 1745 »ι

1335 1945 1425 1970 2608
1784 1945 1922 1978 viterbe,
1941 1946 1957 1972 6
1974 1947 2077 1979 juillet
2097 1947 2183 1974 1258.
2199 1931 2200 1934 ’

1298 2011 1418 2037 Pisanis
1442 2011 1496 2044 qui
1519 2012 1556 2037 de
1579 2011 1696 2044 guerris
1719 2011 1800 2038 inter
1823 2019 1874 2038 eos
1896 2014 1929 2038 et
1951 2012 2125 2039 Januenses
2148 2015 2266 2042 exortis

1256 2051 1287 2077 in
1311 2051 1421 2077 Sedem
1443 2051 1659 2084 Apostolicam
1681 2052 1971 2085 compromiserant,
1994 2054 2127 2080 mandat
2148 2055 2184 2080 ut
2203 2054 2265 2081 illis

1257 2090 1471 2117 Januensihus
1494 2092 1525 2116 et
1548 2098 1655 2117 eorum
1699 2091 1851 2124 subjectis
1874 2099 1984 2125 pacem
2007 2092 2132 2119 firmam
2157 2094 2194 2120 de
2218 2102 2264 2121 ce-

1257 2131 1323 2156 tero
1341 2130 1457 2164 ubique
1474 2132 1608 2162 servent,
1625 2131 1664 2156 ab
1681 2131 1767 2157 omni
1782 2132 1926 2158 molestia
1941 2133 2007 2158 tam
2024 2133 2055 2159 in
2070 2135 2153 2159 terra
2169 2141 2264 2167 quam

1256 2169 1287 2196 in
1316 2170 1395 2196 mari
1424 2170 1585 2202 desistent,
1615 2178 1720 2196 secure
1748 2171 1779 2197 in
1808 2171 2023 2201 societatibus.
2053 2173 2264 2201 mercimoniis

1256 2211 1287 2236 et
1306 2210 1375 2236 aliis
1394 2211 1526 2236 utantur
1545 2217 1615 2236 cum
1634 2210 1761 2241 eisdem,
1782 2218 1890 2244 pacem
1910 2219 1985 2237 voce
2004 2213 2164 2245 praeconis
2183 2213 2263 2240 infra

1255 2249 1396 2276 triduum
1417 2250 1604 2283 proclamari
1624 2250 1793 2282 facientes;
1814 2252 1946 2277 mandat
1967 2252 2092 2285 insuper
2107 2254 2151 2284 ut,
2169 2253 2262 2286 hujus

1256 2290 1439 2316 concordiae
1462 2297 1565 2320 causa,
1589 2292 1806 2323 procuratores
1828 2291 1867 2317 ad
1890 2291 1966 2317 alios
1989 2292 2118 2318 Pisanos
2140 2292 2171 2318 in
2193 2301 2262 2326 par—

1255 2329 1340 2355 tibus
1386 2329 1598 2355 ultramarinis
1648 2330 1829 2356 habitantes
1871 2331 1966 2362 missi,
2011 2339 2114 2358 coram
2158 2333 2262 2366 legato

1255 2369 1427 2402 apostolico
1447 2369 1479 2395 in
1499 2369 1629 2395 civitate
1650 2370 1822 2396 Acconcnsi
1843 2372 2055 2404 compareant.
2092 2371 2189 2404 (REG.
2211 2373 2258 2405 25,

1254 2408 1275 2433 f.
1299 2409 1354 2434 144
1375 2412 1420 2438 νο,
1440 2416 1489 2435 an.
1505 2409 1556 2440 IV,
1570 2416 1595 2435 c.
1611 2409 1681 2435 173²
1695 2417 1701 2439 ζ
1717 2410 1888 2435 POTTHAST
1904 2410 2018 2443 17333;
2035 2409 2260 2444 RODENBERG,

1254 2449 1277 2474 t.
1304 2449 1362 2480 111,
1387 2451 1425 2474 n⁰
1451 2448 1534 2480 482.)

1295 2564 1306 2578 α
1340 2552 1498 2586 Potestati,
1535 2552 1706 2590 capitaneo,
1744 2553 1872 2582 consilio
1908 2555 1934 2582 et
1967 2554 2083 2592 populo
2119 2555 2259 2584 Pisanis.

1256 2604 1342 2634 Inter
1352 2605 1413 2634 alia
1426 2615 1487 2643 que
1497 2606 1608 2634 -—.Ad
1627 2606 1684 2634 hec
1703 2606 1894 2644 precipimus
1912 2609 1944 2635 et
1963 2608 2154 2636 mandamus
2173 2609 2258 2646 quod

1252 2658 1374 2687 nullum
1400 2658 1541 2692 stolium,
1566 2661 1805 2687 armamentum
1830 2668 1885 2688 seu
1910 2660 2057 2688 navalem
2083 2660 2257 2690 exercitum

1251 2711 1425 2749 galearum,
1450 2711 1581 2740 navium
1605 2720 1659 2739 scu
1683 2720 1960 2750 quorumcumque
1983 2712 2149 2750 lignorum,
2174 2713 2257 2743 ultra

1252 2773 1339 2793 mare
1376 2764 1527 2796 mittatis,
1554 2764 1679 2793 litteras
1705 2773 1833 2802 quoque
1860 2767 1985 2794 nostras
2012 2774 2091 2803 quas
2117 2765 2258 2795 Januen-

1252 2817 1349 2850 sibus,
1367 2817 1490 2846 Pisanis
1509 2819 1541 2846 ct
1557 2816 1687 2846 Venetis
1704 2817 1978 2846 commorantibus
1994 2817 2025 2846 in
2042 2818 2259 2848 ultramarinis

1252 2870 1399 2908 partibus
1425 2870 1623 2899 destinamus
1649 2879 1712 2899 una
1738 2878 1810 2898 cum
1836 2869 1950 2899 vestris
1975 2870 2089 2900 litteris
2115 2871 2257 2909 predicta

1252 2922 1493 2952 continentibus
1514 2922 1656 2951 celeriter
1675 2922 1843 2951 destinetis
1863 2922 1992 2952 eisdem.
2014 2923 2090 2952 Dat.
2111 2924 2257 2957 Viterbii‚

1255 2975 1285 3005 II
1315 2984 1415 3005 nonas
1442 2975 1522 3012 julii,
1552 2984 1636 3004 anno
1665 2977 1792 3013 quarto.
1821 2986 1834 3002 »
