2477 3512
936 289 1209 335 CINQUIEME
1235 289 1402 327 ANNEE
2185 301 2222 333 21

111 400 172 432 «111
203 400 356 442 hospitio
388 400 535 443 predicti
568 400 700 432 domini
732 401 776 432 1-1.
809 401 1005 437 cardinalis,
1039 411 1114 443 pre-

110 453 295 485 «sentibus
329 464 335 485 :
368 455 476 486 fratre
506 454 768 490 Bartholomeo,
802 454 992 485 venerabili
1025 454 1113 495 epis-

110 518 122 534 «
137 516 223 547 copo
246 506 442 543 Vicentino,
466 507 633 548 magistro
656 507 789 547 Angelo
813 507 985 543 Romano,
1009 516 1113 538 cano-

110 571 121 587 «
137 559 213 590 nico
233 559 517 596 Cathalaunensi,
537 560 705 601 magistro
724 559 891 591 Michaele
910 560 951 591 de
970 560 1111 597 Leodio,

109 612 258 643 «0101100
294 613 441 654 predicti
478 613 610 643 domini
647 613 690 644 H.
727 612 924 649 cardinalis,
962 613 1111 653 Rogerio

109 665 178 696 «de
200 665 355 702 Virtuto,
378 665 500 697 clerico
524 665 816 697 (Iathalaunensis
838 665 993 702 diocesis,
1018 665 1113 698 Guil-

108 729 120 745 «
135 717 237 749 lelmo
255 718 297 749 de
314 718 477 755 Vinatiis,
495 718 630 754 clerico,
650 718 801 759 Hugone
821 719 862 750 de
881 718 1110 756 Castronovo,

107 770 389 802 «Maurianensis
428 771 584 807 diocesis,
625 771 724 808 laico,
765 774 800 802 et
838 771 914 802 aliis
953 771 1111 812 pluribus

107 824 286 855 «testibus
331 825 373 855 ad
421 824 579 865 predicta
625 824 773 856 vocatis.
820 824 922 855 Anno
970 825 1110 856 Domini

106 877 358 913 «MCCLVIII,
391 877 583 908 indictione
619 877 662 913 II,
697 877 770 908 XII
803 877 871 908 kal.
903 877 1066 918 januarii.
1101 891 1112 905 υ

150 942 162 957 «
200 930 273 970 Ego
312 930 513 962 Gifredinus
552 930 742 971 predictus,
783 930 953 972 imperiali
990 934 1111 962 ancto-

105 995 117 1010 υ
132 982 238 1014 ritate
280 983 448 1019 notarius,
491 983 754 1024 compromisso,
798 983 1034 1015 commissioni
1075 986 1109 1015 et

104 1048 115 1063 υ
131 1035 356 1067 submissioni
381 1036 548 1077 predictis
573 1036 717 1067 interlui
743 1039 775 1068 et
803 1037 974 1068 mandato
1000 1037 1111 1068 dieto-

103 1101 115 1117 «
130 1098 208 1120 rum
246 1089 469 1120 dominorum
510 1089 554 1121 H.
593 1092 626 1121 et
668 1090 707 1121 O.
748 1100 786 1121 ac
825 1090 1109 1131 supradictorum

101 1145 397 1182 «procuratorum
424 1145 548 1183 rogatu
575 1142 695 1184 scripsi
722 1146 754 1174 et
787 1143 965 1184 publicavi
991 1143 1108 1174 onmia

102 1195 346 1236 «supradicta.
374 1208 385 1223 »

149 1260 161 1275 «
181 1248 253 1279 Nos
272 1248 388 1289 igitur,
409 1249 565 1280 obtentis
585 1249 667 1280 viva
687 1259 772 1280 voce
791 1249 835 1280 ab
855 1249 978 1281 eodem
998 1249 1110 1280 domi-

101 1311 173 1332 «no
202 1301 406 1333 Alexandro
436 1312 527 1344 papa
558 1302 756 1338 ordinandi,
788 1302 1007 1344 disponendi,
1038 1305 1108 1334 513-

101 1354 262 1391 «tuendi,
289 1355 496 1391 arbitrandi,
524 1355 735 1392 diffiniendi,
762 1356 981 1392 decernendi,
1009 1366 1108 1387 111311-

101 1420 112 1435 «
130 1408 247 1443 dandi,
295 1408 507 1449 assignandi,
554 1409 768 1440 concedendi
817 1412 852 1440 et
897 1409 1105 1450 providendi

100 1470 231 1502 «super
259 1461 422 1493 omnibus
450 1465 485 1493 et
513 1462 657 1503 singulis
684 1462 719 1493 in
749 1462 985 1493 instrumento
1014 1472 1107 1493 com-

99 1514 288 1555 «promissi
316 1514 493 1546 contentis
521 1514 612 1546 inter
638 1514 732 1556 ipsos
761 1517 1016 1556 procuratores,
1047 1525 1107 1546 no-

99 1566 221 1598 «mine
261 1567 437 1599 dictorum
478 1567 631 1604 abbatis,
674 1568 836 1609 priorisse
880 1570 915 1599 et
955 1578 1107 1599 conven-

100 1622 229 1651 «tuum
273 1630 312 1652 ac
356 1621 663 1657 monasteriorum,
708 1624 741 1652 et
786 1621 880 1662 ipsos
924 1621 1104 1658 abbatem,

100 1673 329 1714 «priorissam
363 1676 399 1705 et
432 1677 630 1706 conventus
664 1684 703 1706 30
739 1675 964 1711 monasteria,
1000 1677 1105 1716 prout

99 1727 227 1758 «nobis
264 1727 436 1769 placuerit
472 1730 507 1759 et
544 1727 725 1759 videbitur
760 1728 960 1770 expediens,
998 1728 1105 1760 etiam

99 1779 161 1810 «in
188 1780 281 1811 1111110
305 1780 392 1821 juris
417 1781 538 1812 ordine
563 1781 764 1817 observato,
791 1783 980 1822 potestate,
1007 1791 1106 1813 man-

99 1833 211 1864 «dato
243 1836 278 1864 et
311 1833 524 1865 auctoritate
557 1834 732 1876 plenariis,
766 1837 802 1865 et
833 1837 972 1866 retenta
1004 1835 1105 1866 nobis

99 1896 290 1918 «concessa
314 1889 350 1918 et
376 1887 476 1918 nobis
501 1897 520 1918 a
547 1887 650 1919 dictis
676 1887 963 1929 procuratoribus
988 1890 1106 1930 potes-

99 1941 212 1976 «tate,
242 1940 283 1971 de
310 1940 535 1977 auctoritate,
564 1941 735 1972 mandato
761 1942 797 1972 et
824 1943 1002 1982 potestate
1030 1951 1106 1983 pre-

97 2005 109 2021 «
125 1992 239 2024 missis
263 1993 477 2030 ordinamus,
503 1993 707 2030 statuimus,
734 1994 963 2036 disponimus,
989 1995 1105 2026 decer-

97 2045 251 2082 «nimus,
280 2047 502 2083 mandamus,
531 2047 759 2089 providemus
785 2050 820 2079 et
847 2048 1105 2079 sententialiter

97 2112 109 2127 «
125 2099 322 2131 diffinimus
362 2101 456 2141 quod
497 2100 589 2132 dicte
629 2100 793 2142 priorissa
833 2103 868 2132 et
907 2104 1105 2133 conventus

98 2153 330 2184 «monasterii
359 2154 608 2190 Andeciarum,
639 2156 674 2185 et
703 2154 820 2196 ipsum
849 2155 1103 2186 monasterium

97 2216 163 2237 «30
201 2216 357 2248 persone,
396 2207 551 2248 grangie,
590 2207 747 2239 membra
784 2210 820 2239 et
857 2208 949 2239 bona
986 2208 1104 2240 onmia

98 2259 233 2300 «ipsius
257 2260 460 2291 monasterii
484 2260 555 2291 sint
578 2260 722 2292 0111111110
746 2261 854 2292 libera
878 2263 913 2292 et
937 2264 1103 2303 exempta

98 2312 169 2343 «ab
196 2312 290 2343 omni
315 2312 569 2354 jurisdictione,
596 2313 684 2355 jure,
710 2313 849 2355 justitia
876 2316 911 2345 et
937 2314 1104 2346 adminis-

98 2366 279 2397 «tratione
314 2366 490 2397 dictorum
524 2367 667 2399 abbatis
700 2369 735 2398 et
768 2369 966 2399 conventus
988 2367 1104 2399 Molis-

97 2419 310 2456 «mensium,
341 2422 376 2451 et
406 2420 450 2451 ab
481 2420 645 2451 omnibus
675 2420 750 2452 aliis
780 2430 847 2462 que
878 2420 963 2452 dieti
992 2421 1103 2453 abbas

96 2484 108 2500 «
123 2475 158 2503 et
182 2475 379 2504 conventus
402 2473 455 2504 vel
481 2483 601 2504 eorum
625 2473 879 2505 monasterium
903 2474 937 2505 in
962 2474 1100 2515 prefato

97 2525 337 2557 «monasterio
371 2526 607 2557 Andeciarum
641 2536 700 2558 seu
734 2526 925 2558 Vivisonus
957 2529 993 2558 et
1026 2537 1101 2569 per-

98 2591 110 2605 «
125 2578 219 2610 sonis
241 2581 276 2610 et
300 2578 399 2610 bonis
422 2579 531 2620 ipsius
554 2581 716 2621 peterent
739 2580 793 2611 vel
819 2582 936 2621 petere
959 2583 1102 2621 possent

99 2641 337 2673 «quacunque
376 2632 568 2669 occasione,
608 2635 644 2664 et
685 2632 884 2674 specialiter
921 2633 1102 2665 occasione

97 2684 314 2726 «cujuslibet
355 2685 526 2726 privilegii
567 2686 640 2717 sive
681 2686 726 2717 ab
767 2686 971 2728 Apostolica
1014 2687 1101 2718 Sede

97 2751 109 2767 «
125 2738 197 2769 sive
215 2748 234 2769 a
252 2748 464 2780 quacunque
482 2749 630 2780 persona
648 2739 884 2771 ecclesiastica
902 2742 936 2771 et
955 2740 1101 2772 seculari

97 2804 110 2821 «
125 2791 255 2823 eisdem
276 2792 398 2823 abbati
418 2795 453 2823 et
473 2792 677 2829 conventui,
699 2795 734 2824 et
755 2793 969 2825 monasterio
986 2794 1102 2825 Molis-

98 2845 304 2876 «mensibus
332 2845 497 2881 concessi,
526 2848 562 2876 01
589 2846 788 2887 specialiter
814 2846 998 2878 occasione
1026 2857 1101 2888 pre-

97 2898 217 2929 «dicte
262 2898 449 2935 sententie,
497 2908 603 2940 (1113111
650 2898 863 2931 sententiam
908 2899 1099 2937 irritamus,

97 2960 314 2987 «cassamus,
346 2951 577 2983 rescindimus
607 2954 642 2983 et
672 2951 780 2983 etiam
811 2962 1028 2989 revocamus,
1061 2963 1101 2985 ac

97 3004 323 3046 «predictum
356 3005 609 3036 monasterium
643 3005 880 3037 Andeciarum
912 3015 971 3037 seu
1005 3006 1101 3037 Vivi-

1225 413 1237 429 «
1252 401 1370 438 fontis,
1410 402 1610 444 priorissam
1646 406 1680 435 et
1718 407 1933 436 conventum
1971 417 2009 438 ac
2047 417 2223 448 personas,

1224 455 1423 494 «grangias,
1463 457 1621 488 membra
1659 459 1694 488 et
1733 457 1825 489 bona
1862 457 1971 499 ipsius
2010 461 2223 497 monasterii,

1225 519 1236 533 «
1253 507 1294 538 (10
1311 508 1529 548 plenitudine
1546 509 1735 551 potestatis
1751 510 1909 551 ejusdem
1926 511 2058 542 domini
2074 512 2226 544 Alexan-

1224 574 1234 586 «
1251 560 1303 591 dri
1328 571 1417 602 pape
1443 562 1543 593 nobis
1567 563 1731 604 precipue
1755 563 1790 594 in
1805 563 1869 595 hac
1883 567 1982 605 parte
1996 565 2190 601 commisse,
2204 576 2223 597 a

1223 613 1416 654 «predictis
1439 615 1603 646 omnibus
1625 625 1692 656 que
1716 616 1851 647 (lictum
1874 617 2129 649 monasterium
2152 618 2224 649 Mo-

1223 665 1410 698 «lismense
1446 668 1551 699 habet
1588 668 1642 700 vel
1676 669 1804 700 habere
1839 672 1957 711 posset
1991 670 2024 701 in
2059 670 2117 707 eis,
2153 671 2225 702 sive

1223 720 1493 761 «temporaliter
1531 721 1604 752 sive
1643 721 1883 763 spiritualiter,
1924 733 2065 764 prorsus
2103 724 2224 755 eximi-

1224 783 1351 809 «111115;
1384 776 1418 805 et
1450 774 1534 805 illud
1566 784 1646 805 cum
1678 775 1845 816 personis,
1871 776 2033 816 grangiis,
2060 776 2226 808 membris

1224 838 1235 853 κ
1251 828 1285 856 et
1324 826 1423 857 bonis
1461 827 1569 868 ipsius
1607 837 1625 858 3
1664 830 1853 869 potestate,
1893 828 2223 866 amministratione,

1223 878 1492 919 «jurisdictione
1517 890 1557 911 30
1582 880 1746 912 01111111)115
1771 881 1846 912 31115
1872 884 1945 912 13111
1970 882 2225 923 temporalibus

1223 945 1235 959 «
1251 942 1357 973 (1113111
1379 933 1622 974 spiritualibus
1643 933 1756 965 eidem
1777 934 1990 966 monasterio
2013 935 2225 966 Molismensi

1222 997 1233 1012 «
1249 995 1391 1026 quoquo
1413 986 1518 1017 modo
1539 987 1824 1028 competentibus
1844 987 2004 1019 totaliter
2024 987 2224 1025 liberamus,

1221 1039 1470 1080 «imponentes
1499 1039 1602 1071 dictis
1629 1040 1870 1072 elemosinario
1899 1043 1934 1072 et
1962 1041 2116 1078 sacriste,
2146 1051 2224 1082 pro-

1221 1104 1233 1120 «
1248 1092 1423 1123 curatorio
1450 1092 1590 1125 nomine
1612 1103 1673 1134 pro
1699 1093 1802 1125 dictis
1827 1094 1958 1126 abbate
1982 1096 2018 1125 et
2042 1096 2220 1126 conventu

1220 1158 1231 1173 «
1247 1145 1539 1182 Molismensibus,
1584 1149 1619 1177 et
1661 1146 1744 1187 ipsis
1787 1146 1910 1178 abbati
1952 1149 1987 1178 et
2029 1147 2220 1178 conventui

1220 1201 1282 1230 «et
1304 1199 1516 1230 monasterio
1538 1199 1820 1231 Molismensibus
1841 1210 1902 1242 per
1921 1210 1989 1237 eos,
2012 1203 2223 1242 perpetuum

1219 1251 1436 1287 «silentium,
1468 1255 1508 1283 ut
1538 1253 1580 1283 de
1609 1255 1724 1284 cetero
1754 1253 1788 1284 111
1818 1253 1956 1295 prefato
1986 1253 2222 1285 Andeciarum

1220 1305 1472 1342 «monasterio,
1496 1305 1663 1347 personis,
1686 1306 1848 1347 grangiis,
1877 1307 2043 1338 membris
2064 1309 2100 1338 et
2122 1306 2222 1338 bonis

1220 1359 1405 1400 «ejusdem
1430 1358 1534 1390 nichil
1557 1362 1620 1390 aut
1644 1360 1886 1401 temporaliter
1908 1362 1970 1391 aut
1993 1360 2224 1402 spiritualiter

1219 1412 1382 1454 «possint
1415 1414 1532 1453 petere
1564 1412 1619 1443 vel
1650 1412 1727 1453 jure
1759 1423 1819 1444 seu
1852 1413 1957 1444 modo
1989 1413 2107 1455 aliquo
2139 1423 2223 1445 ven-

1220 1478 1231 1491 «
1248 1465 1374 1496 dicare.

1265 1531 1276 1546 «
1300 1518 1430 1550 Verum
1455 1518 1537 1560 quia
1558 1518 1804 1560 supradictum
1828 1519 2082 1550 monasterium
2106 1519 2222 1551 Molis-

1220 1581 1365 1603 «mense
1390 1571 1617 1612 gravavimus
1641 1571 1675 1602 in
1701 1572 1878 1613 predictis,
1904 1572 1969 1603 sibi
1993 1582 2061 1614 que
2085 1581 2224 1614 compe-

1220 1624 1373 1656 «tebant
1405 1624 1435 1655 ei
1466 1624 1521 1655 vel
1553 1627 1753 1666 competere
1784 1627 1950 1666 poterant
1982 1625 2225 1666 temporaliter

1219 1678 1281 1709 «in
1312 1678 1450 1719 prefato
1482 1677 1720 1709 Andeciarum
1751 1678 1965 1710 monasterio
1997 1681 2032 1710 et
2063 1678 2219 1720 personis

1220 1744 1231 1759 «
1247 1741 1287 1762 ac
1312 1730 1463 1772 grangiis
1488 1733 1523 1762 et
1548 1730 1649 1762 bonis
1673 1730 1782 1773 ipsius
1807 1731 2009 1768 auferendo,
2036 1732 2078 1763 de
2103 1741 2224 1773 supra-

1219 1784 1350 1816 «dictis
1387 1784 1569 1821 mandato,
1608 1786 1787 1826 potestate
1824 1787 1860 1816 et
1896 1785 2121 1821 auctoritate,
2160 1794 2222 1826 pro

1218 1837 1338 1869 «bono
1367 1837 1463 1879 pacis
1493 1840 1528 1868 et
1556 1837 1741 1869 concordie
1771 1838 1986 1874 ordinamus,
2016 1837 2220 1875 statuimus,

1218 1890 1473 1927 «arbitramur,
1501 1890 1740 1931 providemus,
1769 1891 1987 1922 decernimus
2013 1893 2049 1922 et
2075 1891 2222 1922 manda-

1219 1957 1231 1972 «
1246 1953 1325 1975 mus
1348 1943 1443 1985 quod
1468 1943 1553 1974 dicti
1576 1943 1687 1975 abbas
1710 1946 1746 1975 et
1769 1946 1966 1975 conventus
1987 1946 2022 1975 et
2046 1946 2223 1975 monaste—

1219 2010 1230 2025 «
1245 1997 1336 2028 rium
1361 1996 1611 2033 Molismenses,
1638 1996 1673 2027 in
1698 1997 2025 2038 recompensatione
2049 1997 2223 2028 bonorum

1216 2049 1494 2091 «temporalium
1513 2059 1580 2091 que
1599 2049 1665 2081 sibi
1683 2050 1935 2091 competebant
1953 2050 1988 2081 111
2008 2049 2221 2081 monasterio

1216 2116 1228 2131 «
1243 2102 1481 2134 Andeciarum
1503 2105 1539 2134 et
1561 2102 1774 2144 personis-et
1796 2103 1899 2135 bonis
1920 2102 2091 2144 ejusdem,
2115 2103 2222 2134 habe-

1216 2169 1229 2185 «
1244 2159 1307 2188 ant
1327 2158 1361 2187 et
1383 2155 1588 2197 percipient,
1610 2158 1645 2187 et
1665 2156 1794 2187 habere
1814 2159 1850 2187 et
1870 2156 2046 2198 percipere
2067 2155 2221 2187 debeant

1216 2209 1278 2240 «in
1306 2209 1418 2246 terris,
1448 2208 1726 2250 possessionibus
1757 2212 1793 2240 et
1821 2209 1921 2241 bonis
1950 2208 2025 2240 aliis
2054 2209 2099 2240 ad
2127 2209 2220 2240 idem

1216 2262 1497 2294 «monasterium
1527 2262 1765 2294 Andeciarum
1794 2262 2050 2304 spectantibus,
2080 2262 2115 2293 in
2145 2272 2221 2303 per-

1215 2318 1391 2357 «petuum
1428 2315 1535 2346 libere
1571 2317 1606 2347 et
1643 2315 1771 2357 quiete,
1809 2315 1969 2347 redditus
2005 2317 2149 2347 centum
2185 2318 2219 2347 et

1215 2369 1426 2409 «sexaginta
1446 2367 1618 2399 librarum
1638 2368 1906 2405 Turonensium,
1929 2368 2090 2400 deductis
2110 2368 2221 2400 0111111-

1214 2422 1307 2453 «bus
1340 2421 1501 2463 expensis
1534 2424 1569 2453 et
1602 2422 1776 2458 oneribus,
1811 2421 2009 2453 annuatim.
2044 2421 2091 2452 Et
2124 2421 2218 2463 quod

1214 2485 1304 2516 «pro
1328 2474 1532 2516 hujusmodi
1554 2474 1751 2506 redditibus
1774 2474 2007 2516 percipiendis
2029 2477 2065 2506 et
2087 2474 2219 2506 haben-

1212 2528 1292 2559 «dis
1318 2528 1424 2559 libere
1451 2530 1486 2558 et
1512 2527 1641 2569 quiete,
1670 2527 1893 2569 assignentur
1918 2530 1954 2559 et
1979 2527 2218 2559 concedentur

1212 2593 1226 2610 «
1240 2581 1274 2612 111
1302 2583 1514 2623 perpetuum
1541 2580 1673 2612 eisdem
1700 2581 1833 2617 abbati,
1862 2580 2054 2612 conventui
2081 2583 2117 2612 et
2144 2590 2217 2611 mo-

1213 2647 1225 2663 «
1241 2634 1393 2665 nasterio
1432 2633 1715 2665 R'Iolismensibus
1753 2636 1808 2665 tot
1843 2636 1944 2670 terre,
1984 2633 2217 2675 possessiones

1212 2690 1274 2718 «et
1299 2687 1366 2718 alia
1392 2687 1484 2718 bona
1509 2687 1707 2728 spectantia
1733 2688 1776 2718 ad
1803 2687 1937 2719 dictum
1963 2686 2215 2718 monasterium

1212 2753 1224 2769 «
1240 2740 1488 2777 Andeciarum,
1516 2740 1624 2771 libera
1650 2743 1685 2772 01
1711 2741 1877 2782 expedita
1903 2741 1948 2772 ab
1968 2742 1978 2760 1
2010 2740 2104 2771 omni
2131 2739 2216 2771 obli-

1211 2806 1223 2822 «
1237 2793 1380 2835 gatione
1401 2793 1614 2825 creditorum
1635 2797 1670 2825 et
1691 2804 1902 2835 quacunque
1923 2794 2001 2830 alia,
2024 2794 2065 2825 (10
2087 2793 2214 2834 quibus

1211 2846 1345 2878 «iidem
1375 2846 1496 2883 abbas,
1526 2849 1724 2878 conventus
1752 2850 1787 2878 et
1817 2847 2070 2878 monasterium
2099 2845 2216 2878 Molis-

1210 2912 1222 2928 «
1238 2909 1373 2931 menses
1393 2900 1520 2931 habere
1539 2902 1575 2931 et
1594 2900 1769 2942 percipere
1789 2900 1889 2932 annis
1908 2900 2061 2941 singuliS,
2084 2899 2212 2931 deduc-

1241 3019 1262 3039 1.
1282 3019 1342 3044 neg.
1356 3025 1361 3039 ε
1374 3020 1402 3039 el.
