2477 3512
221 251 264 281 60

298 353 388 379 295⁴
708 353 841 385 Anagni,
865 353 879 379 4
904 354 1030 380 octobre
1057 354 1141 380 1259.

258 406 511 438 Bartholomaco,
535 407 628 440 priori
651 408 679 434 S.
704 407 857 433 ,Iohannis
880 407 917 432 de
940 406 1106 438 Marsiano,
1131 408 1223 434 l‘eru-

218 450 303 476 sinae
325 451 465 481 diocesis,
488 451 829 484 archipresbyteratum
852 450 997 477 ecclcsiae
1020 451 1222 478 Viterbicnsis

219 502 272 528 per
312 495 540 528 promotionem
583 495 719 529 episcopi
760 495 1014 527 Balncoregensis
1055 498 1221 522 vacantem

218 539 348 565 confert.
367 539 463 571 (neo.
481 539 528 570 25,
547 539 565 565 t.
584 539 651 571 219,
669 547 717 565 an.
736 539 772 569 V,
790 546 814 565 c.
834 539 914 572 184.)

263 626 283 653 tf
298 628 537 665 liarssmlomm,
561 628 669 670 priori
692 629 823 660 orclas-ie
850 630 966 660 Sans-li
989 629 1162 660 Jolunnu's
1185 630 1223 661 de

217 680 410 717 Mars-iano,
442 681 607 712 Perus-ine
634 682 786 713 diocesis.
818 683 903 714 tium
934 682 1122 714 venerabili
1155 684 1221 714 1111-

216 733 259 764 tri
324 753 342 765 a
375 734 455 765 Dat.
488 735 655 775 Anagnie,
692 735 762 766 1111
795 746 904 767 nonas
933 736 1096 773 octobris,
1127 746 1220 767 auno

216 786 352 827 quinto.
380 800 392 814 ³>

293 959 386 987 2955

252 1012 494 1049 Archiespicopo
525 1017 772 1051 Rothomagensi
802 1019 1003 1052 (ilspensandi
1032 1026 1103 1045 cum
1135 1018 1220 1045 Guil-

212 1056 304 1083 lelmo
324 1058 361 1084 de
380 1059 612 1093 Anquetevitla,
632 1061 740 1093 milite,
760 1064 790 1088 et
812 1063 966 1096 Philippa,
983 1070 1078 1090 uxore
1094 1063 1160 1096 ejus
1181 1065 1218 1090 ut

214 1100 245 1126 in
272 1102 473 1129 matrimonio
500 1106 662 1132 contracto
690 1113 848 1133 remanere
875 1107 1006 1140 possint,
1033 1107 1219 1134 facultatem

214 1146 367 1173 concedit.
386 1147 483 1180 (Rau.
503 1149 551 1180 25,
569 1150 590 1176 f.
610 1150 678 1181 219,
698 1158 746 1177 an.
768 1151 803 1182 V,
822 1159 846 1177 c.
868 1152 948 1185 185.)

700 965 833 998 Anagni,
857 966 873 992 -1
897 966 1025 993 octobre
1050 966 1135 993 1259.

259 1251 270 1265 ιτ
292 1264 311 1270 ..
334 1241 585 1284 archiepiscopo
609 1244 880 1285 Itolliolnaqensi.
905 1246 957 1277 Ex
979 1250 1078 1288 partc
1101 1247 1217 1279 ‹lilecti

213 1290 276 1322 sitii
301 1293 425 1325 nobilis
450 1295 512 1326 x'iri
538 1296 712 1329 (inillclmi
736 1298 777 1329 (lc
801 1299 1060 1340 ⁴anuctcvilla,
1087 1301 1216 1338 militis,

216 1346 274 1376 tue
297 1346 452 1383 diocesis,
477 1351 508 1379 ct
535 1349 660 1381 dilecte
684 1351 717 1381 in
742 1351 879 1383 (Illristo
904 1352 971 1384 1111(-
996 1353 1120 1385 nobilis
1145 1365 1218 1385 mu-

211 1396 303 1428 lieris
327 1399 495 1442 l'hilippe,
520 1402 637 1434 uxoris
657 1403 743 1443 ejus,
768 1404 829 1435 t'uit
856 1406 1076 1447 propositum
1098 1417 1216 1440 coram

211 1450 311 1482 nobis
330 1454 435 1493 quod,
455 1465 534 1486 cum
554 1457 734 1496 quondam
755 1457 934 1490 .I‹›r‹lamis
955 1459 996 1491 (le
1019 1459 1214 1501 Villcqueir‚

212 1502 304 1544 (sic)
317 1505 425 1542 miles,
453 1507 586 1548 primus
613 1510 760 1541 maritus
783 1511 936 1542 mulieris
951 1512 1121 1553 ejusdcm,
1142 1524 1217 1555 prc-

211 1556 305 1587 (licto
323 1558 507 1591 (inillclmo
525 1562 566 1592 ‹le
579 1562 826 1604 Anquctcx'illa
843 1565 945 1595 lertio
962 1568 1051 1597 esset
1069 1576 1216 1598 consan-

209 1610 393 1649 guinitatis
420 1614 528 1652 gradu
548 1615 770 1655 conjunctus,
789 1617 852 1658 ipsi
872 1628 931 1659 per
948 1619 1053 1650 verba
1076 1620 1117 1651 (le
1141 1630 1215 1661 pre-

210 1663 299 1694 senti
325 1664 416 1695 intcr
439 1676 473 1697 se
500 1668 764 1700 matrimonium
791 1673 1057 1707 contraxerunt,
1083 1674 1213 1705 carnali

210 1717 435 1756 postmodum
455 1719 618 1751 intereos
634 1722 758 1763 copula
776 1723 975 1755 subsecuta.
997 1725 1095 1757 Unde
1113 1727 1213 1758 nobis

210 1768 390 1801 humiliter
412 1773 654 1813 supplicarunt
683 1778 731 1811 ut,
758 1786 837 1807 cnm
864 1777 1067 1817 hujusmodi
1094 1780 1213 1811 matri-

209 1822 314 1852 monii
352 1823 501 1855 (liversio
522 1827 542 1861 ¹,
579 1827 605 1857 si
643 1828 732 1859 l'orte
770 1829 879 1865 tieret,
917 1841 1037 1869 guerre
1073 1832 1211 1874 aliaque

210 1874 360 1914 pericula
384 1881 522 1917 possent
548 1879 582 1910 111
605 1879 670 1911 illis
694 1881 854 1921 partibus
876 1883 1048 1921 suscitari,
1073 1885 1211 1927 dispen-

207 1937 282 1958 sare
302 1938 381 1960 cum
402 1930 460 1965 cis,
485 1934 518 1961 ut
544 1931 796 1973 impedimento
819 1935 1022 1975 hujusmodi
1043 1948 1111 1969 non
1133 1939 1211 1970 obs-

210 1982 317 2016 tante,
348 1983 483 2023 possint
512 1984 545 2015 iu
574 1985 621 2016 sic
650 1989 833 2018 contracto
863 1989 1089 2021 matrimonio
1120 1992 1210 2024 ticitc

207 2041 394 2071 remancre,
428 2037 468 2067 de
502 2037 718 2077 benignitate
752 2041 848 2071 Sedis
879 2042 1080 2083 Apostolice
1112 2055 1210 2077 cura—

206 2095 331 2118 remus.
357 2088 428 2119 Nos
451 2089 567 2130 igitur,
592 2091 748 2132 ipsorum
771 2094 1091 2135 snpplicationibus
1113 2098 1209 2129 incli-

204 2138 289 2173 nati.
313 2140 528 2173 fraternitati
554 2146 610 2175 tue
633 2145 857 2186 dispensandi
880 2158 958 2179 cum
982 2149 1039 2183 cis.
1063 2150 1088 2180 si
1113 2151 1208 2183 vide-

204 2191 248 2221 ris
270 2192 322 2222 vel
346 2196 551 2233 cognoveris
572 2205 714 2237 guerras
736 2199 848 2231 aliave
871 2201 1029 2232 suscitari
1054 2204 1205 2244 pericula

204 2254 302 2284 posse
336 2256 378 2277 cx
413 2248 572 2279 devortio
611 2250 699 2290 (sic)
735 2254 936 2290 eorundem,
975 2258 1010 2285 ut
1050 2257 1206 2297 predicto

202 2297 454 2338 impedimento
493 2311 718 2344 nequaquam
756 2305 932 2343 obstante,
972 2308 1002 2339 in
1041 2309 1088 2339 sic
1126 2321 1206 2342 con-

203 2353 316 2381 tracto
348 2353 572 2385 matrimonio
604 2366 780 2388 remancre
813 2358 903 2390 licite
936 2360 1088 2398 vah-ani,
1122 2363 1204 2395 libe-

201 2412 274 2434 rani
307 2406 531 2438 concedimus
562 2410 774 2442 auctoritate
808 2414 1023 2452 presentium
1055 2417 1204 2448 i'aculta-

203 2458 283 2487 tem.
323 2457 403 2488 nat.
442 2459 609 2501 Anagnie,
651 2463 723 2493 1111
763 2474 871 2495 nonas
908 2467 1071 2503 octobris,
1109 2480 1201 2501 auno

200 2509 335 2550 quinto.
362 2523 374 2538 >›

277 2686 368 2712 2958
686 2692 818 2725 Anagni,
841 2693 858 2719 2
881 2695 1008 2721 octobre
1033 2696 1117 2723 1259.

236 2748 367 2782 Jacobo,
387 2750 522 2784 plebano
543 2752 641 2785 plebis
664 2754 700 2780 de
723 2754 870 2787 Corzano,
894 2756 1035 2784 Senensis
1057 2759 1197 2792 diocesis,

196 2792 355 2826 capellano
380 2794 417 2820 R.
444 2795 472 2821 S.
498 2796 606 2829 Angeli
631 2797 752 2824 diaconi
776 2800 951 2833 cardinalis,
976 2803 1196 2830 canonicatum

196 2837 339 2864 ecclcsiae
375 2838 403 2864 S.
440 2839 522 2865 Petri
557 2841 594 2866 de
629 2842 836 2869 Castrsweteri
881 2844 1022 2872 Senensis
1066 2849 1195 2875 confert.

196 2880 291 2911 (neo.
310 2882 358 2914 25,
376 2883 396 2909 f.
415 2883 483 2915 219,
502 2892 550 2910 an.
573 2885 607 2916 V,
625 2893 649 2911 c.
673 2887 750 2916 186.)

228 2971 249 2991 1.
268 2971 325 2997 Sic..
340 2972 355 2993 tl
369 2971 424 2994 taut
438 2974 481 2995 lire
497 2981 501 2995 z
517 2974 652 2997 divortium.

1272 355 1275 401 1

1259 2283 1260 2291 i

1258 2325 1260 2333 ι

1258 2337 1259 2352 l

920 249 1186 280 REGISTRES
1214 248 1563 280 D‘MAEXANDRE
1596 248 1641 280 lv

1417 352 1556 389 Jacobo,
1588 352 1734 395 plebano
1765 354 1874 396 plebis
1906 356 1945 388 cle
1978 357 2138 395 Corzuno,
2173 358 2338 391 Senensis

1328 406 1480 437 diocesis.
1526 406 1703 439 lnducunt
1744 418 1806 440 nos
1845 411 1906 441 tue
1945 427 1998 441 ——.
2041 410 2123 442 Dat.
2164 412 2340 453 Anagnie,

1332 460 1377 490 Vl
1402 470 1511 491 nonas
1532 460 1696 497 octobris,
1719 470 1813 492 anno
1834 461 1971 503 quinto.
1995 475 2007 490 »

1408 639 1499 665 2957
1816 639 1950 674 Anagni,
1973 640 1991 666 2
2013 641 2141 668 octobre
2164 641 2251 668 1259.

1370 692 1507 719 Plebano
1526 692 1626 726 plebis
1646 693 1684 719 de
1704 692 1860 725 Lornano,
1881 692 2022 720 Senensis
2042 693 2182 727 diocesis,
2202 694 2335 723 mandat.

1329 738 1363 762 ut
1386 737 1584 770 praedictum
1607 736 1765 764 ,Iacobum
1787 737 1818 763 in
1840 737 1984 771 praefata
2006 738 2134 766 ecclesia
2155 738 2187 765 in
2209 739 2335 766 canoni-

1329 788 1399 807 cum
1419 781 1512 815 recipi
1530 781 1636 808 saciat.
1655 781 1752 814 (Rea.
1771 781 1820 814 25,
1837 781 1858 808 1.
1877 781 1946 815 219,
1964 789 2013 809 an.
2032 782 2070 814 V,
2088 782 2161 816 d.c.)

1374 885 1378 894 ¹
1409 896 1427 902 ..
1450 871 1594 912 plebano
1615 871 1725 913 plebis
1746 872 1785 903 de
1806 872 1976 909 λοι-1111110,
2001 872 2161 904 Senensis
2183 872 2336 905 diocesi&

1328 923 1502 955 Inducunt
1535 934 1597 956 nos
1626 924 1742 956 ‹lilccti
1779 944 1825 956 vv.
1856 925 2126 967 1)at.,xnagnie,
2149 926 2198 958 VI
2223 934 2335 959 nonas

1326 977 1490 1013 octobris,
1518 988 1610 1009 anno
1637 978 1772 1020 quinto.
1801 992 1812 1005 n

1405 1158 1496 1184 2958
1785 1158 1919 1192 Anagni,
1943 1159 1979 1186 17
2002 1159 2179 1193 septembre
2204 1158 2292 1186 1259.

1367 1212 1562 1239 Sententiam
1588 1220 1606 1239 a
1632 1212 1796 1244 Riccardo,
1823 1212 1851 1239 S.
1879 1212 1989 1246 Angeli
2015 1212 2147 1239 diacono
2173 1212 2334 1245 cardinali,

1326 1256 1423 1282 latam
1458 1264 1551 1290 super
1584 1256 1810 1290 compositione
1844 1256 1926 1283 inter
1959 1256 2142 1291 episcopum
2177 1256 2333 1291 Pampilo-

1326 1308 1453 1327 nensem
1475 1302 1506 1327 et.
1528 1306 1630 1333 regem
1654 1301 1814 1327 Navarrae
1836 1301 2015 1328 interventa
2038 1301 2216 1333 confirmat,
2238 1300 2332 1335 huius

1324 1345 1499 1372 sententiae
1517 1345 1728 1373 instrumenta
1745 1345 1891 1372 inserens.
1910 1345 2007 1378 (Res.
2027 1345 2075 1376 25,
2093 1345 2114 1372 t.
2135 1345 2268 1372 219-222
2286 1349 2332 1378 νο,

1324 1397 1373 1416 an.
1398 1389 1434 1421 V,
1457 1397 1481 1415 c.
1506 1389 1588 1422 187.)

1368 1500 1381 1516 «
1404 1488 1564 1530 Capitulo
1586 1487 1863 1531 Pampilonensi.
1886 1488 2001 1520 Justis
2024 1488 2223 1530 petentium
2245 1488 2334 1521 desi-

1322 1541 1425 1573 deriis
1461 1544 1527 1573 etc.
1567 1551 1678 1583 usque
1715 1541 1900 1584 complere.
1939 1542 2029 1573 Sane
2066 1542 2204 1574 dudum
2239 1542 2334 1574 inter

1322 1595 1558 1626 venerabilem
1590 1595 1735 1627 tratrem
1770 1597 1955 1626 nostrum..
1988 1594 2195 1637 episcopum
2227 1595 2334 1627 Pam-

1321 1647 1549 1689 pilonenseni,
1574 1651 1610 1679 et
1634 1648 1860 1690 Peregrinum
1884 1658 1924 1680 ac
1948 1648 2134 1685 Thomam,
2158 1648 2333 1680 archidia-

1320 1710 1426 1732 conos
1449 1701 1590 1733 ecclesie
1614 1704 1730 1733 vestre
1754 1701 2048 1743 PampilonensiS,
2074 1701 2134 1743 qui
2156 1703 2244 1734 tunc
2267 1711 2330 1744 pro

1320 1753 1446 1785 vestris
1472 1754 1761 1796 procuratoribus
1785 1764 1821 1786 se
1845 1754 2026 1795 gerebant,
2052 1764 2096 1785 ex
2120 1757 2222 1797 parte
2246 1764 2328 1793 11113,

1318 1809 1354 1838 et
1385 1807 1605 1839 carissimum
1636 1807 1671 1838 in
1703 1807 1842 1839 Christo
1873 1807 1987 1839 filium
2020 1810 2204 1839 nostrum..
2235 1807 2331 1840 illus—

1320 1862 1410 1892 trem
1446 1868 1562 1902 regem
1598 1860 1768 1897 Navarre‚
1805 1870 1848 1892 ex
1883 1859 2005 1897 altera,
2042 1869 2149 1902 super
2183 1860 2330 1894 diversis

1319 1913 1476 1945 articulis
1496 1923 1601 1956 super
1620 1913 1749 1956 quibus
1769 1913 1862 1945 inter
1881 1916 2000 1956 partes
2020 1915 2098 1945 orta
2118 1915 2195 1946 erat
2215 1916 2328 1946 mate-

1318 1966 1368 1997 ria
1394 1966 1599 2008 questionis,
1627 1967 1782 2009 quedam
1807 1966 2017 2009 compositio
2041 1966 2235 1998 intervenit
2259 1976 2327 2010 que

1317 2019 1352 2050 in
1367 2019 1512 2051 evidens
1527 2019 1781 2052 detrimentum
1796 2019 1907 2062 ipsius
1920 2019 2062 2052 ecclesie
2076 2019 2302 2052 redundabat
2316 2030 2326 2058 ;

1318 2082 1480 2114 cumque,
1515 2073 1755 2114 postmodum,
1789 2073 1904 2105 dictus
1935 2072 2121 2115 episcopus
2151 2072 2327 2115 composi-

1318 2125 1449 2157 tionem
1468 2126 1581 2168 ipsam
1599 2128 1737 2168 peteret
1754 2135 1773 2158 a
1793 2125 1880 2158 Sede
1898 2125 2102 2167 Apostolica
2120 2125 2324 2158 confirmari

1316 2181 1349 2210 et
1369 2188 1503 2220 vosque
1526 2179 1613 2220 (sic)
1633 2179 1728 2211 illam
1747 2189 1790 2211 ex
1809 2178 1955 2211 (liversis
1973 2181 2008 2210 et
2026 2178 2191 2220 legitimis
2208 2179 2323 2212 causis

1316 2231 1487 2263 infirmari
1513 2232 1654 2273 penitus
1680 2232 1857 2274 peteretis,
1884 2242 1946 2263 nos
1972 2231 2118 2263 tandem
2141 2231 2178 2263 in
2202 2231 2325 2274 hujus-

1315 2285 1409 2316 modi
1438 2285 1577 2326 negotio
1606 2286 1775 2317 dilectum
1803 2285 1917 2316 filium
1945 2287 2107 2316 nostrum
2133 2284 2176 2316 R.
2202 2284 2323 2317 Sancti

1314 2338 1437 2378 Angeli
1473 2338 1662 2370 diaconum
1698 2338 1925 2375 cardinalem,
1963 2338 2124 2370 dedimus
2159 2337 2322 2379 partibus

1312 2391 1511 2423 auditorem
1537 2391 1608 2433 qui,
1635 2391 1768 2423 auditis
1792 2391 1872 2423 hinc
1898 2391 1979 2422 inde
2004 2390 2195 2432 propositis
2219 2400 2259 2423 ac
2283 2391 2320 2423 in

1311 2446 1430 2475 nostra
1464 2444 1687 2486 fratrumque
1723 2447 1921 2476 nostrorum
1956 2443 2134 2485 presentia
2168 2443 2321 2476 fideliter

1308 2497 1476 2533 recitatis,
1511 2501 1540 2529 et
1579 2509 1596 2529 a
1634 2498 1734 2529 nobis
1768 2497 1951 2529 decidendi
1986 2496 2167 2537 negotium
2201 2496 2316 2539 ipsum

1309 2552 1486 2591 potestate
1523 2554 1674 2592 recepta,
1713 2561 1846 2582 necnon
1884 2550 2042 2591 predicto
2078 2549 2242 2592 episcopo
2280 2554 2317 2582 et

1307 2602 1471 2643 legitimis
1509 2604 1796 2644 procuratmibus
1834 2602 1960 2634 vestris
1998 2602 2231 2644 presentibus,
2271 2603 2314 2635 de

1306 2656 1446 2697 speciali
1490 2657 1659 2688 mandato
1704 2659 1822 2688 nostro
1866 2655 2115 2687 sententiando
2159 2656 2316 2687 decrevit

1307 2719 1374 2740 non
1409 2712 1525 2740 tencre
1574 2709 1865 2750 compositionem
1898 2708 2046 2740 candem
2079 2711 2113 2739 et
2146 2708 2313 2750 quicquid

1304 2771 1347 2793 ex
1368 2772 1407 2792 ea
1431 2762 1483 2793 vel
1508 2762 1551 2793 ol)
1576 2763 1686 2803 ipsam
1710 2765 1869 2793 secutum
1892 2764 1943 2793 est
1967 2760 2149 2792 nuntiavit
2171 2761 2313 2803 penitus

1303 2814 1440 2846 irritum
1469 2818 1500 2845 ct
1531 2815 1643 2847 inane.
1677 2816 1958 2847 Instrumentum
1986 2823 2068 2845 vero
2096 2814 2190 2855 quod
2206 2824 2312 2857 super

1303 2867 1397 2898 dicta
1425 2868 1679 2909 compositione
1707 2869 1908 2900 confectum
1937 2868 2096 2908 prefatus
2121 2867 2308 2909 episcopus

1303 2921 1533 2961 presentavit,
1557 2921 1589 2952 iu
1609 2921 1741 2961 judicio
1762 2920 1982 2956 cancellavit,
2005 2920 2179 2951 mandans
2200 2920 2311 2952 nichi—

1303 2972 1455 3004 lominus
1482 2974 1575 3014 quod
1604 2974 1721 3005 onmia
1749 2974 1984 3005 instrumenta
2013 2972 2091 3003 huic
2119 2972 2244 3005 similia
2273 2976 2309 3005 et
