2477 3512
1 2956 3 2977 l

1 2982 4 3026 l

0 3040 5 3069 ,ς

3 3069 6 3110 l

923 303 1201 345 QUATRIEME
1221 302 1384 336 ANNEE
2152 305 2210 335 761

173 414 261 441 24⁴8
559 413 696 446 Viterbe,
708 413 745 440 29
758 413 920 440 decembre
932 413 1018 440 1257.

135 462 330 491 Sententiam
351 462 390 489 ab
412 462 574 489 Ottobono
595 462 747 488 cardinali
766 462 798 488 in
819 469 912 488 causa
932 462 1014 488 inter
1032 461 1102 487 reli-

94 504 194 538 giosos
216 502 399 529 monasterii
418 501 493 528 Saxi
506 501 589 533 Vivi‚
605 501 847 534 Fuliginatensis
861 501 1022 534 quondam
1036 501 1102 526 dio-

94 542 181 574 cesis,
207 549 245 568 ex
270 548 333 568 una
358 543 458 575 parte,
484 542 516 567 et
541 541 642 567 bonae
666 541 836 567 memoriae
862 541 1101 567 Urbevetanum

94 582 286 616 episcopum,
308 588 347 607 ex
368 581 476 612 altera,
499 582 642 607 vertente
662 580 764 607 latum
786 580 964 612 confirmat,
986 580 1101 606 instru-

93 621 193 649 menti
214 621 286 647 inde
307 620 442 647 confecti
463 622 604 647 tenorem
625 620 771 646 inserens.
795 620 892 653 (Rae.
916 619 963 651 25,
986 619 1007 646 f.
1032 618 1100 650 119,

94 669 143 688 an.
172 660 223 688 IV.
250 668 274 687 c.
301 660 363 693 37.)

135 766 146 780 ι(
171 776 200 787 ..,
235 753 341 784 abbati
376 755 402 782 et
425 753 586 782 conventui
609 752 789 782 monasterii
806 752 957 785 Saxivivi‚
977 751 1102 789 Fuliqi-

91 807 231 836 nolensis
263 805 417 844 quondam
439 805 578 835 diocesis.
601 805 649 834 Ea
671 814 732 843 que
752 805 873 843 judicio
894 807 955 834 etc.
978 813 1100 842 usque:

93 859 294 889 communiri.
323 859 405 888 Sane
432 858 547 896 petitio
574 860 682 886 vestra
710 857 802 887 nobis
829 857 973 886 exhibita
1001 856 1102 886 conti-

93 912 192 942 nebat
211 912 309 950 quod,
329 920 402 940 cum
420 911 453 940 in
473 919 568 940 causa
588 919 650 949 que
668 910 752 939 inter
769 919 837 944 vos,
857 919 897 939 ex
915 912 1007 948 parte
1026 918 1100 943 una,

93 967 126 994 et
143 965 227 994 bone
245 963 430 998 memorie..‚
452 963 697 993 Urbevetanum
716 962 912 1001 episcopum,
932 972 971 991 ex
989 962 1100 995 altera,

92 1026 188 1056 super
210 1026 246 1046 eo
269 1017 355 1056 quod
378 1016 463 1045 idem
486 1016 653 1054 episcopus
675 1015 708 1044 in
730 1015 962 1045 monasterium
986 1015 1102 1045 Sancte

93 1069 211 1104 Crucis,
242 1078 280 1099 ac
310 1069 420 1099 Sancti
450 1068 556 1107 Egidii
586 1068 784 1098 Urbevetani
813 1068 1029 1107 pertinentem
1059 1068 1101 1097 ad

90 1123 177 1161 idem
197 1122 439 1155 monasterium,
473 1123 506 1150 et
527 1121 637 1151 Sancti
656 1121 780 1150 Nicolai
801 1121 931 1150 Heremi
957 1121 1102 1156 Juniani,

92 1175 298 1205 Urhevetane
318 1174 460 1208 diocesis,
481 1174 627 1203 ecclesias
646 1174 687 1203 ad
707 1174 938 1203 monasterium
957 1176 1102 1203 vestrum

92 1228 187 1266 pleno
210 1228 280 1266 jure
303 1227 496 1265 spectantia,
520 1227 631 1256 volens
654 1226 714 1256 sibi
736 1227 992 1265 jurisdictionem
1015 1227 1102 1256 inde-

92 1281 196 1310 bitam
247 1289 411 1318 usurpare,
446 1280 511 1313 in..,
558 1279 695 1318 priorem
729 1282 761 1308 et
794 1280 969 1309 monachos
1002 1279 1101 1317 ipsius

93 1333 281 1363 monasterii
301 1333 418 1362 Sancte
438 1332 546 1363 Crucis
567 1334 632 1366 et..‚
659 1332 860 1370 capellanum
880 1332 979 1370 ipsius
1006 1332 1103 1361 eccle-

92 1386 136 1416 sie
159 1386 268 1416 Sancti
290 1385 396 1423 Egidii
417 1393 454 1414 ac
474 1385 507 1414 in
528 1387 682 1423 patronos
703 1387 735 1414 et
756 1385 983 1423 parrochianos
1004 1385 1103 1423 ipsius

95 1438 282 1468 monasterii
313 1438 428 1468 Sancte
458 1437 566 1467 Crucis
596 1440 628 1466 et
657 1437 802 1475 eJ'usdem
832 1437 960 1466 ecclesie
991 1438 1100 1467 Sancti

95 1492 211 1530 Egidii‚
232 1491 258 1520 si
277 1491 318 1520 ad
338 1490 570 1520 monasterium
589 1490 641 1519 vel
661 1490 826 1519 ecclesiam
847 1490 1024 1528 predictam
1045 1499 1102 1528 pro

94 1544 211 1574 divinis
231 1543 420 1573 accederent
449 1542 627 1577 audiendis,
648 1552 685 1572 ac
706 1542 804 1572 etiam
826 1552 936 1572 omnes
956 1543 1025 1572 illos
1046 1543 1101 1581 qui

96 1597 182 1635 apud
205 1597 290 1626 idem
312 1596 543 1625 monasterium
566 1597 598 1624 et
620 1595 741 1624 dictam
764 1596 929 1625 ecclesiam
951 1595 1104 1634 eligerent

92 1649 302 1688 sepulturam,
327 1658 364 1678 ac
397 1648 576 1677 deferentes
599 1648 719 1677 ibidem
743 1657 876 1687 corpora
900 1651 1102 1678 mortuorum

92 1705 125 1732 et
138 1704 251 1731 euntes
264 1711 337 1731 cum
350 1701 404 1735 eis,
418 1703 450 1730 et
462 1701 495 1730 in
508 1701 577 1730 illos
591 1710 719 1740 quoque
732 1701 787 1740 qui
800 1701 907 1739 priori,
936 1702 1103 1732 monachis

91 1758 125 1785 et
141 1755 306 1794 capellano
323 1754 474 1793 predictis
491 1763 565 1783 suas
583 1754 697 1783 darent
714 1754 902 1783 elemosinas
918 1755 969 1784 vel
995 1755 1102 1794 aliqua

92 1807 269 1838 mortuaria
294 1816 351 1846 pro
375 1807 458 1836 vivis
481 1807 533 1836 vel
557 1807 655 1836 etiam
680 1816 737 1845 pro
762 1807 933 1841 defunctis,
954 1808 1021 1837 sive
1045 1808 1103 1837 ini-

92 1863 165 1891 rent
193 1862 397 1890 contractum
425 1860 565 1898 aliquem
593 1869 667 1889 cum
694 1860 824 1894 eisdem,
853 1863 911 1889 aut
945 1861 989 1889 eis
1017 1870 1102 1899 pres-

91 1916 200 1944 tarent
214 1913 370 1942 auxilium
383 1913 435 1942 vel
449 1912 604 1946 favorem,
622 1921 676 1942 seu
696 1913 737 1942 ad
750 1913 896 1942 ecclesias
913 1914 1102 1943 accederent

93 1966 278 1999 eorundem,
308 1967 382 2004 post
409 1965 658 2004 appellationem
686 1974 704 1994 a
733 1965 847 2004 priore,
876 1966 1041 1995 monachis
1069 1969 1102 1996 et

92 2018 286 2058 cappellanis
301 2018 346 2057 (1)
358 2018 509 2056 predictis
521 2018 561 2047 ad
573 2018 687 2048 Sedem
711 2018 931 2056 Apostolicam
954 2019 1102 2058 interjec-

92 2074 172 2106 tam,
205 2070 546 2101 excommunicationis
577 2071 772 2100 sententiam
804 2072 1033 2110 promulgavit,
1065 2081 1102 2101 ac

92 2124 192 2163 ipsius
223 2123 410 2153 monasterii
441 2126 474 2153 et
504 2124 639 2153 eandem
671 2123 781 2153 Sancti
818 2124 924 2163 Egidii
954 2125 1101 2154 ecclesias

95 2177 291 2207 auctoritate
307 2177 436 2215 propria
454 2176 668 2206 ecclesiastico
685 2180 900 2215 supposuerat
916 2177 1099 2212 interdicto,

93 2239 150 2269 pro
179 2239 216 2260 eo
245 2229 332 2268 quod
361 2229 456 2268 prior,
501 2229 650 2259 monachi
679 2231 712 2259 et
741 2230 923 2268 capellanus
966 2231 1103 2269 predicti

94 2283 266 2312 noluerunt
299 2291 406 2312 coram
446 2282 558 2312 eodem
592 2282 741 2320 episcopo
774 2285 859 2312 stare
891 2283 965 2321 juri,
1005 2286 1102 2321 prout

96 2336 195 2366 etiam
218 2335 349 2364 minime
369 2335 414 2373 (2)
437 2335 643 2368 tenebantur,
667 2344 740 2364 cum
762 2335 847 2365 idem
869 2337 1101 2365 monasterium

92 2390 248 2422 vestrum,
266 2390 336 2417 tam
353 2388 385 2417 in
403 2388 508 2426 capite
526 2397 623 2426 quam
641 2388 673 2417 in
691 2389 853 2422 membris,
872 2389 913 2418 ab
931 2389 1103 2427 episcopali

92 2441 314 2480 jurisdictione
337 2440 465 2479 penitus
488 2441 530 2470 sit
551 2443 750 2479 exemptum,
773 2444 806 2470 et
828 2451 923 2480 super
945 2451 981 2471 eo
1004 2442 1102 2471 etiam

95 2494 181 2533 quod
209 2494 314 2523 dictus
341 2493 509 2532 episcopus
536 2503 553 2522 a
581 2494 684 2532 priore
711 2494 810 2532 ipsius
837 2494 966 2524 ecclesie
994 2494 1104 2524 Sancti

94 2546 217 2576 Nicolai
240 2546 390 2585 exigebat
417 2547 580 2584 quandam
603 2547 822 2585 quantitatem
846 2548 979 2586 pecunie
1000 2550 1104 2577 verte-

94 2599 201 2633 batur,
217 2599 317 2628 felicis
332 2599 562 2628 recordationis
581 2599 787 2629 Innocentius
802 2601 1106 2638 papa,predecessor

95 2654 214 2686 noster,
230 2652 362 2681 dilectos
377 2651 461 2681 filios
477 2654 601 2681 nostros
617 2652 650 2685 1.‚
664 2652 773 2682 Sancti
789 2653 912 2682 Nicolai
928 2654 958 2682 in
975 2653 1105 2683 Carcere

93 2704 250 2738 Tulliano,
285 2705 398 2743 primo,
433 2707 465 2734 et
499 2706 706 2742 postmodum
739 2706 787 2740 O.‚
820 2706 929 2736 Sancti
963 2706 1107 2736 Adriani,

99 2757 249 2787 diaconos
275 2757 462 2791 cardinales,
489 2758 612 2787 dederit
638 2758 784 2796 partibus
816 2759 989 2793 auditores,
1022 2759 1107 2788 idem

101 2809 139 2839 O.
156 2810 336 2845 cardinalis,
353 2810 489 2849 cognitis
505 2810 603 2848 ipsius
620 2820 713 2840 cause
730 2811 851 2840 meritis
867 2820 904 2840 ac
921 2812 1011 2841 nobis
1027 2812 1107 2841 side-

98 2862 171 2892 liter
200 2863 342 2892 recitatis
371 2866 404 2892 et
432 2863 512 2901 juris
542 2864 651 2892 ordine
682 2864 864 2898 observato,
895 2864 1107 2894 diffinitivam

94 2923 152 2954 pro
172 2915 264 2945 vobis
275 2916 469 2945 sententiam
487 2916 715 2955 promulgavit,
734 2919 830 2954 prout
844 2917 876 2946 in
891 2917 1107 2947 instrumento

132 2979 156 3003 1.
179 2979 200 3004 11
234 2979 385 3005 faudrait:
423 2981 570 3011 capellano.

131 3013 156 3038 2.
176 3013 243 3044 Reg.
260 3022 266 3039 :
291 3015 439 3039 minimme.

1203 409 1332 448 publico
1348 409 1423 439 inde
1438 409 1585 439 confecto
1601 409 1739 448 sigillato
1755 409 1856 448 sigillo
1872 409 1971 448 ipsius
1988 409 2025 439 Ο.
2043 409 2213 439 cardinalis

1203 462 1327 500 plenius
1347 462 1540 491 continetur.
1562 463 1628 492 Nos
1646 463 1768 501 itaque,
1788 462 1904 492 vestris
1922 462 2212 500 supplicationibus

1203 514 1359 548 inclinati,
1396 515 1592 544 sententiam
1627 515 1727 553 ipsius
1779 515 1816 545 Ο.
1862 515 2033 544 cardinalis
2078 515 2212 553 provide

1203 567 1315 601 latam,
1347 569 1453 596 ratam
1484 570 1517 596 et
1548 567 1677 597 firmam
1709 568 1875 602 habentes,
1913 577 1985 597 eam
2016 568 2211 597 auctoritate

1204 619 1381 658 apostolica
1405 620 1645 654 confirmamus,
1670 623 1703 650 et
1726 621 1882 659 presentis
1905 620 2016 659 scripti
2035 620 2214 658 patrocinio

1204 672 1451 706 communimus,
1482 675 1626 702 tenorem
1655 673 1755 711 ipsius
1792 673 2000 702 instrumenti
2039 673 2077 702 de
2115 673 2214 703 verbo

1204 725 1246 754 ad
1258 726 1398 754 verbum
1410 726 1612 764 presentibus
1623 725 1718 755 inseri
1729 725 1882 755 facientes
1894 726 1950 764 qui
1960 726 2034 755 talis
2045 729 2094 755 est
2106 736 2112 756 t

1670 822 1810 855 Viterbe,
1834 823 1850 849 7
1875 823 2036 850 decembre
2050 823 2135 850 1257.

1248 888 1259 902 «
1282 876 1477 911 Ottobonus‚
1492 877 1698 906 miseratione
1709 877 1819 906 divina
1832 877 1942 907 Sancti
1964 878 2098 907 Adriani
2110 878 2216 907 diaco-

1206 940 1218 955 «
1240 938 1299 958 nus
1311 929 1491 963 cardinalis,
1504 930 1545 958 ad
1558 932 1749 967 perpetuam
1758 929 1803 959 rei
1814 930 2013 959 memoriam.
2028 930 2214 959 Presidente

1206 993 1217 1008 «
1240 981 1373 1011 rationis
1389 982 1523 1020 imperio
1539 982 1571 1011 in
1588 982 1696 1011 animo
1711 982 1897 1020 judicantis,
1915 983 2005 1011 sedet
2020 982 2052 1011 in
2068 983 2215 1012 examine

1205 1045 1216 1060 «
1238 1034 1385 1064 veritatis
1410 1044 1468 1073 pro
1492 1034 1646 1064 tribunali
1669 1035 1807 1073 justitia,
1827 1038 1859 1064 et
1885 1035 1976 1074 quasi
2000 1044 2057 1065 rex
2080 1035 2112 1064 in
2137 1035 2216 1064 solio

1205 1098 1217 1114 «
1237 1087 1350 1125 judicii
1388 1087 1558 1121 rectitudo,
1599 1088 1690 1125 cujus
1730 1087 1906 1126 dissipatur
1935 1088 2057 1117 intuitu
2087 1088 2214 1126 proprie

1205 1140 1419 1169 «voluntatis
1458 1140 1627 1170 arbitrium
1659 1143 1693 1170 et
1730 1141 1875 1179 acceptio
1914 1150 2142 1179 personarum;
2176 1150 2216 1170 ex

1207 1204 1219 1219 «
1241 1202 1305 1231 quo
1328 1193 1369 1222 fit
1393 1195 1429 1222 ut
1453 1194 1561 1232 magni
1584 1196 1617 1222 et
1640 1194 1743 1232 parvi,
1768 1203 1924 1232 pauperes
1948 1196 1980 1223 et
2005 1194 2132 1227 divites,
2157 1203 2212 1232 po-

1207 1257 1218 1272 «
1241 1248 1347 1275 tentes
1374 1248 1406 1275 et
1426 1246 1556 1281 debiles,
1578 1247 1728 1275 absentes
1755 1246 1853 1275 etiam
1880 1248 1913 1275 et
1939 1249 2103 1284 presentes
2130 1255 2213 1285 equo

1206 1309 1218 1324 «
1240 1298 1408 1328 libramine
1431 1299 1626 1337 judicentur.
1647 1300 1739 1332 Sane,
1758 1299 1843 1328 inter
1857 1299 2073 1328 venerabilem
2090 1302 2215 1337 patrem

1206 1362 1218 1377 «
1242 1374 1271 1385 ..‚
1288 1351 1473 1390 episcopum
1488 1352 1744 1385 Urbevetanum,
1760 1361 1799 1381 ex
1813 1354 1904 1390 parte
1919 1361 1993 1386 una,
2009 1354 2041 1381 et
2055 1352 2216 1390 religiosos

1206 1416 1218 1431 «
1239 1404 1358 1437 viros..‚
1392 1405 1545 1434 abbatem
1570 1407 1602 1434 et
1627 1407 1824 1434 conventum
1848 1405 2035 1434 monasterii
2060 1405 2216 1439 Saxivivi‚

1207 1468 1218 1483 «
1240 1466 1280 1486 ex
1316 1457 1427 1491 altera,
1466 1457 1590 1486 dudum
1626 1460 1697 1486 orta
1734 1457 1868 1486 materia
1902 1458 2087 1496 questionis.
2124 1458 2218 1486 beate

1207 1521 1226 1536 α7
1241 1510 1471 1539 recordationis
1495 1510 1644 1539 dominus
1670 1510 1887 1543 Innocentius,
1912 1519 1996 1548 papa
2023 1510 2101 1543 1111,
2126 1519 2218 1548 ques-

1207 1574 1218 1588 «
1240 1562 1362 1591 tionem
1380 1563 1482 1601 ipsam
1500 1563 1603 1601 primo
1620 1563 1796 1592 venerabili
1812 1563 1898 1601 patri
1916 1563 2046 1592 domino
2063 1563 2216 1597 Johanni,

1207 1626 1219 1642 «
1242 1615 1351 1645 Sancti
1372 1615 1495 1644 Nicolai
1515 1615 1547 1644 in
1568 1615 1699 1645 Carcere
1718 1616 1865 1645 Tulliano
1898 1616 2032 1645 diacono
2053 1615 2218 1649 cardinali,

1207 1671 1274 1697 «et
1303 1668 1522 1706 postmodum,
1555 1677 1628 1697 cum
1658 1668 1743 1697 idem
1775 1669 1945 1698 cardinalis
1976 1678 2039 1698 non
2070 1671 2154 1698 esset
2183 1669 2216 1698 in

1207 1732 1218 1747 «
1242 1721 1339 1755 curia,
1355 1721 1447 1750 nobis
1461 1721 1657 1750 audiendam
1678 1721 2023 1760 determinandamque
2043 1721 2216 1756 commisit,

1206 1785 1217 1799 «
1240 1774 1387 1812 partibus
1405 1774 1535 1812 quidem
1551 1783 1608 1812 per
1623 1777 1847 1812 procuratores
1864 1774 2006 1812 ydoneos
2030 1783 2216 1812 comparen-

1206 1827 1327 1855 «tibus
1356 1836 1464 1856 coram
1492 1827 1562 1865 ipso
1591 1827 1721 1856 domino
1751 1827 1914 1861 cardinali,
1945 1836 2002 1865 pro
2030 1829 2123 1865 parte
2151 1827 2217 1856 dic-

1206 1882 1347 1908 «torum
1381 1879 1510 1909 abbatis
1544 1882 1577 1908 et
1611 1882 1789 1909 conventus
1822 1880 1920 1909 libelli
1953 1880 2054 1909 oblati
2084 1880 2217 1909 fuerunt

1205 1944 1217 1959 «
1239 1935 1351 1961 contra
1381 1932 1504 1961 dictum
1532 1932 1718 1970 episcopum
1746 1932 1778 1961 in
1807 1933 1866 1962 hac
1894 1932 2008 1962 forma.
2061 1933 2217 1971 Proponit

1205 1997 1217 2011 ι(
1238 1985 1339 2014 frater
1363 1985 1490 2019 Tostu5‚
1517 1985 1604 2023 prior
1627 1985 1815 2015 monasterii
1839 1986 1956 2015 Sancte
1982 1986 2089 2015 Crucis
2115 1986 2217 2015 Urbe-

1205 2050 1216 2064 «
1238 2038 1360 2072 vetani,
1395 2040 1616 2076 procurator..,
1651 2038 1780 2067 abbatis
1813 2041 1847 2067 et
1880 2041 2058 2068 conventus
2090 2047 2217 2068 monas-

1205 2102 1217 2117 «
1239 2091 1310 2120 terii
1347 2090 1502 2125 Saxivivi‚
1539 2091 1667 2120 nomine
1702 2091 1931 2129 predictorum,
1968 2094 2079 2120 contra
2115 2092 2217 2121 Urbe-

1205 2146 1395 2173 «vetanum
1429 2143 1615 2182 episcopum
1650 2144 1736 2182 quod
1770 2144 1856 2173 idem
1890 2144 2068 2183 episcopus,
2103 2145 2214 2174 volens

1205 2208 1217 2223 t(
1239 2205 1393 2234 usurpare
1415 2196 1671 2234 jurisdictionem
1714 2197 1905 2231 indebitam,
1928 2197 1994 2232 in..,
2018 2197 2155 2235 priorem
2178 2200 2211 2227 et

1205 2261 1217 2276 «
1239 2252 1438 2278 conventum
1463 2249 1649 2279 monasterii
1674 2249 1790 2279 Sancte
1816 2249 1934 2283 Crucis,
1961 2250 2105 2288 ejusdem
2145 2250 2216 2285 loci,

1206 2313 1218 2329 «
1239 2304 1272 2331 et
1297 2302 1329 2331 in
1354 2302 1460 2340 ipsum
1485 2303 1717 2331 monasterium
1743 2305 1775 2332 et
1794 2303 1959 2332 ecclesiam
1980 2303 2089 2332 Sancti
2111 2303 2217 2341 Egidii

1207 2367 1218 2382 «
1241 2364 1303 2393 que
1332 2355 1519 2384 immediate
1547 2357 1580 2384 et
1609 2355 1703 2393 pleno
1731 2355 1801 2393 jure
1830 2355 1993 2394 pertinent
2022 2356 2062 2385 ad
2093 2356 2216 2385 dictum

1207 2419 1220 2434 «
1241 2408 1473 2437 monasterium
1497 2408 1652 2442 Saxivivi‚
1676 2417 1783 2437 coram
1806 2418 1838 2437 se
1861 2408 1952 2437 citari
1981 2408 2056 2438 fecit
2079 2409 2216 2447 priorem

1208 2472 1219 2487 «
1241 2463 1274 2490 et
1305 2460 1483 2498 capitulum
1505 2470 1560 2490 seu
1583 2463 1780 2490 conventum
1803 2461 1881 2490 dicti
1897 2461 2083 2491 monasterii
2101 2462 2218 2491 Sancte

1209 2513 1350 2542 «Crucis
1384 2515 1417 2542 et
1451 2514 1651 2552 capellanum
1687 2514 1772 2543 dicte
1805 2514 1933 2543 ecclesie
1969 2514 2077 2543 Sancti
2112 2514 2218 2553 Egidii

1210 2568 1281 2595 «ut
1313 2565 1467 2595 fratribus
1511 2566 1771 2596 Predicatoribus
1804 2567 1946 2596 civitatis
1979 2567 2121 2605 predicte
2154 2576 2216 2596 res-

1210 2630 1221 2645 «
1244 2619 1424 2657 ponderent
1445 2619 1477 2648 in
1501 2628 1611 2648 eorum
1634 2619 1845 2657 petitionibus
1876 2621 1908 2648 et
1940 2620 2085 2657 querelis,
2130 2619 2218 2648 vide-

1211 2683 1222 2697 «
1244 2671 1318 2700 licet
1341 2681 1437 2709 super
1461 2681 1498 2701 eo
1523 2672 1609 2710 quod
1634 2672 1790 2710 petebant
1813 2681 1928 2710 corpus
1952 2673 2045 2701 unius
2073 2671 2217 2700 defuncti

1211 2735 1222 2751 «
1245 2724 1331 2762 quod
1360 2724 1392 2753 in
1410 2733 1468 2753 suo
1487 2724 1642 2753 cimiterio
1662 2725 1852 2762 sepelierant
1871 2734 1927 2763 pro
1946 2734 1982 2753 eo
2000 2725 2097 2763 quod,
2116 2726 2153 2753 ut
2171 2724 2217 2753 di-

1211 2788 1222 2803 «
1245 2777 1372 2810 cebant,
1388 2778 1474 2815 apud
1490 2787 1542 2806 eos
1555 2777 1692 2815 elegerat
1706 2778 1752 2815 (1)
1769 2778 1979 2815 sepulturam,
2001 2779 2033 2805 et
2054 2777 2217 2814 justitiam

1210 2841 1222 2856 «
1244 2829 1288 2858 eis
1304 2829 1446 2859 facerent
1461 2839 1568 2859 coram
1585 2839 1626 2859 se.
1644 2830 1783 2859 Predicti
1799 2839 1874 2859 vero
1890 2830 1975 2867 prior
1990 2832 2022 2858 et
2038 2832 2217 2858 conventus

1210 2893 1221 2908 <‹
1244 2884 1277 2912 et
1299 2882 1482 2920 capellanus
1505 2882 1613 2912 Sancti
1642 2883 1758 2921 Egidii,
1781 2891 1853 2911 cum
1882 2883 1923 2911 ab
1954 2882 2052 2920 ipsius
2077 2882 2215 2920 episcopi

1210 2945 1222 2961 «
1243 2935 1449 2972 juridictione
1476 2937 1581 2964 essent
1607 2935 1697 2965 liberi
1724 2937 1757 2964 et
1783 2935 1951 2968 immunes,
1980 2937 2219 2973 proposuerunt

1247 3016 1270 3040 1.
1291 3015 1379 3045 fleg:
1410 3017 1546 3046 elegerant.

2075 3178 2108 3203 9ss
