2477 3512
204 258 266 289 802
1023 255 1301 297 QUATRIEME
1317 255 1478 289 ANNEE

206 373 219 388 «
241 364 379 393 corditer
397 363 598 401 confirmare3
617 363 695 392 item
713 365 825 393 sancto
835 365 906 402 (sic)
915 364 1054 402 generali
1072 364 1214 403 capitulo

212 428 223 443 ιι
242 416 457 446 Cisterciensis
493 416 622 450 ordinis,
646 418 683 445 ut
700 416 843 454 predicta
875 417 981 446 omnia
1012 417 1153 447 ratiiicet
1182 419 1215 446 et

209 481 220 495 α
242 472 399 508 acceptet.

251 534 262 549 κ
287 523 367 552 Acta
391 525 467 551 sunt
479 522 536 551 hec
546 522 578 551 in
588 522 784 551 monasterio
795 524 915 556 nostro,
928 531 1022 557 anno,
1036 532 1153 557 mense,
1166 523 1216 552 die

209 587 221 602 «ι
244 578 276 604 et
303 575 477 604 indictione
504 574 712 613 pretitulatis.
740 575 790 604 Ad
818 584 954 614 quorum
983 576 1125 605 omnium
1153 585 1218 605 cer-

210 640 222 654 «
247 628 419 657 titudinem
447 627 721 666 comprobandam
748 630 781 657 et
807 631 997 667 perpetuam
1017 628 1218 662 firmitatem,

211 692 222 707 a
246 690 373 719 presens
403 681 559 718 scriptum
589 680 659 709 fien’
699 683 731 710 et
770 681 965 719 appensione
995 682 1088 720 sigilli
1119 681 1219 711 nostri

209 746 221 760 (ι
244 742 415 772 quosupra,
445 733 557 772 prioris
579 734 753 768 Thomasii,
784 734 917 763 fecimus
943 735 1095 764 roborari.

251 799 262 813 «
285 787 353 825 Ego
371 786 471 816 frater
486 787 689 821 Thomasius‚
707 787 802 825 prior,
821 787 986 817 subscribo
1003 789 1037 817 et
1054 787 1220 817 confirmo.

210 851 222 866 α
246 839 314 878 Ego
340 839 440 868 frater
466 840 613 869 Maritius
640 840 710 878 (sic)
736 840 902 869 subscribo
914 843 946 869 et
967 840 1133 870 confirmo.
1153 840 1222 879 Ego

211 905 223 919 «
248 892 348 922 frater
370 892 484 922 Petrus
505 893 671 922 subscribo
692 895 725 922 et
746 893 912 923 confirmo.
936 893 1004 932 Ego
1026 893 1126 923 frater
1147 893 1222 922 Rai-

211 958 223 971 «
246 946 360 975 naldus
388 946 554 975 subscribo
581 948 613 974 et
641 945 806 975 confirmo.
837 946 905 983 Ego
932 946 1033 976 frater
1060 946 1223 975 Robertus

211 1009 224 1024 «
246 998 412 1028 subscribo
432 1001 465 1028 et
485 997 651 1028 confirmo.
674 999 742 1037 Ego
761 998 862 1028 frater
881 999 1025 1029 Ventura
1057 999 1222 1029 subscribo

211 1063 222 1078 α
245 1054 278 1081 et
302 1051 468 1081 confirmo.
517 1052 567 1080 Ad
591 1051 716 1081 litteras
740 1052 818 1081 istas
843 1052 1073 1082 adscultandas
1099 1052 1154 1089 (1),
1180 1052 1222 1081 le-

211 1116 223 1131 «
245 1105 365 1143 gendas
382 1107 414 1134 et
430 1104 618 1138 audiendas,
635 1104 679 1134 hii
695 1107 795 1134 testes
811 1105 915 1143 rogati
930 1105 1061 1134 fuerunt
1078 1115 1084 1134 ;
1102 1105 1223 1134 domini

210 1169 222 1184 (ι
244 1158 347 1187 Jacob
394 1158 663 1195 Bonumtempus,
711 1157 877 1187 „Iohannes
927 1158 1037 1192 Melor,
1078 1157 1222 1187 canonici

207 1222 221 1237 «x
243 1210 353 1240 Sancti
376 1210 502 1240 Andrea
526 1211 565 1239 de
587 1210 753 1249 Ver[ulis]‚
777 1211 922 1240 Andreas
939 1214 971 1240 et
990 1211 1054 1241 Fac
1072 1211 1128 1249 (2),
1148 1211 1222 1240 scri-

209 1274 221 1289 «
244 1263 336 1293 niarii
371 1263 499 1301 publici.

251 1328 262 1343 ι(
286 1316 329 1345 Et
355 1324 413 1354 ego
441 1316 635 1354 Salagrinus,
663 1316 837 1355 imperialis
864 1317 935 1346 aule
961 1317 1062 1355 judex
1089 1319 1122 1346 et
1148 1317 1222 1346 scri-

210 1381 222 1395 «
245 1369 375 1403 niarius,
405 1369 489 1398 sicut
518 1369 627 1398 inveni
656 1369 689 1398 in
720 1369 835 1399 litteris
865 1370 1017 1408 predictis
1047 1370 1160 1408 prioris
1190 1372 1222 1399 et

210 1434 223 1449 «
245 1425 424 1452 conventus
460 1422 576 1451 Sancte
610 1422 710 1452 Marie
745 1423 783 1451 de
818 1422 940 1457 Ustica,
976 1432 1086 1452 eorum
1121 1423 1223 1461 sigillo

210 1486 222 1502 ι(
245 1475 389 1509 munitis,
411 1475 455 1505 sic
476 1476 514 1504 de
535 1475 634 1504 verbo
655 1476 697 1505 ad
718 1476 864 1510 verbum,
886 1476 929 1505 nil
950 1476 1072 1505 addens
1093 1476 1143 1505 vel
1164 1476 1222 1505 mi—

211 1540 222 1555 α
246 1537 346 1557 nuens
370 1531 477 1567 preter
499 1528 642 1558 litteram
666 1528 749 1558 forte
772 1529 823 1558 vel
847 1529 994 1558 sillabam
1019 1529 1105 1568 quod
1130 1529 1222 1558 intel-

210 1593 222 1608 «
244 1581 364 1610 lectum
387 1583 540 1615 mutaret,
564 1581 705 1610 fideliter
727 1581 837 1620 scripsi
860 1584 893 1611 et
916 1582 978 1611 mei
1002 1582 1139 1612 nominis
1162 1582 1222 1621 sig-

210 1645 222 1661 «
246 1643 322 1663 num
350 1633 419 1663 feci.
448 1635 542 1663 Anno
571 1634 692 1663 domini
743 1634 987 1669 M.CC⁰.LVII⁰‚
1047 1635 1223 1664 indictione

210 1698 222 1714 «
245 1687 316 1721 XV,
346 1696 453 1716 mense
481 1687 606 1725 aprelis,
636 1687 686 1716 die
723 1688 832 1722 XVII,
860 1687 1073 1726 pontificatus
1102 1688 1223 1717 domini

211 1752 224 1767 «
246 1740 421 1770 Alexandri
451 1749 534 1778 pape
569 1740 635 1769 1111
667 1749 752 1770 anno
782 1741 919 1770 tertio.»

254 1805 265 1820 «
288 1793 375 1822 Nulli
415 1796 523 1822 nostre
564 1793 819 1823 confirmationis
852 1796 913 1823 etc.
959 1794 1035 1823 Dat.
1076 1794 1223 1828 Viterbii,

213 1858 224 1873 (ι
246 1846 328 1876 VIII
355 1846 426 1875 idus
452 1846 646 1880 novembris,
672 1855 757 1876 anno
784 1847 892 1876 tertio.
918 1858 930 1873 »

296 2003 387 2029 2580
790 2004 928 2036 Viterbe,
946 2004 963 2031 9
979 2005 1043 2031 mai
1058 2004 1145 2031 1258.

259 2056 436 2087 (juillelmo,
467 2057 576 2083 abbati
605 2057 788 2084 monasterii
816 2057 1068 2090 AquicentensiS‚
1095 2058 1228 2084 Atreba-

218 2097 314 2122 tcnsis
333 2097 474 2128 diocesis,
495 2097 785 2130 successoribusque
813 2098 876 2123 suis
895 2097 1100 2124 benedicendi
1119 2098 1228 2129 altare,

219 2136 399 2162 conferendi
430 2136 564 2162 minores
605 2138 728 2163 ordines
762 2138 820 2163 etc.
867 2137 1052 2163 facultatem
1096 2139 1163 2164 tam
1198 2138 1229 2164 in

220 2176 409 2202 monasterio
436 2183 490 2202 suo
507 2183 602 2209 quam
619 2179 708 2203 extra
724 2177 876 2204 concedit.
893 2177 990 2210 (REG.
1007 2177 1055 2209 25,
1071 2177 1092 2203 f.
1111 2177 1167 2203 140
1183 2181 1229 2209 v⁰‚

221 2222 271 2242 an.
292 2216 342 2247 IV,
360 2224 384 2242 e.
405 2216 484 2249 153.)

268 2292 440 2328 Guillelmo‚
484 2294 590 2323 abbati
636 2295 815 2323 monasterii
856 2294 1103 2332 Aquicenlensis,
1150 2294 1232 2323 ordi-

223 2345 274 2374 nis
299 2346 409 2375 Sancte
437 2347 606 2380 Benedicti,
636 2347 848 2376 Atrebalensis
878 2347 1018 2376 diocesis.
1052 2347 1102 2376 Ad
1134 2347 1230 2376 eccle-

224 2398 343 2428 siastici
360 2400 481 2429 decoris
504 2403 714 2438 augmentum
729 2403 855 2438 reperta
874 2403 949 2429 sunt
971 2400 1107 2438 insignia
1130 2400 1231 2439 digni-

224 2454 332 2481 tatum
360 2462 421 2490 que
449 2453 537 2482 Sedis
563 2453 748 2491 ApostolIca
776 2461 915 2491 congrua
935 2453 966 2482 in
985 2453 1125 2491 singulos
1144 2453 1231 2482 beni-

224 2504 348 2543 gnitate
379 2506 553 2540 distribuit,
584 2508 617 2535 et
647 2506 773 2535 devotis
802 2506 887 2539 filiis,
909 2508 1006 2544 prout
1028 2506 1159 2544 dignum
1181 2507 1231 2544 ju-

225 2558 322 2591 dicat,
359 2558 534 2588 obtinenda
572 2559 728 2588 concedit.
766 2559 846 2588 Cum
882 2559 1003 2597 itaque,
1032 2559 1115 2588 sicut
1143 2568 1230 2588 acce-

225 2611 341 2649 pimus,
369 2620 444 2640 usus
463 2612 556 2640 mitre
583 2621 620 2641 ac
639 2612 748 2641 annuli
775 2612 835 2641 tibi
853 2614 886 2641 et
904 2611 1138 2641 successoribus
1166 2612 1230 2641 tuis

224 2672 241 2692 a
268 2664 347 2693 Sede
372 2664 515 2702 predicta
541 2665 579 2693 de
603 2665 731 2703 speciali
755 2665 858 2703 gratia
882 2665 925 2694 sit
957 2673 1124 2694 concessus
1149 2674 1227 2694 nec:

225 2726 288 2746 non
320 2719 352 2746 et
376 2717 584 2746 benedicendi
616 2718 726 2746 altaris
757 2720 789 2747 et
821 2717 996 2747 sacerdotis
1028 2720 1228 2752 ornamenta,

223 2772 256 2799 et
293 2769 474 2799 conferendi
527 2770 692 2799 monachis
728 2771 793 2799 tuis
831 2771 968 2800 minores
1018 2771 1154 2804 ordines,
1192 2780 1229 2800 ac

221 2822 319 2853 etiam
345 2823 457 2852 utendi
480 2823 511 2852 in
536 2823 705 2852 missarum
737 2823 932 2862 sollempniis
956 2823 1074 2857 tunica,
1109 2823 1230 2853 dalma-

258 2907 280 2930 1.
301 2905 367 2935 Reg.
385 2915 391 2931 :
416 2906 594 2931 adscullando.

256 2940 280 2965 2.
304 2942 357 2965 Sic.
380 2941 420 2965 De
443 2942 530 2966 meme
552 2944 620 2966 dans
642 2943 665 2966 le
677 2948 737 2971 cap.
751 2941 802 2965 224
814 2942 860 2971 (ηο
871 2942 960 2971 2667).
983 2941 1123 2966 peut-etre
1137 2942 1229 2966 faut-il

219 2977 267 3001 lire
291 2974 430 3010 Jacsobus]
475 2995 480 3000 .

1325 363 1396 398 tica,
1424 363 1591 393 cirothecis
1619 366 1651 392 et
1678 363 1840 398 sandaliis,
1868 371 1990 393 necnon
2017 365 2051 392 et
2069 363 2167 393 dandi
2185 363 2333 394 benedic-

1323 416 1444 446 tionem
1477 416 1686 454 sollempnem
1719 416 1751 446 in
1786 416 1982 446 monasterio
2016 418 2074 446 tuo
2100 416 2275 446 dumtaxat
2299 415 2331 446 in

1325 469 1510 507 hujusmodi
1544 468 1751 507 sollempniis,
1785 477 1823 498 ac
1857 468 2105 498 matutinalibus
2139 470 2172 498 et
2206 477 2334 508 vesper-

1326 522 1401 551 tinis
1443 522 1568 555 officiis,
1613 522 1789 551 dummodo
1832 521 2020 551 diocesanus
2062 521 2230 560 episcopus
2264 530 2334 560 pre-

1325 584 1396 604 sens
1432 577 1509 604 tunc
1542 575 1696 613 temporis
1731 574 1763 604 in
1797 575 1866 612 ipso
1891 574 2088 604 monasterio
2113 583 2176 604 non
2202 574 2334 610 existat.

1326 628 1369 657 sit
1410 627 1634 657 nichilominus
1675 636 1825 657 concessa
1867 626 2016 661 facultas,
2050 635 2108 656 nos
2149 627 2336 665 hujusmodi

1327 680 1474 719 gratIam,
1497 681 1634 710 obtentu
1656 680 1763 710 dilecti
1792 680 1851 709 filii
1872 680 1972 709 nostri
2002 680 2048 714 P„
2071 679 2180 710 Sancti
2210 679 2337 718 Georgii

1328 734 1370 763 ad
1390 734 1505 762 Velum
1525 734 1668 763 Aureum
1689 733 1815 762 diaconi
1830 732 2010 766 cardinalis,
2040 733 2132 762 nobis
2157 741 2253 771 super
2276 732 2337 763 hoc

1329 786 1550 825 supplicantis,
1587 786 1693 816 adhuc
1728 786 1882 824 ampliare
1918 786 2074 819 volentes,
2111 788 2147 815 ut
2175 785 2337 824 premissis

1330 839 1488 873 omnibus,
1519 842 1586 868 tam
1627 840 1659 868 in
1697 839 1766 878 ipso
1803 839 1998 868 monasterio
2036 847 2133 877 quam
2171 840 2273 872 extra,
2302 837 2336 868 in

1330 892 1406 922 locis
1419 892 1449 921 in
1465 892 1581 931 quibus
1603 892 1662 921 tibi
1676 901 1716 922 ex
1737 892 1864 921 indulto
1886 891 2029 930 predicte
2051 891 2141 922 Sedis
2153 900 2229 921 usus
2241 891 2337 921 mltre

1329 948 1361 975 et
1387 945 1474 974 anuli
1499 947 1548 974 est
1582 954 1759 979 concessus,
1787 948 1824 974 tu
1858 954 1896 974 ac
1929 953 2127 974 successores
2152 944 2212 978 tui,
2237 944 2334 982 juxta

1330 998 1510 1037 predictum
1533 998 1676 1032 modum,
1700 998 1748 1027 uti
1771 998 1867 1027 libere
1897 997 2034 1027 valeatis
2064 997 2125 1027 tibi
2155 999 2188 1027 et
2217 997 2337 1027 eisdem

1329 1051 1564 1080 successoribus
1582 1051 1777 1081 auctoritate
1797 1051 1994 1090 presentium
2013 1050 2227 1089 indulgemus.
2250 1050 2338 1080 Nulli

1330 1107 1438 1133 nostre
1470 1104 1680 1133 concessionis
1712 1106 1774 1133 etc.
1804 1104 1879 1133 Dat.
1901 1103 2048 1137 viterbii,
2070 1103 2134 1132 VII
2157 1103 2229 1133 idus
2251 1102 2340 1138 maii,

1329 1166 1414 1187 anno
1438 1159 1564 1196 quarto.

1409 1337 1490 1362 2581
1893 1335 2032 1367 Viterbe,
2051 1335 2068 1362 9
2088 1335 2151 1361 mai
2170 1334 2258 1362 1258.

1370 1390 1488 1416 Abbati
1502 1392 1533 1416 et
1547 1389 1717 1416 conventui
1732 1388 1885 1422 praedicti
1898 1388 2082 1414 monasterii
2094 1387 2340 1421 Aquicintensis‚

1330 1430 1470 1463 indulget
1495 1431 1529 1456 ut
1553 1430 1593 1456 ad
1617 1429 1827 1463 provisionem
1850 1428 1984 1461 aliquus
2005 1428 2037 1454 in
2060 1427 2263 1461 pensionibus
2285 1433 2340 1454 seu

1332 1469 1550 1503 personatibus
1563 1469 1611 1495 vel
1624 1468 1784 1495 benefieiis
1795 1468 2012 1494 ecclesiasticis
2023 1467 2151 1494 minime
2163 1467 2341 1499 teneantur,

1331 1511 1362 1535 ct
1388 1510 1472 1543 quod
1500 1510 1538 1536 de
1565 1508 1725 1535 beneficiis
1751 1508 1801 1534 vel
1828 1507 2047 1541 personatibus
2074 1507 2114 1533 ad
2141 1506 2341 1534 collationem

1331 1556 1438 1575 corum
1452 1548 1679 1583 spectantibus,
1695 1555 1748 1574 seu
1763 1547 1899 1581 grangiis
1913 1549 1969 1574 aut
1984 1547 2129 1573 domibus
2143 1553 2250 1573 eorum
2265 1545 2342 1573 nulli

1331 1588 1437 1615 valeat
1459 1589 1617 1623 provideri
1639 1595 1693 1622 per
1713 1588 1835 1614 litteras
1859 1587 1946 1614 Sedis
1968 1587 2168 1620 Apostolicae
2189 1586 2239 1612 vel
2259 1586 2342 1620 lega-

1331 1631 1437 1655 torum
1456 1629 1554 1662 ipsius
1574 1628 1771 1662 impetratas,
1793 1634 1847 1661 per
1867 1634 1944 1660 quas
1965 1634 2027 1653 non
2047 1627 2089 1653 sit
2107 1626 2158 1660 jus
2178 1625 2273 1652 alicui
2292 1632 2342 1653 ac-

1333 1669 1496 1702 quisitum,
1528 1668 1577 1694 vel
1609 1668 1705 1694 etiam
1736 1667 1961 1701 impetrandas,
1993 1666 2052 1693 nisi
2083 1665 2171 1693 Sedis
2201 1665 2341 1699 ejusdem

1330 1709 1456 1735 litterae
1483 1707 1702 1742 impetrandae
1730 1707 1767 1733 de
1794 1706 1918 1733 indulto
1946 1706 2129 1739 hujusmodi
2156 1705 2282 1739 plenam
2309 1706 2342 1732 et

1332 1755 1512 1782 expressam
1542 1747 1673 1774 fecerint
1704 1747 1907 1773 mentionem.
1940 1746 2038 1779 (Res.
2070 1745 2118 1777 25,
2151 1745 2172 1771 f.
2205 1745 2263 1772 140
2294 1747 2341 1777 v⁰‚

1333 1795 1382 1814 an.
1418 1788 1469 1819 IV,
1501 1796 1526 1814 c.
1559 1787 1639 1821 154.)

1374 1877 1418 1899 «..‚
1444 1864 1550 1894 abbati
1574 1866 1600 1893 el
1624 1863 1785 1893 conventui
1808 1861 2343 1901 monasteriiAquicinlensis,ordi-

1332 1918 1384 1947 nis
1404 1918 1510 1948 Sancti
1528 1917 1698 1951 Benedicti,
1717 1916 1929 1946 Atrebatensis
1947 1915 2086 1945 diocesis.
2105 1915 2267 1944 Inducunt
2285 1923 2343 1944 nos

1334 1974 1439 2001 vestre
1465 1989 1516 2000 -—.
1544 1971 1620 2000 Dat.
1648 1972 1685 1999 ut
1711 1970 1742 1999 in
1769 1969 1841 1998 alia.
1870 1980 1882 1996 »

1417 2177 1506 2203 2582
1900 2175 2038 2206 Viterbe,
2058 2174 2076 2201 3
2094 2174 2157 2201 mai
2176 2173 2262 2200 1258.

1380 2230 1506 2256 Eisdem
1522 2229 1663 2263 indulget
1679 2231 1715 2255 ut
1730 2230 1832 2255 curtes
1847 2230 1877 2254 et
1893 2228 2036 2262 grangias
2051 2234 2158 2254 eorum
2174 2226 2276 2254 locare
2290 2233 2344 2253 seu

1339 2270 1412 2296 dare
1440 2270 1479 2296 ad
1506 2270 1631 2296 firmam
1659 2269 1789 2303 possint,
1818 2268 2035 2302 praesentibus
2062 2268 2133 2301 post
2161 2265 2344 2293 decennium

1338 2310 1467 2337 minime
1488 2309 1642 2336 valituris.
1665 2309 1761 2340 (Rae.
1784 2308 1831 2339 25,
1853 2308 1874 2333 f.
1898 2308 1964 2339 141,
1987 2315 2036 2334 an.
2062 2307 2113 2337 IV,
2135 2314 2160 2333 c.
2183 2306 2264 2339 155.)

1380 2398 1435 2421 «..‚
1476 2386 1581 2416 abbati
1620 2387 1645 2415 el
1684 2385 1844 2415 conventui
1882 2384 2062 2414 monasterii
2101 2383 2345 2422 Aquicintensis.

1338 2440 1458 2470 ordinis
1490 2439 1596 2469 Sancti
1627 2438 1795 2472 Benedicti,
1828 2437 2039 2467 Atrebatensis
2069 2436 2208 2466 diocesis.
2240 2436 2347 2466 Devo-

1337 2493 1434 2522 tionis
1462 2495 1568 2522 vestre
1596 2492 1742 2530 precibus
1770 2490 1926 2524 inclinati,
1955 2493 1992 2519 ut
2020 2492 2125 2520 curtes
2146 2491 2179 2519 et
2198 2488 2346 2528 grangias

1337 2548 1462 2575 vestras
1479 2554 1552 2574 cum
1570 2545 1661 2574 bonis
1679 2544 1852 2573 earundem
1870 2543 1974 2572 locare
1992 2552 2046 2572 seu
2065 2543 2140 2572 dare
2157 2542 2198 2572 ad
2216 2541 2344 2572 firmam

1337 2599 1417 2633 aliis,
1444 2599 1511 2628 sive
1537 2597 1640 2627 clerici
1668 2597 1787 2626 suerint
1812 2597 1879 2626 sive
1900 2596 1981 2630 laici,
2003 2604 2076 2625 cum
2103 2595 2220 2634 quibus
2246 2593 2345 2624 vestri

1338 2651 1523 2681 monasterii
1551 2650 1767 2680 conditionem
1796 2649 1924 2688 possitis
1952 2649 2056 2678 facere
2083 2647 2256 2681 meliorem,
2284 2647 2345 2676 sub

1337 2714 1373 2734 ea
1395 2705 1543 2734 libertate
1565 2712 1601 2732 ac
1622 2703 1829 2732 immunitate
1851 2711 1914 2741 qua
1935 2700 2107 2740 possidetis
2128 2701 2266 2734 easdem,
2288 2708 2347 2730 va—

1336 2757 1439 2791 leatis,
1470 2757 1562 2786 vobis
1592 2756 1787 2786 auctoritate
1818 2755 2015 2794 presentium
2046 2753 2268 2792 indulgemus;
2298 2752 2345 2782 ita

1337 2813 1447 2840 tamen
1473 2810 1559 2848 quod
1584 2809 1770 2847 hujusmodi
1794 2808 1911 2838 locatio
1943 2816 1999 2836 seu
2023 2806 2118 2836 firma
2146 2806 2187 2836 ad
2213 2805 2346 2835 feudum

1337 2864 1388 2893 vel
1420 2862 1647 2892 alienationem
1680 2862 1864 2891 nullatenus
1895 2860 2111 2894 extendatur;
2145 2858 2348 2898 presentibus

1337 2919 1412 2955 post
1434 2915 1623 2945 decennium
1646 2915 1777 2944 minime
1798 2913 1955 2943 valituris.
1979 2913 2067 2942 Nulli
2090 2914 2199 2942 nostre
2222 2919 2349 2941 conces-

1337 2969 1433 2999 sionis
1451 2971 1512 2998 etc.
1532 2969 1609 2998 Dat.
1627 2967 1774 3002 viterbii,
1791 2967 1819 2996 V
1838 2975 1938 2996 nonas
1968 2965 2055 2999 maii,
2074 2974 2159 2994 anno
2190 2965 2317 3003 quarto.
2337 2974 2351 2990 ι

2459 3231 2469 3250 ἦ

2447 3290 2451 3295 .
2459 3282 2465 3295 ι

2412 3364 2423 3380 ἃ
2475 3355 2477 3358 .

2307 3311 2477 3512 A

2463 2685 2477 2755 >4

2460 2760 2477 2807 2⁸.

2465 2810 2477 2831 >l
