2477 3512
181 263 241 294 796
875 261 1132 295 REGISTRES
1154 260 1489 294 D’ALEXANDRE
1510 261 1558 294 IV

182 370 298 408 cipate,
325 370 411 408 quod
437 370 477 399 ad
505 369 686 398 Romanam
713 369 888 398 Ecclesiam
914 369 1094 407 specialiter
1119 377 1188 407 per-

183 423 283 452 tinere
306 423 492 456 dinoscitur,
514 422 574 451 sub
596 422 682 451 beati
705 422 791 451 Petri
813 424 845 451 et
867 425 974 451 nostre
989 421 1189 460 protectione

183 476 374 514 suscipimus
395 478 427 504 et
447 475 604 513 presentis
625 474 735 513 scripti
756 474 921 513 privilegio
942 475 1189 504 communimus.

229 529 263 558 In
278 528 388 567 primis
403 528 561 566 siquidem
575 530 758 557 statuentes
772 530 809 557 ut
824 528 901 557 ordo
916 528 1112 557 monasticus
1136 527 1191 565 qui

186 582 362 610 secundum
383 581 487 610 Deum
507 583 540 610 et
557 581 651 610 Beati
670 581 837 610 Benedicti
858 581 998 619 regulam
1013 583 1112 619 atquc
1130 580 1192 609 ins—

184 634 371 663 titutionem
422 634 609 662 monialium
652 634 845 663 inclusarum
889 633 997 663 Sancti
1041 633 1192 662 Damiani

184 687 365 720 Asisinatis,
384 689 417 716 et
433 686 605 716 formulam
622 686 690 715 vite
703 689 809 715 vestre
826 696 843 715 a
855 686 953 715 felicis
964 686 1193 715 recordationis

185 740 221 769 G.
246 748 341 778 papa,
366 740 586 778 predecessore
618 742 738 773 nostro,
763 739 865 769 ordini
897 741 1004 769 vestro
1036 739 1192 768 traditam

185 802 257 822 cum
274 793 379 822 adhuc
395 795 478 822 esset
493 792 525 821 in
542 792 657 822 minori
673 792 780 822 officio
794 792 1000 825 constitutus,
1018 792 1049 821 in
1066 801 1194 821 monas-

184 846 264 875 terio
283 848 392 874 vestro
410 845 580 874 institutus
599 854 666 874 esse
686 845 872 877 dinoscitur,
892 844 1055 883 perpetuis
1073 845 1193 874 ibidem

186 899 384 937 temporibus
412 898 640 928 inviolabiliter
668 898 866 927 observetur.

226 952 374 981 Preterea
413 960 621 990 quascunque
654 951 867 990 possessiones
887 959 1088 990 quecumque
1110 951 1194 980 bona

184 1005 270 1034 idem
305 1005 536 1034 monasterium
569 1004 601 1033 in
644 1004 878 1042 presentiarum
914 1004 1000 1042 juste
1032 1006 1066 1032 et
1101 1013 1196 1033 cano-

186 1054 254 1083 nice
281 1054 433 1092 possidet,
460 1056 518 1082 aut
543 1053 574 1082 in
601 1052 747 1082 futurum
774 1052 977 1082 concessione
1003 1052 1196 1090 pontificum

186 1106 352 1144 largitione
384 1109 444 1136 etc.
478 1115 595 1145 usque:
629 1108 849 1144 permaneant.

230 1159 264 1188 In
282 1159 399 1198 quibus
412 1159 469 1188 hec
482 1159 617 1197 propriis
634 1158 784 1188 duximus
801 1158 1000 1196 exprimendi
1013 1158 1194 1188 vocabulis:

184 1213 289 1242 locum
320 1212 425 1250 ipsum
455 1212 496 1241 ad
527 1220 623 1250 quem
653 1211 884 1241 monasterium
916 1211 1025 1241 Sancti
1059 1211 1196 1240 Bartho-

186 1265 280 1294 lomei
305 1266 343 1294 de
369 1265 503 1299 Falesio,
529 1264 673 1302 ejusdem
699 1264 843 1297 diocesis,
869 1264 908 1293 de
933 1266 1043 1293 nostro
1067 1264 1196 1302 speciali

186 1318 342 1348 mandato
372 1327 473 1356 nuper
501 1318 697 1346 translatum
727 1319 785 1351 est,
817 1326 890 1346 cum
920 1317 1069 1346 omnibus
1098 1317 1196 1355 perti-

186 1371 303 1400 nentiis
335 1371 419 1405 suis;
452 1371 583 1400 tertiam
601 1372 726 1408 partem
745 1370 840 1399 castri
859 1370 1021 1399 Plumbini
1038 1379 1111 1399 cum
1129 1379 1196 1399 om-

186 1424 280 1453 nibus
301 1423 504 1462 pertinentiis
525 1423 600 1457 suis,
622 1423 768 1452 redditus
790 1432 869 1461 quos
892 1423 1018 1452 habetis
1039 1423 1071 1452 in
1102 1425 1195 1461 porta

186 1480 218 1506 et
237 1479 358 1506 statera
378 1477 522 1515 ejusdem
541 1476 657 1511 castri;
678 1479 789 1509 terras,
811 1476 1034 1514 possessiones,
1056 1476 1195 1505 decimas

185 1530 340 1560 frumenti
353 1532 387 1559 et
403 1530 481 1564 vini,
491 1532 653 1568 stagnum,
665 1529 782 1559 salinas
794 1532 874 1559 Foce
884 1529 930 1567 (‘?)
941 1531 974 1558 et
984 1529 1115 1558 tertiam
1124 1538 1196 1567 par-

186 1585 254 1613 tem
271 1583 441 1621 cujusdam
457 1583 559 1612 insule
574 1582 607 1612 in
623 1582 704 1612 mari
720 1582 781 1611 site
798 1591 860 1621 que
875 1584 1014 1611 vocatur
1030 1582 1195 1616 Cervulus,

187 1646 249 1676 que
271 1636 398 1666 habetis
418 1636 450 1665 in
472 1635 634 1665 territorio
657 1635 735 1664 dicti
758 1635 875 1670 castri;
898 1635 1065 1665 ecclesiam
1087 1635 1198 1665 Sancti

187 1689 354 1719 Laurentii
386 1689 483 1718 castn'
515 1688 633 1727 prefati
665 1697 739 1717 cum
771 1688 892 1727 capella
917 1688 1027 1718 Sancti
1060 1687 1195 1721 Antimi,

188 1743 389 1781 dependente
413 1742 454 1771 ab
478 1742 546 1780 ipsa
571 1750 645 1771 cum
668 1741 771 1776 terris,
796 1741 1057 1779 possessionibus
1074 1743 1107 1771 et
1131 1750 1198 1770 om-

188 1796 282 1825 nibus
315 1795 518 1834 pertinentiis
551 1794 636 1829 suis;
670 1794 880 1824 medietatem
914 1794 1010 1824 castri
1045 1793 1199 1832 Campilie

187 1857 262 1878 cum
297 1848 400 1882 terris,
434 1847 689 1886 possessionibus
731 1850 764 1877 et
805 1847 955 1877 omnibus
996 1847 1199 1886 pertinentiis

188 1902 272 1936 suis;
299 1901 438 1930 decimas
462 1900 617 1930 frumenti
641 1902 674 1930 et
697 1900 775 1934 vini,
800 1909 837 1930 ac
863 1900 976 1930 domos
993 1909 1055 1939 que
1073 1899 1200 1929 habetis

188 1955 329 1989 ibidem;
346 1954 398 1992 jus
417 1954 503 1993 quod
522 1953 648 1983 habetis
666 1954 697 1983 in
716 1954 847 1983 ecclesia
863 1953 974 1983 Sancti
988 1953 1089 1983 Blasii
1103 1953 1200 1982 castri

189 2008 344 2046 ejusdem,
380 2009 490 2041 terras,
518 2007 740 2045 possessiones,
771 2015 895 2036 annuos
924 2006 1070 2035 redditus
1105 2006 1201 2035 dena-

190 2061 308 2090 riorum
333 2063 366 2090 et
390 2060 555 2093 frumenti,
580 2068 617 2089 ac
641 2060 826 2089 molendina
859 2068 933 2088 cum
957 2068 1117 2098 aquarum
1148 2059 1201 2088 de-

191 2114 345 2147 cursibus,
385 2116 418 2142 et
458 2112 606 2142 omnibus
642 2112 844 2151 pertinentiis
874 2113 1048 2141 eorundem
1078 2121 1140 2151 que
1168 2112 1200 2141 in

191 2167 304 2196 eodem
328 2168 434 2196 castro
457 2169 489 2195 et
513 2166 583 2203 ejus
606 2165 768 2195 territorio
793 2165 966 2199 obtinetis;
992 2165 1201 2194 medietatem

192 2219 288 2249 castri
324 2219 410 2258 quod
443 2218 614 2248 Cumulum
641 2219 833 2257 appellatur,
862 2227 935 2247 cum
963 2218 1112 2247 omnibus
1140 2227 1202 2256 que

191 2273 232 2302 ad
257 2272 465 2302 medietatem
489 2272 593 2310 ipsam
616 2274 761 2310 spectare
786 2274 981 2305 noscuntur;
1014 2273 1137 2300 curtem
1163 2271 1202 2300 de

192 2326 315 2355 Bellare
340 2334 414 2354 cum
440 2324 642 2363 pertinentiis
668 2325 751 2358 suis;
779 2324 945 2353 ecclesiam
974 2324 1083 2353 Sancti
1109 2324 1202 2353 Anti-

193 2379 235 2408 mi
253 2387 326 2407 cum
342 2378 544 2416 pertinentiis
559 2378 643 2411 suis;
667 2386 818 2415 campum
836 2378 874 2406 de
892 2377 983 2407 Silice
999 2386 1035 2406 ae
1051 2385 1202 2415 campum

194 2432 232 2460 de
250 2431 366 2465 Scolta‚
384 2440 506 2460 necnon
523 2431 561 2460 de
585 2430 805 2468 Rivopalmeri
822 2432 854 2458 et
879 2431 917 2459 de
933 2430 1105 2468 Aquaviva
1119 2432 1151 2458 et
1165 2430 1203 2459 de

194 2484 347 2522 Callopul.
367 2483 502 2518 sund0s3
521 2492 637 2513 novem
658 2492 786 2512 mansos
813 2492 892 2521 quos
919 2482 1044 2511 habetis
1070 2483 1101 2511 in
1133 2483 1202 2512 loco

198 2537 253 2576 qui
293 2537 410 2566 dicitur
442 2537 618 2565 Fesulanus
653 2545 726 2565 cum
765 2535 968 2574 pertinentiis
1008 2535 1202 2569 eorundem;

194 2590 324 2620 tertiam
339 2592 465 2628 partem
480 2589 576 2618 castri
586 2590 672 2628 quod
682 2589 864 2627 appellatur
875 2588 1035 2618 Gualdum
1051 2597 1123 2617 cum
1139 2597 1206 2617 om-

195 2643 288 2672 nibus
305 2652 366 2681 que
382 2643 422 2672 ad
439 2645 565 2681 partem
580 2642 682 2680 ipsam
699 2642 857 2680 pertinere
874 2643 1068 2675 noscuntur;
1096 2641 1203 2671 Sancti

195 2696 327 2725 Martini
343 2696 437 2734 juxta
456 2704 553 2729 mare,
573 2695 682 2725 Sancti
699 2694 831 2724 Martini
849 2695 887 2723 de
906 2693 1075 2732 Casalippi.
1095 2694 1205 2723 Sancti

196 2749 379 2787 Apolinaris
422 2749 460 2778 de
495 2748 669 2786 Mungano,
706 2748 815 2777 Sancti
851 2747 1006 2785 Stephani
1041 2747 1080 2775 de
1115 2747 1203 2781 Poio,

198 2802 307 2831 Sancti
321 2801 340 2830 J
345 2802 409 2830 usti
423 2802 461 2830 de
475 2801 680 2839 Castagneto,
697 2801 806 2830 Sancti
820 2800 982 2829 Michaelis
997 2800 1035 2828 de
1049 2800 1204 2833 Montese,

200 2854 309 2883 Sancti
332 2854 552 2892 Christophori
575 2854 613 2883 de
635 2853 769 2887 Posello,
794 2854 911 2882 Sancte
932 2853 1090 2890 Perpetue
1112 2854 1145 2881 et
1167 2853 1205 2881 de

197 2906 388 2936 Valletetin.
425 2907 572 2936 ecclesias
612 2915 685 2936 cum
722 2906 870 2935 omnibus
918 2905 1120 2944 pertinentiis
1156 2914 1206 2934 ea-

197 2959 352 2994 rundem3
382 2960 530 2994 decimas,
557 2962 669 2993 terras,
697 2959 920 2997 possessiones,
943 2958 1087 2987 redditus
1111 2958 1206 2987 dena—

1294 368 1413 398 riorum
1433 372 1466 399 et
1477 369 1632 398 frumenti
1643 378 1705 408 que
1717 369 1843 399 habetis
1855 369 1886 399 in
1899 372 2004 400 castro
2017 371 2102 410 quod
2115 371 2301 401 nominatur

1294 421 1446 460 Vigna1e;
1476 423 1624 456 decimas,
1656 424 1756 452 terras
1780 425 1813 452 et
1836 423 2049 461 possessiones
2072 433 2152 462 quas
2175 424 2301 454 habetis

1294 474 1326 504 in
1350 478 1455 505 castro
1479 476 1565 514 quod
1590 476 1726 505 Sanctus
1750 475 1942 505 Laurentius
1965 476 2155 515 appellatur.

1338 527 1458 557 Crisma
1475 538 1561 562 vero,
1580 529 1684 558 oleum
1701 531 1861 563 sanctum,
1879 529 2133 559 consecrationes
2150 530 2301 560 altarium

1295 589 1350 610 seu
1390 581 1593 611 basilicarum
1631 591 1648 611 a
1688 582 1857 611 diocesano
1894 582 2074 620 suscipietis
2092 582 2241 621 episcopo
2261 583 2302 612 si-

1297 634 1426 673 quidem
1451 635 1627 664 catholicus
1651 634 1747 664 fuerit
1771 638 1804 664 et
1827 635 1964 674 gratiam
1988 638 2021 665 et
2045 636 2303 665 communionem

1297 687 1480 725 Apostolice
1510 688 1599 717 Sedis
1630 688 1788 722 habuerit,
1819 690 1852 717 et
1880 697 1917 718 ea
1946 688 2039 718 vobis
2068 688 2207 718 voluerit
2234 689 2302 718 sine

1297 741 1460 779 pravitate
1474 741 1581 779 aliqua
1595 741 1754 770 exhibere.
1771 741 1976 779 Sepulturam
1990 750 2118 780 quoque
2131 741 2231 780 ipsius
2243 741 2303 772 loci

1298 793 1430 823 liberam
1446 803 1515 823 esso
1531 794 1740 828 decernimus,
1757 797 1794 823 ut
1809 803 1918 823 eorum
1935 794 2100 824 devotioni
2114 797 2148 824 et
2162 797 2304 824 extreme

1299 846 1461 876 voluntati
1484 847 1538 886 qui
1560 856 1592 876 se
1614 847 1675 876 illic
1697 847 1821 886 sepeliri
1844 847 2102 881 deliberaverint,
2132 847 2192 877 nisi
2221 847 2304 877 forte

1298 900 1569 929 excommunicati
1596 900 1646 929 vel
1675 900 1837 929 interdicti
1865 900 1940 934 sint,
1968 902 2026 929 aut
2053 900 2152 930 etiam
2180 900 2306 939 publice

1301 953 1445 986 usurarii,
1471 953 1575 982 nullus
1599 953 1747 987 obsistat,
1772 953 1861 982 salva
1894 955 2003 983 tamen
2026 953 2154 991 justitia
2177 953 2305 983 illarum

1300 1005 1504 1035 ecclesiarum
1526 1014 1544 1035 a
1568 1006 1684 1044 quibus
1707 1009 1908 1036 mortuorum
1931 1015 2063 1044 corpora
2087 1007 2306 1036 assumuntur.

1302 1058 1370 1094 Que
1408 1058 1515 1088 omnia
1554 1058 1657 1088 eidem
1696 1059 1890 1088 monasterio
1930 1059 2039 1088 Sancti
2075 1058 2306 1092 Bartholomei,

1301 1113 1477 1150 antequam
1501 1111 1688 1140 monialium
1712 1111 1906 1141 inclusarum
1931 1112 2040 1141 Sancti
2064 1111 2215 1141 Damiani
2238 1111 2308 1141 Asi-

1301 1164 1398 1194 sinati
1426 1164 1576 1194 instituta
1604 1165 1789 1203 susciperet,
1818 1165 2034 1203 competebat.

1343 1231 1454 1261 Liceat
1476 1240 1604 1270 quoque
1626 1230 1718 1260 vobis
1741 1239 1892 1269 personas
1914 1231 2028 1260 liberas
2050 1233 2084 1260 et
2105 1231 2270 1261 absolutas
2292 1240 2309 1260 e

1301 1285 1407 1315 seculo
1422 1284 1580 1323 fugientes
1595 1284 1636 1313 ad
1652 1284 1892 1314 conversionem
1908 1284 2056 1322 recipere,
2072 1286 2105 1313 et
2119 1292 2172 1314 eas
2186 1284 2310 1322 absque

1301 1337 1556 1368 contradictione
1581 1337 1688 1376 aliqua
1713 1337 1858 1366 retinere.
1885 1337 2096 1366 Prohibemus
2119 1337 2249 1375 insuper
2272 1338 2310 1366 ut

1301 1391 1379 1421 nulli
1405 1400 1548 1420 sororum
1575 1393 1766 1424 vestrarum,
1793 1392 1868 1428 post
1901 1389 2023 1420 factam
2048 1389 2081 1419 in
2115 1389 2311 1420 monasterio

1301 1447 1409 1474 vestro
1435 1443 1674 1482 professionem,
1699 1443 1741 1472 sit
1765 1443 1814 1472 fas
1839 1443 1877 1472 de
1902 1443 2020 1472 eodum
2044 1442 2114 1472 loco
2139 1443 2310 1476 discedere.

1302 1498 1520 1528 discedentem
1539 1506 1614 1526 vero
1634 1497 1739 1526 nullus
1757 1497 1877 1526 audeat
1896 1496 2041 1526 retinere.
2062 1496 2124 1526 Pro
2148 1504 2312 1526 consecra—

1302 1550 1445 1581 tionibus
1464 1559 1540 1580 vero
1560 1550 1711 1579 altarium
1731 1550 1781 1578 vel
1801 1549 1929 1578 ecclesie
1945 1552 2061 1584 vestre,
2081 1549 2149 1578 sive
2168 1558 2226 1587 pro
2241 1549 2311 1579 oleo

1302 1606 1415 1634 sancto
1448 1603 1500 1632 vel
1534 1603 1678 1642 quolibet
1711 1602 1925 1632 ecclesiastico
1958 1604 2171 1636 sacramento,
2205 1601 2311 1632 nullus

1303 1667 1321 1687 a
1340 1657 1433 1687 vobis
1452 1657 1511 1686 sub
1531 1656 1668 1685 obtentu
1694 1655 1946 1690 consuetudinis,
1966 1655 2017 1684 vel
2036 1655 2099 1685 alio
2112 1655 2208 1685 modo
2224 1655 2312 1694 quic-

1304 1719 1402 1750 quam
1417 1710 1537 1739 audeat
1551 1711 1752 1748 extorquere,
1767 1709 1822 1738 sed
1837 1709 1895 1738 hec
1909 1708 2016 1738 omnia
2031 1708 2130 1747 gratis
2144 1708 2312 1747 episcopus

1304 1764 1492 1793 diocesanus
1522 1762 1615 1791 vobis
1644 1761 1823 1800 impendat,
1854 1761 1997 1800 alioquin
2026 1761 2122 1791 liceat
2151 1761 2197 1799 (l)
2219 1760 2312 1791 vobis

1304 1817 1362 1846 hec
1389 1818 1498 1846 nostra
1538 1815 1733 1845 auctoritate
1761 1815 1899 1853 recipere
1927 1823 1945 1843 a
1974 1823 2167 1853 quocunque
2193 1814 2314 1844 malue—

1304 1869 1374 1899 ritis
1411 1868 1568 1899 catholico
1605 1867 1762 1901 antistite,
1799 1867 1937 1906 gratiam
1973 1870 2006 1896 et
2042 1866 2312 1897 communionem.

1306 1922 1395 1953 Sedis
1422 1922 1607 1961 Apostolice
1634 1921 1811 1950 obtinente.
1854 1920 1947 1957 Quod
1974 1920 2000 1949 si
2035 1920 2125 1950 sedes
2153 1919 2314 1950 diocesani

1305 1976 1445 2015 episcopi
1477 1975 1560 2005 forte
1591 1974 1758 2004 vacaverit
1788 1973 1928 2007 interim,
1961 1973 2068 2002 omnia
2100 1973 2314 2003 ecclesiastica

1305 2031 1508 2059 sacramenta
1526 2037 1544 2057 a
1562 2027 1674 2056 vicinis
1692 2026 1848 2065 episcopis
1865 2026 2008 2064 accipere
2025 2026 2122 2056 libere
2139 2018 2175 2056 et
2189 2026 2314 2064 absque

1306 2081 1561 2112 contradictione
1584 2080 1724 2119 possitis,
1748 2080 1792 2109 sic
1815 2082 1925 2108 tamen
1949 2081 1986 2108 ut
2009 2088 2049 2108 ex
2070 2079 2131 2108 hoc
2153 2079 2186 2108 in
2208 2081 2315 2118 poste-

1306 2145 1378 2165 rum
1400 2135 1530 2174 proprio
1553 2134 1702 2172 episcopo
1716 2133 1838 2162 nullum
1851 2132 2066 2171 prejudicium
2078 2131 2314 2170 generetur(2).

1307 2189 1415 2228 (Quod
1441 2188 1466 2217 si
1494 2187 1588 2217 Sedes
1615 2186 1775 2216 diocesani
1801 2185 1942 2224 episcopi
1967 2184 2051 2214 forte
2076 2184 2243 2214 vacaverit
2267 2184 2315 2214 in-

1306 2242 1412 2275 terim,
1456 2240 1562 2270 omnia
1605 2238 1818 2269 ecclesiastica
1860 2240 1920 2268 etc.
1965 2247 2084 2276 usque:
2119 2237 2313 2277 generetur).

1309 2295 1390 2332 Quia
1423 2303 1499 2323 vero
1531 2293 1693 2322 interdum
1728 2291 1887 2321 diocesani
1920 2291 2060 2330 episcopi
2093 2291 2218 2329 copiam
2251 2298 2315 2320 non

1308 2347 1444 2382 habetis,
1466 2347 1492 2375 si
1514 2355 1610 2385 quem
1631 2346 1816 2384 episcopum
1838 2344 1984 2373 Romane
2002 2344 2101 2378 Sedis,
2119 2346 2155 2373 ut
2176 2343 2316 2373 diximus

1309 2404 1369 2431 etc.
1401 2409 1518 2439 usque:
1549 2398 1695 2428 valeatis.

1351 2470 1431 2499 Cum
1458 2470 1567 2498 autem
1593 2467 1737 2506 generale
1764 2466 1972 2495 interdictum
1999 2468 2081 2494 terre
2107 2467 2167 2494 etc.
2195 2473 2314 2504 usque:

1309 2522 1492 2552 interdicto.
1524 2520 1672 2550 Obeunte
1695 2528 1771 2548 vero
1793 2521 1836 2553 te,
1861 2527 1945 2548 nunc
1968 2518 2112 2556 ejusdem
2134 2518 2194 2547 loci
2216 2517 2316 2547 abba-

1309 2576 1388 2605 tissa
1411 2577 1472 2604 etc.
1490 2582 1608 2612 usque:
1644 2572 1834 2611 eligendam.
1859 2572 1957 2601 Porro
1986 2571 2012 2600 si
2031 2571 2171 2609 episcopi
2191 2570 2242 2600 vel
2261 2570 2316 2600 alii

1310 2628 1514 2658 ecclesiarum
1567 2628 1704 2656 rectores
1742 2625 1774 2654 in
1815 2624 2047 2654 monasterium
2079 2626 2225 2653 vestrum
2264 2623 2316 2652 vel

1345 2755 1368 2778 1.
1389 2754 1456 2783 Reg.
1477 2761 1482 2777 :
1508 2753 1593 2776 [ecem.

1343 2809 1369 2833 2.
1389 2809 1425 2833 Le
1444 2810 1503 2832 mot
1521 2814 1552 2831 ua
1570 2821 1579 2825 -
1597 2809 1638 2831 cat
1655 2807 1721 2831 ecrit
1740 2807 1882 2832 au-dessus
1899 2807 1932 2832 de
1950 2807 2023 2830 cette
2040 2804 2149 2834 phrase,
2165 2805 2199 2830 de
2215 2803 2284 2835 qnod
2299 2801 2317 2826 ἁ

1309 2852 1443 2882 generetur
1460 2851 1572 2879 indique
1590 2851 1658 2874 dans
1677 2850 1701 2873 le
1719 2850 1831 2878 registro
1849 2853 1902 2872 une
1920 2853 2011 2872 erreur
2029 2848 2065 2872 du
2084 2848 2188 2876 copiste
2205 2847 2262 2875 qui,
2280 2851 2319 2879 oq

1307 2895 1331 2918 le
1345 2894 1413 2922 voit,
1427 2900 1443 2917 a
1456 2893 1586 2917 transcrit
1598 2897 1652 2916 une
1665 2892 1781 2916 seconde
1793 2891 1844 2915 fois
1857 2891 1929 2914 cette
1943 2888 2032 2914 meme
2043 2889 2142 2918 phrase
2154 2893 2217 2914 sous
2229 2888 2318 2912 tome

1307 2934 1432 2965 εἴη-ἐξὲξ.
