2477 3512
306 276 371 308 530
995 272 1228 303 memls'l'ltlis
1254 271 1559 302 D’ALEXANDRE
1587 272 1630 302 [v

308 344 488 385 hujusmodi
514 344 657 373 fautores
683 342 733 373 vel
754 341 927 383 participes
949 341 1109 372 ullatenus
1134 350 1196 371 non
1214 340 1304 371 exis·
1329 339 1332 377 Ι
1357 339 1462 377 tratiS,
1484 339 1617 371 liberam
1644 339 1745 378 vobis,
1765 340 1964 372 auctoritate
1984 342 2195 383 presentium,
2220 351 2342 373 conce—

1355 396 1458 427 dimus
1488 396 1690 435 facultatem,
1720 397 1848 438 proviso
1884 407 1924 428 ne
1957 397 2137 439 prebendas
2164 399 2251 440 ipsas
2286 400 2341 429 aut

1329 473 1330 479 Ι
1355 452 1502 483 redditus
1523 454 1555 484 et
1566 459 1742 494 proventus
1759 452 1886 484 illarum
1903 453 1934 484 in
1953 453 2034 484 alios
2052 465 2128 486 usus
2149 457 2341 486 convertere

314 404 398 435 tunt,
420 398 638 440 propterquod
655 398 803 440 predicte
826 397 967 430 ecclesie
981 397 1098 428 debitis
1112 396 1305 427 fraudantur

307 455 474 495 obsequiis
513 460 546 486 et
592 455 622 485 iu
661 455 708 486 eis
763 466 841 486 cura
881 454 1060 495 negligitur
1106 453 1301 501 animarum,

308 522 405 553 super
424 522 484 551 quo
506 511 636 541 salubre
657 510 805 542 adhiberi
825 510 1001 542 remedium
1017 520 1074 550 per
1086 508 1177 540 Sedis
1197 509 1303 550 ipsius
1355 510 1560 551 presumatis.
1573 510 1661 547 Quod
1677 511 1701 540 si
1712 510 1989 551 presumpseritis,
2005 510 2149 542 volumus
2159 510 2340 552 hujusmodi

305 567 546 609 providentiam
567 567 760 608 suppliciter
781 567 964 608 postulasti.
986 566 1050 597 Nos
1070 566 1115 605 igi
1135 569 1187 596 tur
1215 569 1306 597 atten
1355 566 1473 597 saetam
1492 566 1581 597 vobis
1603 567 1741 608 gratiam
1762 567 1906 598 existere
1928 577 2062 598 vacuam
2093 570 2126 598 et
2145 567 2272 598 inanem
2305 570 2338 598 et

305 624 431 662 dentes,
455 624 537 664 quod
552 634 633 664 pena
650 626 763 655 tenere
784 634 842 655 uon
860 623 958 654 debet
975 633 1054 663 quos
1075 634 1093 653 a
1108 622 1201 663 culpa
1222 621 1303 653 red-

305 680 352 711 dit
376 680 561 711 innocentia
579 682 770 714 excusatos,
799 679 880 720 quod
902 679 1039 720 predicti
1056 678 1185 720 judices
1212 678 1303 709 delv-

305 737 374 777 gati
411 736 461 767 vel
483 735 689 777 subdelegati
725 742 777 767 aut
810 736 976 773 ordinarii,
1007 746 1063 777 pro
1087 735 1210 766 delicto
1252 738 1303 769 vel

307 793 510 824 contumacia
542 792 723 833 hujusmodi
761 793 959 833 privatarum
981 802 1204 833 personarum,
1230 800 1304 831 pre-

311 850 397 880 fatas
434 848 594 880 ecclesias
623 859 678 879 scu
707 849 910 889 parrochiam
945 848 1172 879 ecclesiastico
1199 848 1301 878 inter-

306 904 392 936 dicto
411 915 593 946 supponere
610 911 782 945 nequeant,
801 905 850 935 vel
873 904 1027 936 mandare
1047 905 1079 935 in
1093 905 1139 935 eis
1152 914 1169 934 a
1183 903 1303 934 divinis

306 962 436 1003 penitus
456 961 633 996 abstinere,
658 961 717 991 nisi
738 961 874 992 forsitan
896 972 937 992 ex
965 960 1108 992 mandati
1129 960 1303 1002 apostolici
1328 951 1329 956 Ι

307 1018 362 1049 vel
383 1018 540 1049 dictorum
572 1017 753 1058 legatorum
789 1018 891 1048 forma
912 1018 1099 1058 specialiter
1115 1017 1174 1048 lioc
1196 1017 1297 1047 habe·
1328 1012 1329 1022 Ι

304 1076 390 1111 rent,
414 1075 476 1105 tuis
498 1073 647 1115 precibus
668 1074 824 1112 inclinati,
849 1074 1045 1105 auctoritate
1067 1073 1123 1104 tibi
1163 1083 1295 1115 presen—

304 1131 383 1161 tium
398 1130 614 1171 indulgemus.
636 1130 719 1161 Nulli
740 1134 803 1161 etc.
833 1132 942 1161 nostre
975 1130 1200 1160 concessionis
1230 1133 1297 1172 etc⁴

303 1188 417 1219 Datum
440 1188 604 1225 Laterani,
628 1188 705 1219 XIII
720 1187 873 1218 kalendas
897 1188 1016 1222 martii,
1038 1197 1123 1218 auno
1138 1187 1252 1218 tertiam
1282 1200 1297 1214 »

378 1333 477 1360 ¹722
838 1332 952 1360 Latran,
971 1332 1004 1357 20
1020 1332 1126 1357 le'vrier
1146 1333 1222 1357 12:37.

336 1424 407 1450 Cum
429 1423 489 1449 sint
507 1422 535 1449 lu
559 1422 683 1449 ecclesia
697 1423 722 1448 S.
742 1423 844 1448 Auiani
862 1422 1086 1449 Aurelianensis
1103 1424 1296 1458 quotidianae

302 1471 525 1497 distributiones
536 1473 656 1504 propter
666 1478 823 1496 numerum
841 1470 1075 1503 praebendarum
1086 1471 1158 1497 adeo
1173 1474 1199 1497 te
1211 1479 1296 1503 nues,
1322 1460 1323 1469 Ι

301 1519 378 1553 quod
393 1518 485 1552 ipsius
501 1517 643 1544 ecclesiae
664 1518 798 1544 canonici
816 1518 845 1544 in
863 1526 895 1544 ca
912 1526 970 1544 nou
987 1519 1099 1552 possint
1116 1527 1170 1545 nec
1186 1522 1297 1545 curent.
1322 1528 1323 1536 Ι

300 1565 496 1600 personaliter
516 1566 657 1597 residere,
685 1566 795 1592 decano
821 1569 847 1591 ct
874 1566 1002 1600 capitulo
1030 1567 1124 1592 dictae
1153 1566 1296 1593 ecclesiae

301 1612 485 1648 indulget,ut
516 1615 676 1647 proventus
709 1616 834 1647 quatuor
867 1614 1103 1647 praebendarum
1139 1615 1173 1641 ad
1201 1615 1294 1641 dictas

299 1660 523 1687 distributiones
552 1661 705 1695 deputent.
734 1661 812 1695 [nau.
849 1663 892 1693 ⁴2:¹3,
919 1670 945 1687 a.
971 1662 1016 1693 ΙΙΙ,
1043 1670 1067 1688 c.
1087 1663 1157 1689 135⁴.
1188 1662 1205 1688 l'.
1236 1665 1288 1694 Ἰ17;

299 1708 445 1734 ΡοτίἨΛετ
466 1709 576 1741 16743.)

345 1809 358 1823 κ
390 1821 410 1826 ..
426 1795 553 1827 decano
575 1802 605 1827 e!
621 1795 773 1838 capitulo
791 1795 925 1828 ecclesie
946 1797 1202 1829 SanctiAniani
1216 1799 1289 1830 Aa·

299 1851 500 1884 relianensz's
537 1852 584 1884 ad
619 1854 803 1885 Romanam
839 1853 1022 1886 Ecclesiam
1056 1853 1148 1886 vallo
1181 1854 1292 1886 medio

296 1907 513 1951 pertinentis,
530 1909 579 1940 Ex
601 1912 696 1951 parte
716 1913 828 1941 vestra
858 1911 919 1941 fuit
952 1911 1149 1952 propositum
1180 1922 1289 1942 coram
1317 1938 1318 1941 ,

298 1965 401 2004 nobis,
418 1965 501 2006 quod
513 1965 676 1997 cotidiane
699 1966 942 1998 distributiones
958 1967 1099 1998 ecclesie
1115 1968 1238 2007 vestre,
1258 1969 1289 1999 in
1315 1981 1317 1991 Ι

299 2031 359 2062 qua
380 2023 616 2062 sexagenarius
636 2024 669 2054 et
708 2023 811 2064 major
839 2024 937 2054 etiam
976 2023 1117 2055 habetur
1136 2035 1289 2056 numerus
1313 2032 1316 2071 Ι

299 2077 548 2118 prebendarum,
568 2079 648 2109 adeo
667 2082 741 2110 sunt
764 2084 877 2110 tenues
902 2082 934 2111 et
954 2080 1070 2118 exiles,
1091 2080 1173 2121 quod
1189 2081 1288 2122 ipsius
1313 2076 1316 2093 Ι

299 2134 438 2165 ecclesie
452 2135 601 2165 canonici
622 2138 754 2176 propter
773 2136 834 2167 hoc
866 2136 897 2166 in
923 2146 961 2167 ca
980 2147 1042 2167 non
1071 2139 1207 2178 possunt
1229 2147 1287 2168 nec
1312 2162 1313 2165 ,

299 2193 413 2221 curant
446 2191 666 2232 personaliter
702 2192 859 2229 residere,
894 2195 1026 2234 propter
1067 2193 1149 2234 quod
1200 2194 1314 2229 dicta]

299 2247 440 2278 ecclesia
477 2247 595 2278 debitis
635 2248 794 2289 obsequiis
827 2248 1050 2280 defraudatur.
1071 2250 1164 2282 Unde
1197 2250 1286 2282 nobis
1312 2234 1314 2291 Ι

298 2302 462 2334 humiliter
482 2303 731 2346 supplicastsssj,
756 2307 788 2335 ut
806 2305 976 2346 providere
994 2306 1025 2336 in
1047 2306 1105 2337 hac
1122 2308 1214 2348 parte
1227 2307 1287 2348 ipsi
1312 2295 1313 2337 Ι

297 2359 437 2390 ecclesie
468 2359 646 2400 apostolica
664 2360 832 2401 diligentia
852 2371 1050 2393 curaremus
1076 2363 1140 2394 Nos
1164 2364 1284 2404 itaque,

298 2416 417 2446 vestris
454 2415 741 2457 supplicationibus
771 2417 928 2455 inclinati,
957 2418 1131 2460 deputandi
1151 2422 1287 2460 quatuor

298 2471 480 2512 prebendas
516 2471 556 2502 de
594 2472 778 2513 hujusmodi
811 2473 1012 2505 multitudine
1050 2475 1286 2516 prebendarum

299 2528 445 2569 ejusdem
474 2528 627 2564 ecclesie,
650 2538 729 2568 quas
750 2530 852 2569 primo
875 2540 991 2561 vacare
1019 2532 1209 2573 contigerit,
1233 2543 1287 2564 ea-

298 2594 432 2624 rumque
448 2584 594 2615 redditus
619 2587 653 2615 et
671 2587 849 2626 proventus
862 2586 903 2617 ad
923 2587 1086 2628 predictas
1107 2589 1286 2622 cotidianas
1312 2598 1313 2602 ¹

297 2639 555 2678 distributiones,
570 2651 632 2671 non
643 2641 847 2672 obstantibus
855 2643 881 2673 si
896 2642 993 2683 aliqui
1006 2644 1037 2674 iu
1055 2645 1124 2685 ipsa
1143 2646 1286 2677 ecclesia

1311 2455 1313 2486 Ι

297 2696 326 2726 in
348 2697 520 2727 canonicos
538 2699 612 2727 sunt
631 2698 766 2738 recepti,
786 2698 881 2730 velut
901 2700 1100 2741 recipiantur
1119 2702 1283 2741 insistant,

297 2752 410 2792 quibus
446 2753 549 2792 quoad
586 2754 844 2800 assecutionem¹
873 2755 1007 2787 aliarum
1046 2758 1284 2798 prebendarum

298 2809 444 2839 nolumus
464 2808 673 2850 prejudicium
702 2812 867 2850 generari,
897 2814 930 2843 et
959 2813 1153 2853 quibuslibet
1188 2826 1285 2856 apos-

296 2864 400 2895 tolicis
419 2865 539 2895 litteris
560 2875 658 2905 super
687 2867 899 2905 quorumlibet
921 2870 1156 2909 provisionibus
1184 2872 1284 2913 impe-
1310 2856 1311 2909 Ι

1310 2935 1311 2947 Ι

327 2957 348 2979 1.
364 2957 407 2979 Ms.
423 2964 427 2978 :
444 2956 651 2980 essecutioneni.
1309 2950 1312 2995 Ι

1356 624 1528 663 presentes
1563 622 1691 654 litteras
1724 623 1841 654 nullam
1884 622 2003 654 habere
2043 623 2170 664 penitus
2207 622 2341 654 firmita-

1355 680 1433 717 tem,
1458 680 1642 710 statuentes
1663 678 1901 718 nichilominus,
1925 682 1959 710 ut
1981 679 2095 710 eedem
2116 678 2281 720 prebende
2301 678 2340 711 ad

1356 737 1476 766 statum
1484 735 1654 776 pristinum
1675 738 1897 773 revertantur,
1912 735 2076 766 canonicis
2090 735 2188 776 ipsius
2198 734 2339 766 ecclesie

1355 801 1444 822 more
1468 791 1563 823 solito
1600 791 1811 823 conferendo.
1840 791 1955 822 Datum
1984 791 2146 830 Laterani,
2167 791 2196 822 X
2225 791 2336 823 kalen-

1355 848 1412 879 das
1434 849 1552 883 martii,
1568 859 1651 879 anno
1671 849 1780 879 tertio.
1799 863 1812 875 »ι

1426 1004 1525 1031 1723
1901 1003 2013 1035 Latran,
2032 1005 2064 1029 20
2079 1002 2185 1028 sevrier
2204 1002 2279 1028 1257.

1388 1092 1537 1126 Capicerio
1550 1092 1690 1118 ecclesiae
1703 1094 1729 1117 S.
1742 1091 1811 1117 Aviti
1824 1090 2045 1117 Aurelianensis
2057 1089 2340 1124 mandat,quatenus

1351 1139 1548 1174 supradictam
1574 1139 1712 1175 indulgen
1732 1139 1800 1165 tiam
1832 1138 1867 1164 ad
1888 1138 2025 1164 eflectum
2055 1137 2160 1164 adduci
2187 1138 2339 1170 procuret.

1351 1188 1430 1222 (Res.
1444 1189 1486 1217 25,
1503 1195 1529 1213 a.
1548 1187 1595 1219 ΙΙΙ,
1613 1195 1636 1213 c.
1656 1186 1729 1219 1:35²,
1748 1186 1766 1212 s.
1786 1186 1851 1212 ΠΨ

1397 1288 1411 1302 α
1438 1298 1458 1304 ..
1483 1271 1648 1315 capicerio
1669 1271 1804 1303 ecclesie
1824 1273 1858 1303 5.
1882 1270 1974 1303 Aviti
2000 1269 2264 1303 Aurelianensis.
2289 1270 2338 1301 Ex

1349 1333 1441 1372 parte
1460 1329 1571 1361 dilecti
1592 1329 1648 1360 filii
1663 1347 1716 1360 —.
1742 1329 1857 1359 Datum
1879 1330 1911 1359 ut
1934 1338 2042 1369 supra.
2060 1342 2073 1355 »

1422 1469 1437 1494 1
1448 1469 1518 1496 ⁷21
1889 1467 2004 1495 Lati-an.
2021 1467 2054 1492 25
2071 1465 2176 1491 sevrier
2194 1466 2269 1491 1257.

1385 1559 1519 1594 Magistro
1528 1559 1682 1586 Guillelmo
1694 1559 1728 1585 de
1739 1559 1829 1592 Brayo
1842 1556 1984 1592 indulget,
1993 1559 2024 1583 ut
2035 1558 2150 1590 praeter
2160 1555 2337 1582 decanatum

1351 1607 1585 1638 Laudunensem,
1602 1614 1690 1640 quem
1705 1606 1827 1636 obtinet,
1844 1605 1966 1631 unicum
1975 1604 2055 1630 aliud
2069 1603 2247 1630 beneficium
2259 1603 2340 1629 reci-

1349 1663 1416 1688 pere
1432 1654 1535 1681 valeat.
1562 1655 1641 1689 (aaa.
1660 1656 1702 1686 25,
1719 1662 1743 1680 a.
1763 1654 1808 1685 Ill,
1825 1661 1850 1679 c.
1873 1654 1932 1683 136,
1948 1652 1967 1678 f.
1986 1653 2054 1685 ΠΨ.)

1393 1760 1407 1775 «
1435 1745 1600 1789 Maqiscro
1631 1745 1812 1777 Guillelmo
1833 1743 1872 1776 (le
1893 1745 2017 1785 Brayo,
2043 1743 2170 1776 decano
2197 1740 2334 1775 Laadu-

1344 1802 1451 1835 nensi.
1471 1804 1563 1834 Licet
1579 1813 1618 1834 ne
1632 1803 1702 1843 quis
1719 1802 1826 1843 plures
1842 1801 2003 1833 ecclesias
2014 1819 2067 1831 —.
2082 1801 2154 1831 Dat.
2169 1800 2336 1837 Laterani,

1346 1861 1375 1891 V
1396 1860 1461 1891 kal.
1485 1860 1605 1897 martii,
1624 1869 1706 1889 anno
1728 1859 1839 1889 tertio.
1866 1871 1880 1885 »

1414 1992 1514 2020 ‘1725
1854 1990 1976 2025 Anagni,
1995 1992 2025 2016 ¹3
2041 1989 2158 2016 octobre
2182 1990 2256 2016 1256.

1375 2085 1496 2111 Litteras
1511 2084 1676 2115 confirmat,
1693 2083 1799 2117 quibus
1821 2081 1967 2108 Paschalis
1979 2080 2127 2115 quondam
2144 2087 2218 2114 papa
2233 2078 2330 2106 abbati

1338 2132 1509 2159 monasterii
1529 2133 1618 2158 Casae
1640 2131 1688 2157 Dei
1718 2129 1862 2156 nonnulla
1881 2129 1949 2163 jura
1968 2131 2164 2155 concesserat.
2189 2128 2267 2161 (Rae.
2284 2128 2330 2159 25,

1337 2188 1353 2206 a
1372 2180 1419 2211 ΙΙΙ,
1437 2188 1461 2206 c.
1480 2181 1538 2211 137,
1551 2179 1570 2205 f.
1585 2181 1637 2209 17¹,
1653 2179 1820 2209 Baua-oum,
1831 2179 1900 2203 Acta
1910 2176 2014 2210 pontis.
2029 2176 2173 2207 ltclretica,
2190 2178 2208 2201 t.
2222 2175 2243 2207 Ι,
2254 2174 2328 2208 657.)

1384 2286 1398 2301 «
1417 2297 1436 2302 ..
1458 2270 1570 2304 abbati
1589 2276 1619 2301 et
1636 2265 2018 2301 convenlnimonasterii
2037 2262 2325 2307 CaseDe[i],ordi-

1312 2341 1313 2375 Ι
1336 2339 1389 2360 ms
1407 2327 1526 2360 Sancti
1536 2325 1720 2363 Benedicti,
1746 2322 2028 2358 Glaromontenm·
2044 2320 2197 2353 diocesis.
2219 2321 2321 2352 Devo—

1338 2386 1433 2417 tionis
1468 2387 1578 2416 vestre
1603 2384 1753 2426 precibus
1772 2382 1927 2417 inclinati,
1959 2384 2106 2412 tenorem
2143 2378 2320 2420 privilegii,

1336 2442 1419 2484 quod
1445 2442 1551 2473 felicis
1577 2439 1810 2473 recordationis
1835 2437 2005 2469 paschalis
2035 2446 2118 2478 papa
2145 2434 2323 2477 predeces-

1338 2510 1392 2530 sor
1401 2502 1512 2530 noster
1533 2497 1728 2529 monasterio
1737 2497 1847 2527 vestro
1862 2494 2065 2526 concessisse
2085 2491 2272 2528 dinoscitur,
2283 2490 2325 2522 de

1311 2568 1312 2571 ¹
1337 2556 1436 2587 verbo
1466 2555 1505 2587 ad
1544 2555 1676 2587 verbum
1697 2551 1902 2595 presentibus
1930 2551 2064 2582 fecimus
2085 2547 2245 2584 annotari,
2268 2546 2321 2588 qui

1338 2613 1412 2644 talis
1431 2615 1482 2644 est
1505 2621 1510 2642 :

1383 2684 1396 2697 α
1425 2668 1594 2700 Paschalis
1611 2667 1794 2708 episcopus,
1811 2675 1925 2696 servus
1937 2672 2105 2695 servorum
2119 2661 2186 2699 Dei,
2202 2659 2323 2691 dilecto

1338 2740 1352 2754 «
1380 2725 1444 2756 filio
1455 2725 1628 2766 Ayrnerico
1643 2723 1750 2754 abbati
1765 2721 1847 2753 Case
1857 2721 1913 2752 Dei
1931 2721 2063 2762 ejusque
2078 2715 2322 2749 successoribus
2339 2728 2342 2730 v

1338 2796 1352 2810 u
1379 2781 1575 2823 regulariter
1595 2778 1829 2811 substituendis
1842 2778 1872 2808 in
1888 2778 2090 2819 perpetuum.
2108 2773 2161 2804 Ait
2179 2772 2325 2814 gentium

1337 2852 1343 2867 ‹
1378 2837 1666 2878 doctorapostolus
1687 2836 1805 2866 Paulus
1820 2845 1826 2866 ;
1843 2833 1987 2865 «Christi
2000 2832 2101 2863 bonus
2115 2828 2196 2860 odor
2213 2838 2323 2860 sumus

1309 2914 1311 2925 ι
1337 2909 1351 2923 «
1380 2895 1445 2926 Deo
1478 2894 1508 2925 in
1530 2894 1605 2932 hiis,
1622 2903 1683 2934 que
1715 2895 1849 2934 percunt
1873 2893 1905 2921 et
1932 2889 2006 2926 hiis,
2024 2887 2074 2929 qui
2098 2885 2178 2917 salvi
2201 2887 2287 2916 sunt.
2310 2897 2326 2912 »

1338 2966 1351 2980 α
1380 2952 1471 2983 Hunc
1491 2950 1622 2982 odorem
1644 2949 1764 2982 Christi
1785 2948 1824 2979 de
1851 2948 1963 2978 vestro
1987 2942 2121 2976 cenobio
2142 2942 2324 2974 sentientes
