2477 3512
959 259 1232 305 CINQUIEME
1259 259 1426 297 ANNEE
2208 270 2245 300 31

132 385 240 417 quam
268 375 302 406 in
330 374 586 416 temporalibus
613 372 828 404 auctoritate
861 381 921 402 sue
949 371 1137 411 legationis·

131 428 309 460 commisit
329 427 443 460 eidem
465 426 589 459 abbati
606 425 772 457 Fuldensi
790 435 900 466 usque
923 425 968 456 ad
985 424 1139 465 Aposto-

131 480 194 512 lice
219 481 317 513 Sedis
339 479 604 522 beneplacitum
627 477 835 509 voluntatis.
860 477 1018 518 Cumque
1042 479 1139 518 post-

133 534 290 572 modum,
329 532 534 575 supradicto
572 531 626 563 W.
666 530 845 572 prefatum
883 519 1137 562 monasterium

134 586 380 619 Hersfeldense
400 586 515 618 denuo
533 594 594 626 per
610 583 803 615 secularem
821 583 1020 625 potentiam
1038 592 1139 614 occu-

132 642 251 681 pante,
281 649 366 671 nos..
395 638 438 670 de
466 637 626 670 Sluthere
652 638 712 667 et..
751 636 793 667 de
821 637 1003 678 Arnspurg
1030 636 1138 667 abba-

129 692 236 729 tibus,
279 691 484 733 Maguntine
534 693 570 722 et
620 689 883 730 Herbipolensis
933 688 1134 725 diocesium,

135 745 353 777 dedissemus
389 744 454 776 sub
491 746 585 774 certa
624 743 735 774 forma
778 742 906 773 nostris
940 741 1067 773 litteris
1102 742 1135 772 in

130 798 310 830 mandatis
339 800 388 834 ut,
419 797 446 828 si
475 799 567 828 esset
595 796 656 832 ita,
689 797 824 827 dictum
855 795 907 826 W.
938 795 982 826 ab
1013 795 1133 826 eodem

132 850 370 882 Hersfeldensi
416 849 630 881 monasterio
676 851 894 884 amoverent,
940 848 1136 879 contradio

132 906 226 935 tores
253 913 314 945 per
339 912 523 934 censuram
551 905 618 933 etc.
647 902 739 933 idem
767 901 878 932 abbas
906 901 947 932 (le
976 900 1133 931 §luthere

128 960 191 988 et..
232 957 385 988 decanus
424 955 565 987 ecclesie
607 954 733 986 Sancte
774 954 881 985 Marie
920 954 955 984 in
996 954 1136 994 Campis

130 1009 348 1050 Maguntine,
381 1008 435 1040 cui
467 1008 583 1039 dictus
614 1007 725 1039 abbas
757 1007 798 1038 de
830 1008 1012 1048 Arnspurg
1043 1017 1135 1038 coin--

129 1062 274 1093 miserat
301 1062 336 1092 in
365 1061 440 1097 hoc,
471 1064 576 1102 prout
604 1070 647 1092 ex
676 1060 847 1091 beneficio
876 1059 1051 1105 dictarum
1080 1059 1135 1091 lit-

130 1118 286 1147 terarum
314 1117 514 1146 nostrarum
543 1113 710 1149 habebat,
739 1113 898 1144 totaliter
924 1113 1016 1143 vices
1042 1122 1133 1148 suas,

130 1167 212 1209 quia
241 1167 290 1199 eis
318 1168 360 1199 de
390 1166 568 1208 premissis
596 1166 749 1207 legitime
779 1165 950 1202 constitit,
981 1165 1135 1207 sepedic-

129 1224 206 1253 tum
244 1220 297 1252 W.
334 1220 438 1261 juxta
477 1223 635 1251 tenorem
672 1219 871 1250 litterarum
910 1218 1076 1260 ipsarum,
1116 1229 1132 1250 :i

129 1274 313 1306 nominato
357 1273 572 1304 monasterio
618 1272 856 1304 Hersfeldensi
901 1281 962 1313 per
1005 1272 1135 1302 diffini-

127 1327 241 1359 tivam
268 1326 483 1358 sententiam
511 1327 735 1357 amoverunt.
765 1325 851 1356 Cum
879 1327 999 1356 autem
1027 1324 1134 1365 ipsius

129 1379 316 1412 cardinalis
357 1379 640 1423 commissionem
681 1380 717 1410 et
758 1377 973 1409 sententiam
1014 1377 1134 1418 hujus-

128 1432 224 1465 modi
267 1432 482 1464 auctoritate
524 1431 719 1473 apostolica
762 1430 967 1462 duxerimus
1008 1430 1134 1461 confir—

129 1486 289 1522 mandas,
322 1485 535 1517 mandamus
567 1483 747 1525 quatinus,
781 1483 808 1515 si
841 1486 895 1515 est
925 1483 987 1520 ita,
1021 1493 1134 1524 sepre-

129 1539 245 1571 fatum
270 1538 439 1570 abbatem
465 1537 675 1569 Fuldensem
701 1537 735 1567 in
760 1536 976 1577 corporalem
1002 1546 1134 1577 posses-

129 1592 262 1624 sionem
289 1591 453 1632 jamdicti
483 1590 741 1622 Hersseldensis
769 1589 983 1625 monasterii,
1015 1592 1135 1620 aucto-

129 1645 235 1677 ritate
259 1647 390 1681 nostra,
415 1653 476 1685 per
499 1646 533 1674 te
557 1643 611 1674 vel
636 1652 696 1684 per
719 1642 826 1674 alium
849 1642 952 1683 juxta
978 1645 1134 1673 tenorem

129 1697 384 1730 commissionis
412 1696 578 1738 premisse
606 1696 763 1732 inducas,
793 1698 828 1727 et
856 1695 1042 1727 inductum
1071 1695 1134 1726 hac

131 1751 220 1788 vice,
263 1750 355 1782 sicut
396 1749 533 1791 justum
576 1749 695 1785 suerit,
740 1748 882 1785 tuearis,
939 1748 1136 1780 contradic-

133 1807 228 1836 tores
265 1806 332 1835 etc.
372 1803 456 1834 Dat.
496 1802 666 1843 Anagnie,
707 1801 802 1833 XIII
843 1801 912 1833 kal.
955 1801 1134 1838 februarii,

129 1867 223 1889 anno
245 1856 383 1898 quinto.
408 1869 420 1884 u

208 2016 293 2043 2881
637 2014 773 2048 Anagni,
796 2014 834 2041 29
858 2014 936 2041 avril
961 2014 1047 2041 1259.

168 2070 318 2101 Thomae‚
343 2069 575 2103 archiepiscopo
596 2068 776 2100 Tuamensi,
797 2075 833 2094 ac
853 2067 1010 2101 magistris
1035 2067 1134 2094 Chris*

127 2114 215 2142 tiano
236 2115 268 2141 et
287 2113 437 2145 Thomae‚
457 2112 615 2140 canonicis
635 2112 860 2143 Elsinensibus,
877 2112 1133 2146 procuratoribus

129 2158 251 2186 decami
281 2159 313 2185 et
343 2157 474 2192 capituli
504 2156 741 2189 Tuamensium,
773 2156 917 2183 concedit
947 2156 1133 2182 facultatem

128 2202 339 2230 eontralsendi
359 2203 489 2236 propter
508 2208 602 2228 onera
623 2207 842 2235 expensarum,
865 2207 945 2234 quae
965 2207 1021 2234 pro
1043 2208 1134 2234 expe-

127 2247 248 2274 diendis
283 2246 415 2280 negotiis
450 2245 513 2273 suis
548 2246 633 2279 apud
669 2245 780 2272 Sedem
816 2244 1031 2279 Apostolicam
1052 2245 1134 2278 ipsos

130 2291 234 2318 subire
258 2290 436 2325 oportebat,
460 2291 608 2316 mutuum
632 2297 731 2323 usque
756 2289 795 2316 ad
819 2296 976 2316 summam
1000 2289 1133 2316 duorum

130 2335 262 2363 millium
293 2336 324 2362 et
354 2334 657 2369 quadringentarum
688 2341 864 2360 marcarum
897 2333 1133 2366 Sterlingorum.

128 2379 226 2413 (Rau.
248 2379 298 2411 25,
316 2379 336 2406 t.
355 2378 424 2411 203,
443 2385 492 2405 an.
511 2378 548 2410 V,
565 2385 590 2405 c.
610 2378 688 2410 100;
708 2378 880 2404 PorTnAsT
899 2377 1019 2411 17548.)

173 2481 187 2497 «
220 2467 354 2505 Thome,
386 2467 639 2509 archiepiscopo
673 2467 870 2505 Tucimensi,
903 2470 930 2499 et
960 2467 1134 2509 moqistris

131 2521 326 2555 Christiano
353 2523 381 2553 et
411 2521 543 2558 Thome,
573 2521 746 2552 cononicis
773 2520 1023 2562 EllinensibuS,
1058 2531 1135 2562 pro-

129 2574 340 2607 curatoribus
370 2574 489 2606 decani
520 2576 548 2606 et
578 2573 721 2616 capituli
756 2573 1014 2606 Tuamensium.
1047 2574 1133 2606 Cum

127 2627 220 2660 sicut
249 2627 284 2660 in
315 2647 370 2660 —.
403 2627 487 2659 Dat.
520 2627 689 2668 Anagnie,
727 2627 779 2658 III
812 2627 880 2659 kal.
914 2627 1007 2663 maii,
1040 2637 1132 2659 anno

127 2680 265 2722 quinto.
290 2693 303 2709 n

206 2843 295 2872 2882
644 2845 777 2879 Anagni,
800 2845 838 2873 29
861 2845 939 2873 avril
962 2845 1049 2872 1259.

170 2898 360 2925 Willelmum
401 2897 437 2925 de
480 2898 655 2930 llorthonc,
695 2899 901 2926 camerarium
954 2899 1133 2925 monasterii

131 2942 160 2969 S.
187 2942 313 2975 Albani,
340 2942 563 2969 Lincolniensls
590 2943 730 2975 diocesis,
757 2943 788 2970 in
815 2943 1011 2977 capellanum
1044 2950 1133 2969 suum

128 2985 249 3021 recipit.
268 2987 365 3020 (Rau.
384 2986 433 3019 25,
451 2987 472 3014 f.
491 2987 549 3015 203
566 2990 613 3020 νῦ,
631 2995 681 3014 an.
700 2987 738 3020 V,
755 2994 781 3014 c.
801 2987 882 3021 101.)

1293 384 1301 395 κ
1338 371 1501 402 uillelmo
1532 373 1570 403 (Ie
1604 373 1785 410 Hortlwnc,
1817 375 1977 405 monacho
2008 377 2035 405 et
2066 376 2249 406 camerario

1247 425 1443 455 monasterii
1484 426 1599 457 Sancti
1638 425 1778 463 Albani,
1819 427 1948 457 ordinis
1989 428 2103 459 Sancti
2144 429 2249 460 Bene-

1247 469 1338 504 dicti,
1380 469 1631 500 Lincolniensis
1671 470 1822 501 diocesis.
1870 471 1955 502 Cum
1996 471 2085 502 sicut
2126 473 2250 503 fidedi-

1247 531 1395 562 gnorunl
1430 542 1483 553 ἡ.

1247 575 1382 616 quinto.
1414 589 1425 603 »

1521 523 1602 554 Dat.
1639 523 1808 564 Anagnie.
1848 523 1900 554 III
1936 524 1992 555 kal
2029 525 2120 561 maii,
2157 536 2249 557 anno

1326 735 1414 762 2863
1764 740 1895 772 Anagni.
1920 740 1956 765 20
1980 741 2056 767 avril
2082 741 2167 767 1259.

1288 789 1425 819 Cantori,
1461 791 1588 817 officiali
1624 793 1655 817 et
1692 792 1839 823 magistro
1877 793 2019 826 Philippo
2057 794 2093 820 de
2129 795 2249 825 Castra,

1245 834 1394 859 canonico
1434 834 1720 866 Aurelianensibns,
1761 837 1891 862 mandat
1931 839 1966 863 ut
2007 838 2170 864 Guillelmo
2211 839 2247 865 de

1247 887 1257 901 a
1283 878 1458 905 Pelevizino
1485 889 1495 901 ι)
1520 879 1631 905 rectori
1657 879 1802 906 ecclesiae
1828 880 1865 906 de
1892 881 2008 911 Strata,
2035 883 2245 914 praebendam

1244 922 1276 948 in
1303 922 1430 950 ecclesia
1458 923 1486 949 S.
1516 923 1642 949 Martini
1669 923 1856 950 Turonensis
1884 925 2022 952 conterre
2049 926 2177 955 faciant,
2206 934 2250 951 so-

1246 967 1384 993 cundum
1414 967 1591 993 litterarum
1622 969 1773 998 tenorem,
1804 968 1937 994 obtentu
1969 969 2104 1002 episcopi
2136 970 2251 995 Tuscu-

1244 1011 1317 1042 lani,
1337 1011 1367 1036 in
1388 1011 1529 1037 favorem
1548 1011 1623 1037 dicti
1644 1011 1798 1037 Guillelmi
1818 1013 1935 1039 decano
1955 1015 1985 1039 et
2006 1013 2142 1046 capitulo
2164 1021 2250 1046 prac-

1244 1055 1329 1082 fatae
1354 1056 1382 1082 S.
1409 1055 1536 1082 Martini
1568 1055 1713 1082 ecclesiae
1743 1056 1816 1082 olim
1850 1057 2049 1083 directarum.
2080 1058 2176 1090 (Bm.
2202 1058 2250 1089 23,

1244 1100 1264 1126 f.
1291 1100 1348 1126 203
1372 1103 1420 1131 νο,
1445 1107 1494 1126 an.
1517 1099 1554 1131 V,
1577 1107 1602 1126 e.
1628 1100 1708 1133 102.)

1291 1204 1303 1219 «
1335 1215 1354 1221 ..
1387 1189 1551 1226 contori‚..
1585 1189 1730 1230 officiali
1762 1192 1790 1221 et
1820 1191 1981 1232 maqistro
2015 1191 2178 1233 Philippo
2211 1192 2248 1223 rte

1246 1244 1375 1279 Castra,
1399 1242 1559 1273 canonico
1582 1242 1902 1275 Aiiretiiinensibus.
1926 1244 2127 1285 Signitiavit
2149 1246 2248 1276 nobis

1245 1297 1393 1329 dilectus
1425 1315 1478 1327 —.
1513 1296 1596 1327 Dat.
1629 1296 1799 1337 Anagnie,
1837 1297 1889 1327 III
1922 1297 1990 1329 kal.
2025 1298 2117 1334 maii,
2155 1308 2248 1329 anno

1244 1350 1381 1392 quinto.
1410 1362 1422 1378 n

1324 1509 1412 1535 286⁴
1782 1510 1915 1544 Anagni‚
1942 1511 1954 1536 1
1980 1511 2057 1537 avril
2082 1511 2168 1537 1259.

1284 1562 1382 1589 Priori
1398 1562 1543 1589 ecclesiae
1560 1563 1597 1589 de
1614 1572 1625 1585 a
1640 1563 1832 1589 Larentorch
1850 1573 1870 1594 n,
1887 1564 2088 1590 Carleolensis
2105 1564 2244 1595 diocesiS,

1245 1607 1376 1633 mandat
1394 1608 1429 1633 ut
1446 1606 1595 1639 magistro
1614 1607 1767 1633 Riccardo
1785 1608 1823 1633 de
1841 1607 1989 1639 Hardres,
2008 1608 2061 1641 qui
2078 1609 2140 1634 duo
2158 1609 2249 1634 bene-

1244 1650 1316 1677 ficia
1351 1651 1560 1677 ecclesiastica
1594 1658 1701 1677 curam
1736 1651 1913 1677 animarum
1949 1652 2099 1678 habentia
2133 1652 2250 1685 absque

1245 1695 1477 1728 dispensatione
1502 1695 1538 1721 Α.
1565 1695 1651 1721 Sedis
1676 1695 1859 1726 retinuerat,
1893 1696 1978 1722 dicta
2002 1696 2154 1722 beneficia
2178 1697 2252 1722 assi-

1244 1741 1328 1773 gnet,
1364 1739 1573 1773 resignatione
1607 1739 1704 1766 libera
1739 1740 1824 1773 prius
1859 1740 1979 1771 habita,
2015 1741 2178 1768 satisfacto
2215 1742 2251 1767 ‹le

1242 1783 1397 1810 fructibus
1437 1784 1592 1817 perceptis
1632 1784 1889 1817 poenitentiaque
1926 1784 2056 1811 salutari
2093 1785 2252 1818 imposita,

1243 1835 1364 1855 necnon
1381 1828 1482 1855 eidem
1500 1828 1653 1854 Riccardo
1671 1828 1856 1855 facultatem
1877 1829 2004 1855 unicum
2024 1829 2109 1855 aliud
2135 1830 2251 1856 benefi-

1243 1873 1326 1899 cium
1346 1872 1442 1899 etiam
1473 1879 1546 1898 cum
1576 1879 1650 1898 cura
1681 1872 1857 1899 animarum
1889 1873 2056 1906 recipiendi
2087 1874 2248 1900 concedat.

1244 1917 1342 1950 (Hm.
1362 1917 1411 1949 25,
1430 1916 1450 1943 t.
1471 1916 1528 1943 203
1546 1920 1593 1948 vo,
1613 1924 1662 1943 an.
1680 1916 1719 1948 v,
1738 1924 1763 1943 c.
1785 1917 1866 1950 103.)
1882 1915 1894 1935 1

1289 2030 1299 2043 «
1328 2041 1346 2047 ..
1374 2015 1482 2057 priori
1509 2014 1639 2047 ecclesie
1665 2015 1702 2047 (Ie
1731 2015 1940 2051 Lurmtorch,
1969 2016 2099 2047 ordinis
2127 2016 2245 2048 Sancti

1243 2069 1444 2111 Auqiistini,
1480 2068 1703 2101 Carleolcnsis
1736 2069 1887 2100 diocesi&
1924 2069 1977 2100 Ex
2011 2072 2110 2110 parte
2144 2069 2246 2101 dilec-

1242 2123 1269 2155 ti
1286 2142 1340 2154 —.
1360 2123 1442 2154 Dat.
1460 2122 1629 2163 Anagnie,
1648 2122 1807 2153 kalendis
1824 2122 1952 2163 aprilis,
1971 2132 2062 2154 anno
2081 2123 2216 2164 quintO.
2238 2135 2247 2146 ’ν

1322 2292 1411 2319 2865
1775 2293 1908 2327 Anagni,
1932 2293 1949 2319 6
1973 2300 2055 2319 mars
2081 2293 2167 2319 1259.

1284 2347 1432 2380 Magistro
1458 2347 1547 2373 Adde
1572 2346 1609 2373 de
1636 2346 1875 2378 Kirkudbricth,
1900 2346 2011 2373 rectori
2043 2346 2187 2373 ecclesiae
2213 2346 2248 2372 dc

1244 2391 1391 2423 Daltone,
1411 2391 1611 2425 Glasquensis
1632 2391 1771 2422 diocesis,
1787 2391 1928 2424 indulget
1950 2393 1995 2422 ut,
2018 2393 2140 2424 praeter
2158 2391 2251 2417 ecclc<

1243 2435 1369 2462 siastica
1391 2435 1543 2462 beneficia
1565 2442 1672 2461 curam
1695 2435 1871 2462 animarum
1894 2435 2043 2462 habentia
2066 2442 2146 2468 quae
2169 2435 2250 2462 obli-

1242 2482 1306 2512 net,
1335 2480 1463 2506 unicum
1491 2480 1576 2506 aliud
1604 2479 1792 2506 beneficium
1821 2480 1953 2506 similem
1981 2487 2088 2506 curam
2116 2480 2246 2507 habens.

1242 2524 1377 2558 recipere
1395 2524 1503 2558 possit.
1523 2524 1619 2557 (Bm.
1639 2524 1687 2555 25,
1706 2524 1726 2550 f.
1746 2524 1804 2551 203
1821 2528 1868 2556 νῦ,
1887 2532 1936 2550 an.
1955 2524 1992 2556 V,
2011 2532 2036 2551 c.
2057 2524 2138 2557 104.)
2155 2523 2167 2542 2

1289 2636 1301 2652 κ
1329 2623 1501 2665 stlaqistro
1530 2623 1627 2654 Acme
1655 2623 1693 2653 (Ie
1722 2622 1978 2659 Kirlcudbrictlz,
2010 2623 2124 2654 rectori
2154 2622 2249 2653 cccle-

1242 2677 1291 2708 sie
1318 2676 1356 2708 (Ie
1385 2675 1540 2713 Daltone,
1574 2676 1791 2717 Glasquensis
1816 2676 1967 2707 diocesis.
1994 2675 2158 2706 volentes
2185 2675 2248 2706 tibi

1243 2733 1304 2762 tue
1340 2748 1395 2761 -—.
1435 2730 1518 2761 Dat.
1557 2729 1725 2769 Anagnie,
1769 2729 1801 2760 II
1840 2739 1950 2760 nonas
1988 2728 2115 2764 martii,
2154 2737 2244 2759 anno

1244 2783 1381 2826 quinto.
1412 2795 1425 2811 »

1275 2884 1297 2905 1.
1316 2884 1354 2905 En
1368 2889 1452 2910 margo
1465 2884 1499 2905 du
1513 2884 1623 2910 registre.
1637 2890 1666 2905 en
1681 2883 1767 2909 regar-d
1781 2884 1815 2905 du
1829 2889 1849 2904 c.
1864 2884 1919 2908 103,
1933 2889 1964 2904 on
1978 2883 2013 2903 lit.
2030 2891 2037 2899 α
2056 2882 2099 2902 Iste
2113 2882 2185 2902 littere
2199 2887 2246 2901 non

1242 2921 1361 2940 esti-antur
1375 2920 1427 2940 sine
1442 2925 1542 2941 assensu
1557 2920 1650 2940 domim*
1666 2919 1796 2944 Raunaldi.
1811 2919 1905 2944 nepotis
1920 2918 2013 2939 domitii
2028 2924 2097 2943 pape.
2116 2925 2123 2934 »

1274 2955 1298 2975 2.
1317 2955 1356 2976 οη
1372 2955 1401 2976 lit
1418 2961 1449 2976 en
1464 2960 1558 2980 marge,
1575 2961 1606 2976 en
1622 2954 1709 2980 regam
1726 2955 1760 2976 du
1777 2961 1797 2975 e.
1816 2955 1861 2975 104
1881 2962 1887 2971 ι
1904 2960 1952 2975 non
1969 2955 2051 2974 neunt
2067 2953 2119 2973 sine
2135 2951 2248 2973 mandato

1192 2971 1196 3014 i
1245 2989 1338 3011 domini
1353 2989 1508 3016 maanaim.
1524 2998 1533 3008 -
