2477 3512
953 272 1225 320 CINQUIEME
1251 271 1418 309 ANNEE
2198 276 2241 309 85

175 404 187 419 «
213 415 233 423 ..
258 389 368 432 priori
393 391 421 421 el
446 388 622 420 conventui
648 386 844 419 monasterii
871 386 991 418 Sancle
1016 384 1133 416 Maria

128 444 167 476 de
193 443 397 484 Virqinibus
419 442 457 473 de
484 441 643 477 Venetus,
667 440 710 472 acl
731 440 922 472 Romanam
945 437 1131 470 Ecclccium

129 496 222 529 nullo
266 495 374 528 medio
418 494 628 537 pertinentis,
674 493 806 524 ordinis
851 491 968 523 Sancti
1015 489 1132 522 Marci

128 549 332 582 Mantuani.
355 547 569 579 Monasterio
592 549 710 578 vestro
734 546 828 587 quod
852 564 906 576 —-.
931 545 1014 575 Dat.
1038 544 1132 574 Ana-

129 602 218 643 gnie,
246 602 351 634 XVII
377 600 445 632 kal.
470 600 633 641 jannarii,
660 609 751 630 anno
777 598 913 640 quinto.
940 610 952 625 »

208 759 296 785 3019
559 757 692 790 Anagni‚
717 757 753 783 16
776 756 938 782 decembre
963 755 1048 781 1259.

169 812 317 846 Magistro
342 811 520 843 Galabrino,
544 810 637 844 priori
660 810 689 836 S.
713 809 851 843 Caprasii
874 808 1076 841 Agennensis‚
1099 809 1130 834 et

128 856 346 883 archidiacono
381 855 577 882 Narbonensi
611 854 743 880 mandat
776 855 812 879 ut
846 853 886 879 ad
919 852 1130 886 provisionem

129 901 214 928 Petri
247 900 322 927 dicti
356 899 493 933 Syvada‚
527 898 668 925 canonici
701 897 924 928 Narbonensis,
958 896 1130 923 seeundum

126 945 247 972 litteras
264 944 348 978 prius
366 944 499 970 directas
516 943 698 977 procedant.
717 942 813 976 (REG.
832 941 880 973 25,
898 941 919 967 f.
937 941 1006 973 232,
1024 948 1073 967 an.
1093 940 1129 973 V,

127 997 152 1016 c.
174 989 256 1022 246.)

173 1092 186 1108 «
218 1079 390 1120 Mayisiro
431 1078 626 1114 Galabrisw,
661 1077 770 1118 priori
804 1076 966 1108 secularis
1001 1075 1132 1107 ecclesie

128 1132 245 1164 Sancti
269 1131 431 1173 Coprasii
454 1130 682 1172 Ayennensis,
707 1132 758 1162 el..
782 1130 1019 1161 archidiacono
1041 1129 1133 1160 Nar-

130 1185 280 1217 bonensi.
318 1184 476 1216 Dilectus
511 1183 605 1215 filius
641 1183 808 1224 magister
844 1183 980 1220 Petrus,
1018 1182 1134 1213 dictus

129 1238 283 1279 Syvada,
323 1237 512 1269 canonicus
552 1236 803 1272 Narbonensis,
843 1234 1046 1277 capellanus
1085 1235 1135 1266 di-

127 1291 208 1322 lecti
227 1291 290 1322 filii
308 1290 418 1322 nostri
438 1290 480 1322 R.
501 1289 620 1321 Sancti
636 1289 760 1330 Angeli
779 1288 917 1320 diaconi
935 1288 1133 1325 cardinalis,

129 1344 230 1376 nobis
254 1343 419 1385 exposuit
445 1344 551 1385 quod,
579 1353 659 1375 cum
685 1343 758 1384 ipse
784 1341 866 1373 olim
891 1351 996 1383 super
1021 1341 1137 1383 provi-

129 1397 226 1429 sione
253 1397 319 1428 sibi
346 1396 507 1428 facienda
536 1396 570 1427 in
598 1395 772 1427 comitatu
799 1394 855 1426 vel
883 1394 1046 1426 districtu
1074 1397 1138 1426 aut

130 1450 285 1482 dominio
308 1449 436 1481 nobilis
457 1449 546 1480 viri..
569 1448 709 1480 comitis
731 1447 931 1484 Tholosani‚
955 1447 997 1478 de
1019 1447 1137 1489 aliquo

129 1505 321 1545 personatu
358 1502 413 1534 vel
451 1502 625 1543 dignitate
663 1504 725 1532 aut
762 1500 998 1532 ecclesiastico
1036 1500 1139 1532 bene-

128 1555 209 1587 ficio
239 1555 284 1587 ad
314 1554 557 1596 cujuscunque
586 1554 811 1586 collationem
840 1555 1036 1594 spectante,
1067 1554 1137 1585 ad..

129 1608 350 1651 prepositum
384 1607 527 1639 ecclesie
563 1606 821 1648 Magalonensis
856 1606 1002 1648 ejusque
1037 1606 1139 1638 colle-

130 1670 222 1703 gam,
258 1661 366 1693 felicis
401 1660 655 1692 recordationis
693 1659 890 1691 Innocentii
925 1669 1026 1701 pape,
1063 1670 1138 1701 pre-

132 1714 321 1747 decessoris
345 1714 466 1751 nostri,
492 1714 557 1745 sul)
582 1716 677 1745 certa
701 1713 814 1744 forma
839 1713 1059 1744 executorias
1083 1713 1140 1745 lit-

130 1771 224 1800 teras
258 1768 495 1810 impetrasset,
531 1767 638 1799 iidem
673 1769 889 1802 executores,
926 1767 1138 1799 mandatum

132 1821 366 1863 apostolicum
389 1821 514 1862 exequi
537 1820 729 1862 cupientes,
755 1821 952 1862 prioratum
974 1821 1139 1852 secularis

130 1874 272 1906 ecclesie
302 1874 422 1906 Sancti
451 1873 607 1915 Caprasii
636 1874 864 1914 Agennensis,
895 1876 980 1905 tunc
1008 1883 1138 1906 vacan-

131 1930 216 1964 tem,
252 1927 319 1969 ipsi
356 1927 526 1968 magistro
563 1926 600 1958 P.
639 1926 877 1964 contulerunt,
924 1926 1140 1959 auctoritate

132 1980 337 2021 hujusmodi
369 1980 581 2016 litterarum,
616 1979 772 2021 capitulo
805 1979 966 2021 ejusdem
998 1979 1140 2012 ecclesie

131 2036 178 2070 te,
203 2033 255 2065 fili
280 2033 333 2070 G.,
358 2033 394 2064 in
418 2042 522 2064 suum
547 2032 699 2074 priorem
723 2033 954 2074 postmodum
978 2032 1139 2074 eligente.

132 2086 290 2128 Cumque
309 2086 401 2117 inter
419 2086 535 2127 ipsum
555 2085 765 2126 magistrum
784 2088 819 2117 et
839 2088 873 2117 te
893 2096 997 2127 super
1015 2086 1140 2118 eodem

132 2139 291 2182 prioratu
315 2138 452 2180 questio
476 2141 599 2170 exorta
623 2138 758 2176 suisset,
782 2139 929 2170 tandem
952 2139 1045 2171 inter
1066 2149 1140 2176 vos,

133 2192 313 2225 mediante
352 2192 427 2233 ipso
467 2191 647 2228 cardinali,
688 2191 893 2233 hujusmodi
932 2192 1142 2234 compositio

133 2245 337 2281 intervenit,
361 2244 526 2276 videlicet
549 2247 588 2275 ut
612 2247 662 2281 tu,
687 2244 737 2276 fili
761 2245 813 2282 G.,
838 2245 1035 2286 prioratum
1059 2255 1143 2277 eun-

135 2298 214 2330 dem
247 2297 423 2333 obtinens,
459 2297 582 2329 tandiu
616 2307 772 2329 annuam
805 2298 1010 2339 pensionem
1042 2299 1145 2340 quin·

135 2351 305 2393 quaginta
350 2350 520 2381 librarum
563 2351 823 2382 Turonensium
864 2351 931 2392 ipsi
974 2351 1143 2392 magistro

135 2404 173 2436 P.
207 2403 372 2436 exhibere
405 2413 555 2440 curares,
591 2404 701 2435 donec
734 2404 828 2435 idem
863 2404 1075 2436 beneficium
1108 2404 1142 2436 in

134 2457 309 2489 comitatu
332 2456 387 2487 vel
411 2456 574 2487 districtu
598 2459 663 2488 aut
686 2457 842 2488 dominio
866 2457 1014 2498 predicti
1037 2458 1144 2489 comi-

136 2510 193 2546 tis,
238 2509 342 2551 juxta
388 2509 579 2540 earundem
625 2509 825 2541 litterarum
872 2510 1142 2548 continentiam,

136 2565 318 2595 assecutus
344 2562 522 2598 existeret,
551 2572 590 2593 ac
616 2562 725 2604 ipsius
751 2563 900 2604 pacifica
927 2564 1144 2605 possessione

136 2616 299 2658 gaudere,
333 2625 440 2657 quam
473 2616 766 2657 compositionem
798 2616 891 2648 idem
923 2617 1147 2658 predecessor

137 2671 253 2701 ratam
293 2669 427 2701 habens
468 2672 503 2700 et
543 2671 682 2710 gratam
722 2669 908 2711 ipsamque
950 2671 1145 2711 apostolica

137 2722 352 2755 auctoritate
372 2722 598 2759 confirmans,
622 2722 686 2754 tibi
708 2723 757 2754 iili
779 2723 819 2754 G.
841 2725 876 2754 et
897 2723 1026 2755 dilecto
1047 2723 1148 2759 silio..

138 2778 243 2822 priori
267 2779 308 2810 de
332 2778 444 2814 Siura,
470 2778 720 2810 Neinauscnsis
744 2779 901 2816 diocesis,
926 2789 987 2820 per
1009 2779 1147 2812 litteras

138 2841 220 2864 suas
241 2831 399 2872 injunxit
423 2834 461 2863 ut
485 2831 623 2873 prefato
647 2832 815 2873 magistro
840 2832 877 2864 P.
901 2832 1146 2874 provideretis,

137 2885 242 2926 juxta
264 2885 463 2916 litterarum
487 2885 745 2917 contincntIam
767 2885 971 2917 earundem.
996 2885 1043 2917 Et
1065 2886 1146 2918 licet

140 2947 202 2969 nos
235 2937 475 2979 postmodum,
509 2938 632 2969 eodem
666 2938 909 2979 predecessore
942 2938 1037 2970 viam
1071 2939 1146 2970 uni-

140 3001 237 3024 verse
266 2993 379 3024 carnis
408 2992 573 3034 ingresso,
599 2991 674 3028 tibi,
698 2991 747 3022 fili
771 2991 822 3028 G.,
846 2991 1046 3024 dederimus
1068 3001 1146 3024 nos—

1239 383 1302 415 tris
1328 383 1455 415 litteris
1480 383 1516 415 in
1544 382 1722 414 mandatis
1750 385 1789 413 ut
1816 383 1859 414 ad
1888 383 2123 424 provisionem
2150 383 2241 425 ejus-

1239 436 1319 468 dem
1347 435 1505 477 magistri
1532 436 1570 466 P.
1597 435 1801 476 procederes
1826 435 1930 475 juxta
1957 436 2169 467 directarum
2197 436 2240 467 ad

1239 492 1274 521 te
1308 499 1347 521 ac
1381 489 1532 531 priorem
1566 487 1764 530 predictum
1798 487 1957 528 ejusdem
1991 489 2242 529 predecessoris

1239 542 1497 574 continentiam
1535 541 1746 577 litterarum,
1786 541 1880 572 idem
1917 543 2037 571 tamen
2077 541 2243 582 magister

1240 596 1278 628 P.
1300 595 1435 627 nullum
1456 595 1571 626 adhuc
1591 594 1728 630 exinde,
1750 594 1841 625 sicut
1861 593 1994 630 asserit,
2016 594 2242 625 commodum

1239 649 1447 690 reportavit,
1491 650 1635 689 propter
1676 647 1770 688 quod
1813 646 1915 677 duxit
1956 647 1999 677 ad
2042 646 2242 687 Apostolice

1240 702 1337 734 Sedis
1373 701 1598 733 clementiam
1634 700 1896 731 recurrendum.
1935 699 2102 730 Nolentes
2138 699 2245 740 igitur

1239 757 1275 786 ut
1304 755 1395 786 idem
1422 754 1589 794 magister
1616 753 1652 785 P.
1680 762 1784 794 quem
1810 762 1870 783 sue
1897 752 2085 792 probitatis
2110 752 2244 784 meritis

1239 808 1343 849 digno
1367 807 1488 839 favore
1511 806 1767 848 prosequimur,
1792 805 1995 845 hujusmodi
2018 805 2128 845 gratie
2151 805 2244 837 irau-

1240 861 1343 893 detur
1381 860 1524 896 effectu,
1565 862 1617 895 tu,
1658 859 1708 889 fili
1749 857 2004 894 archidiacone,
2045 857 2244 889 executioni

1238 913 1443 955 hujusmodi
1478 912 1609 953 negotii
1642 911 1809 943 duximus
1841 911 2120 951 adjungendum.
2155 911 2247 950 Quo-

1240 967 1331 999 circa
1355 966 1568 998 mandamus
1591 965 1771 1007 quatinus,
1796 963 1823 995 si
1847 966 1900 995 est
1923 963 1985 1000 ita,
2010 964 2054 995 ad
2079 963 2248 1005 provisio-

1242 1030 1322 1052 nem
1344 1019 1453 1061 ipsius
1476 1018 1635 1060 magistri
1658 1018 1696 1050 P.
1720 1016 1920 1059 procedatis
1943 1026 2004 1057 per
2025 1026 2088 1047 vos
2109 1016 2165 1048 vel
2188 1026 2248 1058 per

1242 1073 1328 1105 alios
1353 1075 1416 1104 aut
1440 1072 1548 1104 alium
1571 1071 1676 1112 juxta
1701 1070 1858 1112 priorum
1883 1079 1987 1110 super
2010 1070 2075 1101 hoc
2101 1070 2249 1101 directa-

1242 1136 1320 1158 rum
1346 1124 1603 1157 continentiam
1629 1123 1840 1155 litterarum.
1868 1123 1969 1162 Quod
1995 1123 2022 1154 si
2048 1132 2117 1154 non
2143 1123 2248 1154 ambo

1242 1182 1309 1211 etc.
1332 1179 1415 1210 Dat.
1438 1177 1607 1219 Anagnie,
1631 1177 1737 1208 XVII
1759 1176 1828 1207 kal.
1848 1176 2012 1217 januarii,
2035 1185 2126 1207 anno
2149 1176 2249 1216 quin-

1244 1235 1292 1264 to.
1320 1245 1331 1259 »

1327 1381 1414 1407 3020
1699 1379 1833 1413 Anagni‚
1857 1379 1874 1406 8
1897 1378 2059 1406 decembre
2083 1377 2170 1404 1259.

1288 1435 1426 1468 Hugoni,
1446 1434 1530 1461 dicto
1548 1433 1678 1460 Barbier
1696 1432 1837 1466 indulget
1856 1433 1892 1459 ut
1910 1432 1935 1459 si
1954 1432 1983 1459 S.
2004 1430 2141 1465 Sulpicii,
2158 1430 2252 1464 Bajo-

1248 1479 1346 1506 censis
1363 1478 1503 1510 diocesis,
1521 1479 1552 1504 et
1570 1478 1599 1505 S.
1618 1477 1749 1511 Dyonisi
1761 1477 1798 1504 de
1815 1476 2006 1510 Exprevilla,
2018 1476 2253 1509 Rothomagen-

1246 1524 1286 1550 sis
1314 1523 1443 1550 diocesis
1472 1521 1625 1553 ecclesias,
1646 1529 1754 1548 curam
1783 1521 1960 1548 animarum
1991 1520 2154 1551 habentes,
2174 1526 2251 1553 quas

1250 1568 1382 1599 obtinet,
1407 1575 1438 1594 se
1463 1567 1617 1600 resignare
1641 1566 1816 1599 contigerit,
1841 1566 1903 1592 duo
1927 1565 1987 1592 alia
2010 1564 2162 1592 beneficia
2185 1563 2252 1591 loco

1248 1613 1382 1644 illarum,
1403 1613 1434 1638 et
1455 1611 1480 1637 si
1500 1611 1631 1638 alteram
1652 1612 1779 1637 tanturn
1799 1609 2014 1643 resignaverit,
2034 1616 2133 1636 unum
2153 1608 2253 1634 solum

1248 1656 1435 1683 beneficium
1467 1663 1522 1689 pro
1554 1655 1616 1687 illa,
1649 1654 1745 1681 etiam
1777 1661 1848 1680 cum
1880 1653 1971 1679 simili
2003 1660 2087 1685 cura,
2119 1652 2252 1686 recipere

1246 1701 1355 1736 possit.
1375 1700 1473 1734 (Bm.
1493 1699 1542 1732 25,
1561 1699 1582 1726 f.
1602 1699 1660 1725 232
1679 1702 1726 1730 νο,
1745 1706 1795 1725 an.
1815 1698 1852 1730 V,
1872 1705 1896 1725 c.
1917 1697 1999 1731 247.)

1292 1803 1304 1819 «
1334 1789 1490 1831 Huyoni,
1522 1788 1608 1820 dicto
1638 1787 1794 1825 Burbier,
1826 1786 1942 1818 rectori
1973 1785 2105 1818 ecclesie
2136 1786 2254 1819 Sancti

1248 1841 1412 1885 Sulpicii,
1446 1841 1648 1884 BaJocensis
1681 1839 1834 1873 diocesis.
1870 1841 1943 1871 Tue
1978 1840 2104 1871 merita
2139 1839 2256 1881 probi-

1246 1897 1334 1930 tatis
1357 1915 1412 1927 —-.
1440 1896 1524 1927 Dat.
1551 1895 1721 1936 Anagnie,
1749 1894 1798 1925 VI
1823 1894 1902 1925 idus
1929 1892 2133 1929 decembris,
2161 1902 2254 1924 anno

1247 1950 1385 1992 quinto.
1411 1962 1423 1978 »

1329 2098 1412 2124 3021
1683 2095 1818 2129 Anagni,
1842 2095 1878 2122 13
1901 2094 2063 2121 decembre
2088 2093 2174 2120 1259.

1293 2152 1449 2186 Episcopo
1487 2149 1689 2177 Cathaniensi
1726 2149 1857 2176 mandat
1895 2150 1931 2175 ut
1968 2147 2182 2174 molendinum
2219 2147 2257 2173 de

1251 2195 1435 2223 Borrafaldo
1453 2197 1484 2222 et
1501 2196 1600 2221 terras
1617 2193 1753 2221 Garelini
1770 2194 1807 2220 de
1824 2193 1997 2219 tenimento
2015 2191 2159 2223 Lentino,
2177 2198 2257 2224 quae

1252 2241 1291 2267 ad
1321 2240 1505 2267 domanium
1533 2239 1636 2265 curiae
1664 2240 1738 2265 sunt
1766 2245 1821 2271 per
1849 2236 2068 2264 excadentiam
2096 2235 2256 2267 devoluta,

1252 2284 1349 2312 annui
1370 2284 1512 2311 redditus
1535 2283 1646 2317 viginti
1669 2282 1832 2309 unciarum
1855 2281 1932 2313 auri,
1956 2280 2052 2307 nobili
2073 2280 2140 2306 viro
2164 2280 2257 2306 Sanc-

1251 2332 1358 2357 torum
1389 2329 1426 2355 de
1457 2328 1591 2355 Lentino
1621 2328 1653 2354 in
1683 2328 1872 2361 perpetuum
1903 2325 2066 2357 concedat,
2096 2325 2142 2351 ita
2172 2324 2257 2358 quod

1251 2374 1346 2401 iidem
1377 2374 1564 2401 Sanctorum
1594 2374 1625 2398 et
1654 2371 1782 2398 heredes
1812 2370 1879 2404 ejus
1909 2369 2065 2396 Ecclesiae
2095 2369 2257 2395 Romanae

1252 2419 1308 2446 aut
1326 2417 1390 2452 regi
1407 2425 1462 2452 per
1479 2424 1548 2443 eam
1567 2415 1761 2442 instituendo
1780 2415 1811 2441 in
1829 2420 1923 2448 regno
1943 2413 2073 2445 Siciliae,
2091 2420 2146 2447 pro
2166 2412 2257 2438 dictis

1251 2462 1341 2490 bonis
1358 2462 1546 2488 fidelitatem
1574 2461 1756 2487 consuetam
1784 2460 1954 2493 praestent.
1974 2458 2071 2491 (REO.
2091 2457 2140 2489 25,
2157 2457 2179 2483 f.
2198 2456 2256 2483 232

1250 2510 1297 2539 v0,
1315 2514 1364 2534 an.
1382 2507 1419 2538 V,
1436 2513 1461 2533 c.
1479 2506 1561 2539 248.)

1299 2611 1311 2627 «
1322 2623 1341 2629 ..
1355 2598 1513 2639 episcopo
1527 2595 1776 2629 Caltlzaniensi.
1791 2595 1889 2627 Circa
1902 2594 2072 2625 dilectum
2084 2593 2256 2624 filiuln—-.

1255 2652 1338 2683 Dat.
1373 2650 1543 2691 Anagnie,
1578 2649 1695 2681 idibus
1729 2647 1934 2684 decembris,
1963 2656 2055 2678 anno
2082 2645 2218 2688 quinto.
2244 2657 2256 2673 »

1335 2811 1423 2838 3022
1686 2809 1819 2843 Anagni,
1844 2809 1880 2835 13
1903 2808 2064 2835 decembre
2090 2807 2174 2834 1259.

1295 2865 1536 2899 Archiepiscopo
1558 2864 1709 2890 Toletano
1731 2863 1862 2889 mandat
1884 2864 1919 2888 ut
1942 2861 2104 2888 Fernando
2126 2859 2257 2893 Velasci,

1255 2909 1364 2938 abbati
1385 2908 1514 2935 seculari
1536 2908 1573 2934 de
1594 2908 1714 2939 Castro,
1736 2907 1905 2933 Toletanae
1926 2908 1957 2933 et
1976 2905 2141 2938 Burgensis
2162 2904 2258 2931 eccle-

1201 2948 1202 2977 ἶ
1253 2954 1370 2981 siarum
1392 2952 1552 2984 canonico,
1574 2952 1750 2978 litterarum
1772 2951 1876 2977 studio
1897 2949 2064 2981 insistenti,
2086 2950 2257 2982 proventus

1253 2998 1504 3032 praebendarum
1521 3004 1648 3023 suarum
1666 3004 1743 3029 quas
1760 2995 1790 3021 in
1807 2994 1956 3029 praefatis
1973 2993 2106 3021 ecclesiis
2123 2992 2257 3025 obtinet,
