2477 3512
179 255 239 285 124
870 255 1138 290 REGISTRES
1164 257 1517 291 D’ALEXANDRE
1546 259 1595 292 1v

257 357 346 382 3165
707 359 840 391 Anagnl,
864 358 901 385 25
925 358 987 385 mai
1011 359 1097 386 1260.

215 411 370 444 Episcopo
399 410 578 437 Zamorensi
606 411 737 438 mandat
765 413 800 438 ut
828 419 935 438 omnes
963 412 1135 439 sententias
1163 421 1181 440 a

175 454 364 488 quibusdam
381 454 489 487 legatis
506 457 533 481 et
552 455 670 481 nuntiis
686 455 884 489 Apostolieae
901 456 987 482 Sedis
1002 456 1033 482 in
1049 456 1181 484 abbates

175 501 205 525 et
240 501 416 525 conventus
451 499 712 525 monasteriorum
747 499 958 526 Cisterciensis
992 500 1108 527 ordinis
1143 501 1181 528 de

174 543 337 574 castellae,
362 543 503 575 Legionis
527 550 562 569 ac
587 544 784 577 l'ortugaliae
808 544 909 577 regnis
932 544 1074 571 indebite
1097 545 1182 572 latas

173 594 242 613 cum
263 587 302 613 ab
322 587 395 620 ipsis
415 588 594 613 exactiones
613 588 800 622 multiplices
819 590 929 615 eontra
948 589 1071 615 indulta
1090 596 1180 623 apos-

172 631 267 658 tolica
283 632 468 664 extorquere
485 634 699 665 praesumant,
717 632 817 658 nullas
835 633 998 659 denuntiet
1016 633 1112 666 (REG.
1130 633 1178 661 25.

172 676 192 702 s.
216 676 273 701 254
292 679 338 707 νο,
357 682 406 702 an.
425 675 479 707 X'l,
497 684 522 702 c.
542 676 623 709 102.)

217 777 228 792 «
249 790 269 796 ..
290 764 446 806 episcopo
467 765 676 796 Zamorcnsi.
699 765 753 796 Ex
773 768 873 807 parte
893 766 1100 798 dilectorum
1121 785 1175 798 —.

171 817 253 849 Dat.
276 817 444 857 Anagnie,
467 817 554 848 VIII
578 818 645 849 kal.
665 818 766 859 junii,
788 828 880 850 anno
900 822 1011 851 sexto.
1035 832 1046 847 υ

253 958 341 984 3166
667 959 800 992 Anagni,
824 959 861 985 10
882 959 983 992 juillet
1008 959 1094 986 1260.

210 1012 341 1038 Valasco
369 1012 523 1038 Fernandi
550 1012 709 1045 dispensat
736 1014 782 1044 ut,
809 1014 932 1046 praeter
958 1013 1117 1040 ecclesiam
1146 1013 1174 1040 S.

171 1056 292 1082 Nicola'i
302 1056 524 1082 Ulixbonensis
540 1063 575 1082 ac
591 1057 804 1090 praebendam
821 1065 916 1090 quam
933 1057 963 1083 in
981 1057 1176 1090 Egitanicnsi

169 1100 297 1126 ecclesia
323 1100 457 1131 obtinet,
485 1100 611 1126 unicum
639 1100 722 1127 aliud
750 1101 937 1128 beneficium
964 1102 994 1128 in
1022 1102 1176 1136 Hispania

171 1144 307 1178 recipere
334 1144 443 1178 possit,
472 1145 698 1171 constitutione
726 1153 743 1172 a
770 1146 870 1172 bonae
896 1146 1063 1173 memoriae
1091 1147 1178 1174 Sabi-

170 1188 257 1215 nensi
280 1188 436 1222 episcopo,
463 1190 537 1215 tunc
561 1189 591 1215 in
616 1189 759 1223 partibus
783 1190 841 1216 illis
865 1190 1064 1224 Apostolicae
1089 1191 1176 1218 Sedis

169 1233 283 1266 legato,
310 1232 395 1259 edita
423 1240 483 1259 nou
512 1233 668 1260 obstante..
697 1234 794 1267 (REG.
822 1234 870 1266 25,
899 1235 918 1261 s.
955 1234 1024 1267 255,
1052 1243 1101 1262 an.
1130 1235 1176 1262 VI

168 1277 188 1303 r.
209 1277 291 1310 103.)

212 1375 224 1390 α
259 1363 399 1394 valasco
431 1364 617 1401 Fcrnantli,
649 1365 764 1396 rectori
795 1364 927 1396 ecclesie.
960 1365 1077 1398 Sancti
1109 1366 1174 1397 Ni—

170 1416 256 1447 colai
280 1416 534 1449 Ulia-bonensis.
554 1417 652 1449 Licet
672 1428 712 1449 ne
732 1418 809 1459 quis
825 1437 879 1450 w.
900 1419 983 1450 Dat.
1003 1419 1172 1461 Anagnie,

167 1469 215 1500 VI
237 1469 315 1501 idus
335 1469 423 1511 julii,
446 1479 538 1501 anno
560 1473 672 1502 sexto.
696 1484 708 1499 »

246 1618 333 1644 3167
679 1620 813 1654 Anagni,
836 1620 854 1647 9
876 1621 978 1654 juillet
1002 1621 1088 1648 1260.

206 1671 354 1705 Magistro
373 1672 510 1699 Radulso
529 1673 566 1699 de
586 1673 822 1706 Fremingeham
841 1674 1001 1708 dispensat
1019 1675 1065 1707 ut,
1083 1682 1170 1709 prae-

164 1717 211 1742 ter
243 1716 451 1743 ecclesiastica
484 1717 636 1743 beneficia
669 1725 776 1744 curam
809 1719 986 1745 animarum
1020 1719 1169 1746 habentia
1222 1749 1223 1761 ἵ

164 1767 243 1793 quae
268 1760 401 1792 obtinet,
427 1761 552 1787 unicum
578 1761 661 1788 aliud
688 1762 874 1788 beneficium
901 1763 1036 1797 recipere
1056 1763 1167 1797 possit.

163 1804 261 1837 (Rssc.
278 1804 326 1835 25,
342 1805 363 1830 f.
380 1805 448 1836 255,
465 1812 514 1831 an.
532 1806 587 1837 VI,
603 1814 628 1832 c.
648 1806 727 1838 104.)

207 1905 218 1920 ι(
257 1893 428 1933 Maqislro
471 1893 618 1935 Radullo
658 1894 696 1925 de
736 1895 1009 1936 lsreminqelmm,
1051 1896 1168 1928 rectori

160 1945 291 1977 ecclesie
310 1946 347 1976 (te
369 1946 533 1987 Ιιόῃιιῃας,
554 1947 804 1979 Londonicnsis
823 1948 976 1981 diocesis,
999 1949 1166 1983 volentes

158 1998 223 2030 tibi
248 1999 359 2030 faeere
390 2019 436 2030 ψ,
464 2000 545 2031 Dat.
572 2000 740 2041 Anagnie,
768 2001 834 2032 VII
859 2002 937 2033 idus
958 2002 1046 2043 julii,
1072 2013 1166 2036 anno

159 2054 271 2083 sexto.
302 2064 314 2079 ³)

238 2201 325 2227 3168
670 2204 804 2237 Anagni,
827 2204 845 2230 9
866 2205 968 2238 juillet
994 2206 1080 2232 1260.

198 2255 367 2281 Henricum
400 2256 436 2281 (le
469 2257 589 2288 Sarum,
621 2257 699 2289 regis
744 2258 874 2290 Angliae
901 2259 1108 2292 capellanum,
1134 2262 1164 2286 In

159 2299 354 2333 capellanum
370 2307 460 2326 suum
476 2300 594 2334 recipit.
611 2301 706 2333 (REO.
724 2302 771 2333 25,
787 2302 807 2328 f.
823 2303 891 2334 255,
907 2310 956 2329 an.
973 2303 1027 2335 VI,
1043 2311 1067 2330 c.
1086 2305 1165 2339 105.)

203 2401 214 2415 «
236 2389 384 2419 IIenrico
406 2389 444 2420 (Ic
467 2389 602 2426 Sarum,
625 2390 818 2431 presbitero,
843 2392 1017 2433 capellano
1039 2394 1164 2435 capelle

157 2441 328 2473 carissimi
352 2441 386 2472 in
411 2441 542 2474 Christo
562 2442 634 2484 sitii
656 2444 785 2475 nostri..
809 2445 897 2485 reqis
919 2445 1045 2486 Anylie
1068 2446 1162 2479 illus—

154 2494 226 2526 tris.
256 2495 434 2526 Honestas
464 2505 600 2527 morum
629 2499 659 2527 el
692 2516 745 2528 ἡ.
777 2497 859 2529 Dat.
890 2499 1059 2539 Anagnie,
1091 2500 1159 2532 VII

154 2547 232 2578 Idus
255 2547 342 2588 julii,
369 2558 461 2579 anno
486 2551 598 2580 sext-0.
626 2561 637 2577 >)

235 2694 323 2721 3169
647 2698 781 2731 Anagni,
806 2700 842 2726 13
863 2700 965 2733 juillet
990 2702 1074 2728 1260.

192 2748 356 2776 Vincentio
380 2750 524 2776 Roderici
547 2751 707 2785 dispensat
729 2754 774 2784 ut,
798 2755 921 2786 praeter
942 2755 1102 2782 eeclesiam
1125 2756 1144 2782 S

152 2792 267 2819 Mariae
286 2793 323 2819 de
342 2793 508 2826 Lauriana,
529 2795 748 2823 Ulixbonensis
767 2797 906 2829 diocesis,
926 2799 1052 2825 unicum
1071 2800 1155 2827 aliud

152 2836 337 2863 beneficium
368 2838 611 2865 ecclesiasticum
641 2840 671 2866 in
702 2841 855 2874 Hispania
884 2843 1016 2869 retinere
1045 2845 1155 2878 possit,

151 2881 376 2908 constitutione.
399 2890 416 2908 a
439 2883 539 2909 bonae
562 2885 729 2911 memoriae
752 2886 781 2911 J.
807 2886 984 2914 Sabinensis
1007 2888 1154 2922 episcopi,

152 2926 227 2950 tunc
257 2925 287 2951 in
318 2926 489 2959 Hispaniae
519 2928 662 2961 partibus
693 2930 892 2962 Apostolicae
923 2931 1010 2958 Sedis
1039 2932 1154 2965 legato,

153 2968 237 2995 edita
252 2976 314 2995 non
329 2970 486 2997 obstante.
503 2971 600 3005 (ΒΕΘ.
617 2972 664 3005 25,
681 2973 701 2999 f.
718 2974 786 3006 255,
803 2964 924 3007 ansVI,
940 2982 964 3002 c.
983 2976 1063 3010 106.)

1332 376 1342 389 (ι
1370 362 1544 395 Vincentio
1563 365 1730 402 Rode-rici,
1749 366 1866 398 rectori
1884 365 2018 398 ecclesie
2037 366 2158 399 Sancte
2175 367 2292 400 Marte

1285 416 1324 447 de
1338 416 1527 454 Lauriana,
1548 417 1790 450 Ulixbonensis
1804 418 1957 451 diocesis.
1974 419 2071 451 Licet
2086 429 2128 452 ne
2143 420 2220 462 quis
2234 439 2291 452 —.

1287 469 1370 501 Dat.
1396 470 1565 509 Anagnie,
1595 471 1647 502 III
1673 471 1751 502 idus
1774 471 1861 512 julii,
1887 481 1980 504 anno
2004 475 2117 505 sexto.
2143 485 2156 501 »ι

1367 638 1454 664 3170
1778 639 1912 672 Anagni,
1935 639 1973 666 23
1994 639 2097 673 juillet
2121 640 2208 667 1260.

1323 690 1513 723 Johannem,
1553 692 1703 718 abbatem
1743 693 1923 720 monasterii
1963 693 2000 720 de
2038 693 2142 727 Burgo
2182 693 2290 721 Sancti

1284 735 1378 767 Petri,
1399 736 1438 762 ad
1457 736 1486 763 J.
1507 736 1593 763 tituli
1612 736 1640 763 S.
1662 736 1824 763 Laurentii
1841 737 1872 763 in
1892 736 2011 764 Lucina
2029 737 2205 771 presbyteri
2223 744 2289 765 ear-

1283 780 1394 806 dinalis
1414 780 1610 812 instantiam,
1631 780 1662 806 in
1683 781 1880 815 capellanum
1900 788 1992 808 suum
2013 781 2165 809 admittit.
2186 781 2286 816 (Rzo.

1282 823 1331 857 25,
1348 824 1369 850 f.
1387 824 1456 857 255,
1473 832 1523 852 an.
1542 825 1596 857 VI,
1614 832 1638 852 c.
1660 825 1739 858 107.)

1328 924 1341 940 «
1372 912 1540 950 Johanni,
1574 913 1690 945 abbati
1722 914 1919 946 monasterii
1951 913 1990 945 de
2021 914 2138 956 Burqo
2171 913 2289 947 Sancti

1285 965 1386 1002 Petri,
1416 965 1548 998 ordinis
1577 966 1694 998 Sancti
1722 967 1906 1004 Benedicti,
1936 966 2190 1000 Lincolniensis
2217 966 2289 1000 dio-

1283 1018 1376 1055 cesis,
1407 1018 1581 1060 capellano
1609 1021 1732 1051 nostro.
1762 1020 1896 1052 Meritis
1926 1023 1985 1052 tue
2014 1020 2204 1062 probitatis
2231 1039 2287 1052 -—.

1284 1072 1366 1104 Dat.
1387 1072 1557 1113 Anagni‹·‚
1581 1072 1614 1104 X
1635 1072 1702 1104 kal.
1724 1073 1876 1113 augusti,
1898 1083 1991 1105 anno
2011 1076 2123 1105 sexto.
2146 1087 2158 1102 »

1364 1238 1447 1264 3171
1778 1237 1912 1272 Anagni,
1935 1238 1973 1265 28
1994 1238 2097 1272 juillet
2119 1239 2210 1269 1260.

1321 1292 1480 1326 Egidium,
1507 1292 1657 1319 abbatem
1685 1292 1867 1319 monasterii
1893 1292 2066 1326 Bel-gensis,
2094 1292 2126 1319 in
2152 1292 2287 1327 capella-

1282 1345 1357 1364 num
1374 1344 1466 1363 suum
1484 1336 1637 1363 admittit.
1656 1336 1753 1370 (Rea.
1772 1336 1820 1368 25,
1839 1336 1859 1363 f.
1878 1336 1936 1363 255
1954 1340 2000 1368 ν’),
2018 1343 2068 1363 an.
2087 1336 2142 1368 Vl,
2160 1343 2186 1364 c.
2206 1336 2288 1371 108.)

1327 1440 1339 1455 «
1372 1426 1510 1467 EqidiO,
1545 1426 1662 1458 abbati
1695 1425 1893 1457 monasterii
1927 1425 2121 1467 Beryensis,
2155 1425 2289 1458 ordinis

1281 1480 1398 1512 Sancti
1425 1479 1612 1516 Benedicti,
1640 1478 1856 1510 Morinensis
1883 1478 2037 1510 diocesis.
2066 1478 2201 1511 Meritis
2226 1480 2288 1512 tue

1279 1533 1469 1575 probitatis
1490 1552 1545 1564 ——.
1569 1533 1653 1564 Dat.
1677 1532 1847 1573 Anagnie,
1872 1531 1902 1563 V
1924 1531 1993 1563 kal.
2017 1531 2170 1573 augusti,
2193 1541 2287 1565 anno

1277 1589 1390 1619 sexto.
1420 1599 1433 1614 »

1359 1756 1448 1783 3172
1771 1755 1906 1790 Anagni,
1931 1756 1966 1782 17
1988 1755 2091 1789 juillet
2116 1755 2202 1784 1260.

1316 1811 1442 1838 Decano
1470 1812 1501 1837 et
1527 1810 1666 1844 capitulo
1693 1809 1840 1836 ecclesiae
1868 1809 1897 1836 S.
1926 1809 2062 1836 Deodati
2089 1809 2222 1837 mandat
2248 1810 2285 1837 ut

1221 1846 1223 1854 ¹
1276 1855 1426 1889 magistro
1449 1854 1587 1882 Gerardo
1610 1855 1647 1881 de
1670 1854 1874 1886 Nossoncort,
1896 1861 2004 1881 eorum
2026 1854 2172 1882 ecclesiae
2193 1861 2287 1882 cano-

1276 1900 1356 1931 nico,
1385 1899 1538 1926 Tullensis
1567 1899 1705 1933 episcopi
1734 1898 1884 1932 obsequio
1914 1898 2134 1931 commoranti,
2163 1898 2285 1926 fructus

1275 1944 1473 1979 praebendae
1505 1950 1579 1970 suae
1612 1950 1708 1977 quam
1739 1943 1771 1969 in
1803 1943 1871 1977 ipsa
1902 1943 2031 1970 ecclesia
2062 1942 2197 1975 obtinet,
2228 1950 2285 1978 per

1275 1988 1445 2015 triennium
1470 1988 1665 2022 integraliter
1690 1987 1878 2014 ministrent.
1905 1987 2002 2021 (REO.
2029 1987 2078 2019 25,
2104 1987 2125 2014 f.
2152 1987 2210 2014 255
2235 1990 2284 2020 νῦ,

1275 2041 1325 2061 an.
1344 2033 1398 2065 VI,
1416 2040 1441 2059 c.
1462 2032 1544 2066 109.)

1319 2133 1333 2150 «
1364 2145 1384 2153 ..
1417 2121 1542 2153 decano
1573 2122 1602 2152 et
1632 2121 1782 2163 capitulo
1813 2120 1946 2153 ecclesie
1978 2121 2095 2154 Sancti
2124 2121 2280 2158 Deodati.

1276 2174 1447 2206 Tullensis
1482 2174 1636 2206 diocesis,
1674 2175 1762 2206 Cum
1799 2174 1948 2207 dilectus
1983 2174 2078 2206 filius
2113 2174 2282 2216 magister

1272 2228 1448 2261 Gerardus
1468 2228 1510 2259 de
1531 2227 1758 2265 Nossoncort‚
1779 2227 1921 2260 ecclesie
1940 2230 2057 2260 vestre
2077 2227 2279 2265 canonicus,

1270 2281 1414 2313 clericus
1438 2281 1649 2312 venerabilis
1672 2281 1791 2312 fratris
1815 2281 1926 2312 nostri
1951 2306 1970 2312 ..
1995 2280 2168 2313 Tullensis
2191 2280 2281 2323 epis-

1269 2334 1358 2376 copi,
1383 2344 1452 2365 non
1475 2333 1591 2365 minus
1613 2334 1722 2376 ipsius
1744 2334 1899 2376 episcopi
1922 2334 2088 2366 insistens
2110 2333 2279 2376 obsequio

1269 2397 1376 2429 quam
1408 2397 1550 2429 presens
1581 2387 1615 2418 in
1647 2387 1723 2429 ipsa
1754 2387 1898 2419 ecclesia
1930 2387 2044 2419 eidem
2077 2386 2173 2419 utilis
2203 2395 2278 2419 esse

1267 2440 1388 2482 possit,
1415 2440 1684 2472 universitatem
1708 2442 1865 2472 vestram
1889 2448 2064 2481 rogamus,
2090 2449 2275 2473 monemus

1265 2496 1301 2525 et
1324 2494 1509 2525 hortamur
1531 2496 1680 2530 attente,
1706 2494 1920 2525 mandantes
1943 2493 2113 2534 quatinus
2136 2493 2277 2535 prefato

1266 2547 1436 2578 canonico
1460 2546 1495 2578 in
1520 2546 1630 2588 ipsius
1654 2546 1808 2588 episcopi
1833 2546 2003 2588 obsequio
2028 2544 2275 2583 commoranti,

1266 2600 1311 2631 ob
1333 2599 1568 2631 reverentiam
1590 2599 1792 2641 Apostolice
1814 2599 1912 2631 Sedis
1933 2601 1969 2631 et
1991 2601 2160 2636 nostram,
2183 2598 2277 2631 fruc-

1266 2655 1325 2684 tus
1353 2652 1529 2694 prebende
1558 2662 1619 2684 suc
1648 2662 1755 2694 quam
1784 2652 1818 2683 in
1847 2652 1923 2693 ipsa
1951 2651 2094 2683 eeclesia
2123 2651 2274 2689 obtinet,

1262 2715 1323 2748 per
1355 2706 1547 2737 triennium
1581 2706 1799 2745 integraliter
1831 2705 2049 2741 miiiistretis,
2086 2705 2274 2737 cotidianis

1262 2759 1574 2790 distributionibus
1601 2759 1793 2790 dumtaxat
1819 2757 1987 2799 exceptis,
2018 2758 2274 2790 consuetudine

1263 2812 1438 2844 contraria
1465 2812 1624 2853 ejusdem
1648 2812 1801 2847 ecclesie,
1827 2811 1882 2842 vel
1906 2813 2045 2842 statuto
2067 2810 2272 2852 juramento

1262 2865 1395 2896 vallato
1421 2875 1481 2896 seu
1509 2865 1680 2896 firmitate
1707 2865 1774 2896 alia
1802 2874 1871 2895 non
1898 2864 2077 2895 obstante.
2105 2864 2271 2906 Alioquin

1259 2918 1386 2949 damus
1404 2918 1532 2949 dilecto
1550 2918 1647 2949 l‘ilio..
1667 2918 1799 2949 decano
1817 2916 1959 2949 ecclesie
1986 2917 2270 2954 Liberdunensis,

1258 2970 1430 3002 Tullensis
1459 2971 1615 3008 diocesis,
1646 2971 1774 3002 nostris
1800 2968 1928 3002 litteris
1954 2969 1990 3000 in
2018 2969 2198 3002 mandatis
2228 2974 2269 3003 ut
