2477 3512
976 268 1247 314 CINQUIEME
1274 270 1439 308 ANNEE
2220 282 2261 314 57

229 378 317 404 2938
669 378 803 412 Anagni,
827 378 861 405 11
887 378 962 405 aosst
986 378 1072 404 1259.

189 430 350 457 Fratribus
372 430 523 457 militibus
546 430 718 464 Hospitalis
739 431 767 458 S.
789 431 942 458 Johannis
964 430 1154 458 Jerosolimi-

147 475 214 501 tani
227 475 392 508 chlamyde
405 475 493 508 nigra
505 476 547 507 et,
560 475 592 501 in
605 474 703 507 bellis,
717 474 951 509 superinsigniis
964 474 1152 501 militaribus

148 518 257 545 utendi
285 519 471 545 facultatem
500 519 652 546 concedit.
682 519 779 551 (Bm.
809 519 858 551 25,
887 519 908 545 f.
939 518 1007 550 217,
1036 526 1086 545 an.
1116 518 1152 550 V,

146 571 171 590 c.
191 563 272 592 172.)

191 673 201 686 <¹
256 661 417 702 nzuyislro
437 663 465 693 el
483 661 648 702 fratribus
667 661 862 703 Hos-pilulis
884 661 1000 693 Sancti
1020 661 1151 692 Jolzan-

144 713 200 744 nis
229 714 515 746 .le1·0.s·olimit(1ni.
549 716 635 745 tlum
665 715 823 746 ordinem
855 718 1013 745 vestrum
1042 714 1153 745 omni-

147 769 273 807 potens
309 767 402 798 Deus
437 767 469 798 in
506 767 660 798 Ecclesia
696 777 757 798 sua
792 767 886 798 velut
925 767 1149 808 columpnam

144 818 363 851 immobilem
398 829 502 861 super
536 820 734 851 obedientie
771 820 889 851 basem
924 821 1068 851 erexerit
1107 821 1149 851 ad

146 871 393 904 fulcimentum
438 873 671 904 necessarium
716 873 820 904 'l‘erre
866 874 1004 909 Sancte,
1051 874 1150 914 cujus

146 925 229 956 estis
256 925 388 957 athlete
415 925 537 962 incliti,
565 925 701 958 robusti
730 925 863 966 pugiles
889 929 920 957 et
952 935 1150 967 propugna-

144 980 237 1009 tores
255 978 366 1015 electi,
387 981 422 1010 et
441 988 502 1020 pro
522 978 623 1019 cujus
643 978 845 1010 defensione
865 980 907 1010 ad
929 979 1147 1020 preliandum

143 1031 250 1072 prelia
274 1031 416 1063 Domini
438 1034 561 1063 contra
583 1031 637 1063 sui
661 1032 850 1063 blasfemos
873 1032 1024 1063 nominis
1046 1033 1150 1064 salvi-

142 1084 218 1115 vice
246 1084 356 1116 crucis
382 1094 445 1116 vos
472 1084 578 1116 armis
604 1084 800 1124 insignibus
827 1085 1040 1123 accinxistis,
1068 1095 1147 1117 cum

141 1137 249 1174 etiam
273 1147 336 1169 vos
357 1138 433 1169 sitis
455 1137 606 1179 populus
630 1138 694 1169 Dei
717 1138 885 1179 egregius,
909 1147 992 1180 gens
1015 1139 1147 1179 magni-

140 1189 208 1221 fica
235 1193 269 1221 et
296 1193 439 1222 strenua
466 1190 660 1222 multitudo
686 1191 874 1231 justorum,
903 1191 1085 1223 consilium
1112 1195 1143 1223 et

141 1243 365 1284 congregatio
384 1243 531 1275 fortium
551 1243 656 1284 Regis
674 1252 807 1284 regum,
828 1243 861 1275 in
882 1253 1031 1285 quorum
1051 1254 1147 1276 reve-

139 1305 177 1327 ra
205 1296 370 1328 manibus
397 1296 502 1337 gladii
530 1299 614 1327 sunt
641 1296 813 1338 ancipites
840 1299 875 1328 et
904 1297 1068 1328 ardentes
1096 1297 1146 1328 lu-

140 1358 240 1381 cerne
273 1349 317 1381 ad
348 1349 548 1381 faciendam
579 1349 777 1381 vindictam
808 1349 843 1380 in
876 1350 1080 1381 nationibus
1111 1354 1145 1382 et

139 1402 368 1434 scrutandam
394 1402 537 1434 Domini
562 1402 758 1438 civitatem,
786 1402 888 1442 digne
914 1402 1030 1443 ipsum
1055 1403 1145 1434 ordi-

139 1464 219 1486 nem
252 1458 288 1487 et
320 1465 383 1486 vos
418 1458 589 1496 tanquam
624 1454 753 1486 Christi
788 1455 915 1486 milites
949 1455 982 1486 in
1017 1456 1145 1496 quibus

139 1508 325 1539 suscitavit
355 1508 528 1539 Dominus
556 1508 589 1538 in
617 1507 682 1538 illis
711 1507 872 1549 partibus
899 1508 1043 1539 sortium
1073 1509 1145 1540 Ma-

138 1560 352 1592 chabeorum
368 1560 544 1602 spiritum,
561 1563 596 1592 et
612 1560 761 1592 aliorum
777 1563 937 1592 veterum
953 1562 1144 1593 earundem

139 1613 295 1655 partium
320 1613 531 1645 bellatorum
555 1613 717 1654 congruis
741 1613 958 1645 intendimus
982 1614 1144 1645 roborare

138 1667 321 1698 favoribus
357 1669 391 1698 et
429 1666 613 1707 condignis
649 1666 770 1706 gratiis
807 1667 980 1707 adaugere
1016 1667 1144 1709 illaque

139 1719 241 1751 vobis
266 1720 455 1751 concedere
481 1729 548 1760 que
575 1720 618 1751 ad
646 1719 903 1751 incrementum
928 1723 1044 1751 vestre
1070 1720 1146 1752 reli—

140 1772 252 1814 gionis
283 1773 446 1814 dicteque
477 1772 580 1804 Terre
611 1772 808 1803 subsidium
839 1773 1037 1804 redundare
1068 1783 1146 1805 nos-

138 1828 282 1857 cuntur.
308 1825 397 1857 Sane
422 1825 504 1867 quia
526 1825 764 1856 intelleximus
787 1826 880 1866 quod
906 1825 997 1857 inter
1018 1825 1145 1858 fratres

141 1878 249 1910 vestri
275 1878 406 1910 ordinis
432 1878 560 1910 milites
584 1881 620 1909 et
646 1878 732 1909 alios
758 1878 851 1909 nulla
878 1878 1058 1910 distinctio
1085 1889 1146 1920 per

140 1932 295 1974 aliquam
341 1930 630 1963 indumentorum
676 1931 931 1968 diversitatem,
976 1932 1066 1963 sicut
1111 1932 1145 1964 in

141 1985 314 2026 plerisque
339 1984 415 2016 aliis
437 1984 677 2016 consimilibus
700 1984 746 2015 sit
769 1984 1004 2025 religionibus,
1030 1985 1146 2016 obser-

140 2041 256 2074 vatur,
295 2041 440 2080 propter
476 2038 570 2079 quod
609 2037 781 2078 contingit
820 2038 914 2079 quod
952 2038 1145 2070 multorum

140 2091 310 2123 nobilium
341 2091 411 2132 qui,
442 2090 565 2122 mundi
593 2090 723 2122 relictis
751 2089 931 2127 illecebris,
961 2091 1026 2122 sub
1055 2091 1147 2133 ejus-

140 2145 219 2176 dem
256 2147 373 2176 vestre
409 2143 584 2185 religionis
621 2143 747 2175 habitu
784 2142 951 2183 eligerent
987 2144 1147 2176 insistere
1197 2146 1198 2149 ’

140 2197 295 2239 predicte
329 2197 433 2228 Terre
470 2196 620 2239 presidio
656 2205 735 2237 erga
772 2197 949 2238 prefatum
987 2198 1144 2230 ordinem

139 2250 268 2282 caritas
303 2249 505 2291 refrigescit,
543 2260 605 2281 nos
640 2249 822 2291 cupientes
858 2252 897 2281 ut
931 2250 1024 2282 idem
1060 2252 1144 2282 ordo

140 2303 328 2341 continuis,
345 2305 488 2335 auctore
505 2303 669 2337 Domino,
686 2303 924 2344 amplificetur
938 2304 1143 2341 commodis,

137 2360 173 2389 et
194 2356 327 2388 votivis
348 2358 550 2388 concrescat
571 2356 781 2396 augmentis,
806 2357 1022 2397 presentium
1044 2357 1146 2389 vobis
1196 2347 1197 2365 ³

138 2410 353 2442 auctoritate
389 2409 614 2441 concedimus
650 2412 687 2440 ut
727 2409 941 2441 unanimiter
975 2412 1143 2448 statuere,

138 2473 177 2495 ac
203 2463 367 2504 deinceps
392 2462 644 2494 inviolabiliter
669 2462 856 2494 observare
882 2463 1023 2504 possitis
1049 2464 1142 2505 apud

138 2517 266 2548 tratres
297 2514 423 2557 [quod]
452 2514 581 2547 milites
609 2515 768 2556 ejusdem
797 2516 928 2547 ordinis
957 2515 1143 2548 clamidem

140 2569 275 2611 nigram
301 2568 472 2605 deferant,
502 2570 539 2599 ut
566 2568 610 2599 ab
637 2568 711 2599 aliis
736 2568 893 2609 ejusdem
921 2569 1051 2601 ordinis
1076 2570 1144 2601 fra-

138 2622 251 2654 tribus
273 2622 528 2653 discernantur.
556 2621 593 2652 In
616 2621 713 2652 bellis
735 2625 855 2653 autem
877 2622 950 2653 sive
970 2622 1005 2653 in
1028 2623 1144 2664 preliis

140 2678 288 2707 utantur
305 2674 472 2716 suppellis
489 2677 525 2706 et
543 2674 619 2706 aliis
637 2674 902 2716 superinsigniis
920 2675 1142 2712 militaribus,

142 2738 209 2770 que
235 2728 306 2759 sint
332 2727 455 2759 coloris
482 2727 588 2763 rubri,
617 2730 651 2758 et
678 2727 712 2758 in
740 2727 868 2768 quibus
894 2728 1002 2760 etiam
1029 2738 1115 2760 crux
1135 2728 1146 2748 ¹

139 2780 210 2813 albi
233 2780 358 2813 coloris
380 2780 425 2811 sit
449 2780 483 2811 in
506 2780 613 2812 vestri
639 2780 755 2811 vexilli
780 2781 924 2812 modum
948 2784 1080 2818 assuta,
1106 2784 1146 2813 ut

136 2834 170 2865 in
207 2833 409 2875 hujusmodi
446 2833 693 2865 uniformitate
728 2833 908 2874 signorum
944 2834 1142 2866 animorum

137 2886 344 2929 idemptitas
386 2887 569 2918 evidenter
607 2889 789 2927 appareat,
829 2889 864 2918 et
903 2897 945 2919 ex
981 2888 1045 2919 hoc
1084 2898 1146 2930 per

168 2997 190 3019 1.
209 2996 266 3017 nnc.
286 3002 292 3018 t
312 2996 382 3018 Crus-

1202 379 1205 466 ι

1204 506 1206 618 t

1258 389 1475 422 consequens
1517 383 1610 415 salus
1652 385 1837 424 proveniat
1883 396 2121 426 personarum.
2166 388 2260 420 Nulli

1258 436 1374 464 nostre
1404 436 1635 467 concessionis
1664 439 1731 468 etc.
1772 437 1856 469 Dat,
1886 438 2054 479 Anagnie‚
2092 440 2142 470 ΙΙΙ
2182 441 2260 472 idus

1259 488 1411 525 augusti,
1440 498 1532 519 anno
1556 489 1691 529 quinto.
1719 503 1729 516 ι)

1337 631 1424 656 2939

1300 683 1481 717 Praeposito
1512 685 1657 711 ccclesiae
1688 685 1721 711 Β.
1754 686 1881 712 Martini
1914 686 2045 719 iprensis
2076 690 2103 713 et
2137 689 2260 715 decanis

1260 727 1438 757 Insulensis,
1458 729 1641 755 Morinensis
1660 731 1689 755 et
1709 730 1912 756 Tornaccnsis
1931 731 2110 762 diocesium,
2131 734 2258 760 mandat

1258 772 1291 797 ut
1312 771 1494 803 magistrum
1515 772 1699 799 Gervasiiun
1719 774 1756 799 de
1774 773 1894 807 Brugis‚
1914 774 2033 801 dictum
2053 776 2089 801 de
2108 776 2259 807 Thorout,

1258 816 1402 842 clericum
1431 817 1634 843 'l'ornacensis
1662 817 1801 849 diocesis,
1830 818 1859 843 in
1890 819 2107 845 Herlebecensi
2134 821 2259 848 ecclesia

1255 859 1287 885 in
1306 861 1490 886 canonicum
1510 861 1657 894 recipiant
1680 861 1768 894 eique
1787 862 1823 888 de
1841 862 1946 895 aliqua
1965 864 2142 896 praebenda
2160 867 2261 898 provi-

1258 904 1351 930 deant
1369 913 1376 935 ;
1397 905 1463 931 vult
1486 907 1593 931 autem
1614 905 1792 932 ,Iohannem
1814 907 1851 932 de
1871 907 2024 940 Anagnia,
2046 908 2140 941 ipsius
2162 916 2261 943 papae

1257 949 1452 982 scriptorem,
1481 949 1623 982 praefato
1653 950 1802 982 magistro
1832 950 1980 977 Gervasio
2010 952 2039 976 in
2069 953 2261 980 assecutione

1255 993 1453 1026 praebendae
1477 994 1508 1019 in
1531 993 1598 1027 ipsa
1622 994 1748 1020 ecclesia
1773 995 1930 1021 anteferri.
1955 995 2051 1028 (Hi-to.
2076 996 2124 1027 25,
2148 998 2169 1024 f.
2193 997 2261 1027 217,

1256 1045 1306 1064 an.
1330 1037 1366 1069 V,
1389 1045 1413 1064 c.
1439 1037 1518 1071 173.)

1791 633 1924 665 Anagni,
1949 634 1984 659 10
2008 635 2069 660 mai
2094 636 2178 661 1259.

1302 1140 1312 1153 «
1336 1152 1355 1158 ..
1379 1127 1548 1168 pri-posito
1571 1127 1702 1159 ecclesie
1725 1129 1822 1159 Beati
1846 1129 1996 1160 Martini
2022 1129 2185 1170 Iprensis,
2210 1133 2260 1162 el..

1255 1179 1391 1210 [leemas
1419 1179 1621 1215 limatensis,
1648 1181 1863 1212 Morinonsis
1888 1184 1915 1212 ct
1943 1182 2166 1213 Torum-ensis
2191 1184 2261 1214 alio—

1254 1232 1391 1264 cas-ium.
1430 1233 1617 1273 Indignum
1652 1237 1701 1265 est
1740 1234 1814 1265 illos
1848 1235 1995 1276 relinqui
2029 1235 2260 1267 ecclesiastice

1255 1286 1464 1326 provisionis
1486 1289 1649 1327 expertes
1672 1287 1741 1328 qui,
1766 1288 1891 1319 dantes
1913 1298 2055 1329 operam
2078 1289 2259 1330 sapientie,

1252 1338 1348 1369 illam
1389 1340 1546 1371 studiosa
1589 1340 1824 1372 sollicitudine
1865 1344 2129 1382 comparantur.
2173 1343 2260 1373 Cum

1253 1391 1372 1432 itaque
1392 1392 1542 1423 dilectus
1562 1393 1654 1424 tilius
1672 1394 1839 1432 magister
1857 1394 2044 1425 Gervasius
2063 1395 2104 1425 de
2122 1395 2258 1435 Brugis,

1253 1444 1369 1476 dictus
1394 1446 1434 1476 de
1459 1446 1629 1481 Thorout,
1656 1446 1798 1478 clericus
1822 1447 2077 1478 'l‘hornacensis
2101 1448 2258 1485 diocesis,

1254 1497 1311 1528 diu
1340 1498 1425 1529 sicut
1457 1499 1578 1530 asserit
1608 1500 1725 1530 studio
1753 1499 1951 1531 litterarum
1979 1500 2152 1536 insistens,
2182 1511 2260 1542 pro-

1252 1550 1371 1581 fecerit
1409 1561 1469 1592 per
1504 1552 1568 1583 Dei
1602 1552 1752 1592 gratiam
1788 1553 2013 1584 laudabiliter
2046 1553 2079 1583 in
2114 1554 2256 1588 eisdem,

1254 1603 1460 1644 nullumque
1478 1604 1525 1635 sit
1543 1604 1818 1636 ecclesiasticum
1838 1606 2047 1636 beneficium
2067 1609 2258 1642 assecutus,

1254 1665 1317 1686 nos
1338 1657 1566 1688 attendentes
1586 1657 1763 1689 laudabile
1785 1658 2030 1689 testimonium
2052 1658 2145 1699 quod
2167 1659 2197 1689 ei
2219 1660 2260 1690 de

1253 1709 1345 1740 dono
1373 1709 1517 1741 scientie
1545 1720 1584 1741 ac
1613 1710 1769 1742 honestis
1797 1711 1952 1742 moribus
1980 1711 2194 1752 perhibetur,
2223 1715 2259 1743 et

1253 1772 1314 1803 per
1338 1762 1402 1794 hoc
1426 1772 1507 1794 eum
1531 1763 1671 1805 speciali
1696 1763 1897 1805 Apostolice
1923 1764 2022 1795 Sedis
2045 1764 2157 1805 gratia
2182 1774 2262 1806 pro-

1251 1818 1448 1856 sequentes,
1477 1817 1690 1848 mandamus
1717 1817 1885 1857 quatinus
1911 1817 2026 1858 ipsum
2053 1817 2108 1848 vel
2136 1827 2259 1859 procu—

1251 1871 1405 1899 ratorem
1429 1879 1532 1900 suum
1555 1872 1613 1900 aut
1641 1869 1748 1901 alium
1771 1870 1847 1909 ejus
1870 1870 2010 1901 nomine
2033 1870 2066 1901 in
2092 1870 2258 1902 Herlebe-

1252 1922 1343 1952 censi
1384 1922 1538 1957 ecclesia,
1579 1923 1737 1962 ejusdem
1778 1923 1934 1957 diocesis,
1975 1934 2037 1953 vos
2076 1923 2130 1954 vel
2169 1923 2259 1955 alter

1253 1977 1410 2006 vestrum
1435 1975 1649 2006 auctoritate
1674 1979 1792 2007 nostra
1818 1986 1878 2017 per
1899 1986 1962 2007 vos
1985 1976 2038 2007 vel
2064 1975 2171 2008 alium
2195 1979 2258 2008 aut

1253 2027 1338 2059 alios
1367 2028 1472 2069 recipi
1501 2028 1641 2060 faciatis
1670 2029 1703 2059 in
1733 2029 1941 2060 canonicum
1971 2032 2004 2061 et
2035 2029 2069 2060 in
2098 2029 2255 2067 fratrem,

1252 2081 1353 2123 eique
1377 2081 1552 2122 provideri
1573 2081 1646 2113 sive
1669 2082 1885 2123 provideatis
1907 2083 1949 2114 de
1971 2083 2149 2124 prebenda
2172 2083 2256 2114 nulli

1253 2133 1310 2165 alii
1334 2135 1375 2165 de
1396 2134 1473 2175 jure
1496 2134 1615 2166 debita
1639 2135 1666 2166 si
1689 2138 1795 2166 vacat
1817 2135 1947 2167 ibidem
1971 2136 2014 2167 ad
2039 2145 2180 2177 presens
2202 2135 2256 2167 vel

1253 2187 1517 2229 quamprimum
1555 2188 1598 2219 ad
1636 2188 1670 2219 id
1709 2188 1878 2220 obtulerit
1914 2198 1949 2220 se
1986 2188 2148 2225 facultas,
2187 2199 2256 2220 non

1252 2240 1417 2272 obstante
1439 2241 1533 2282 quod
1554 2241 1646 2272 idem
1667 2241 1702 2272 in
1722 2241 1956 2273 i'Xnthoniensi
1976 2241 2119 2273 ecclesia
2139 2251 2257 2283 recep-

1252 2297 1309 2325 tus
1338 2293 1500 2331 existitit,
1532 2294 1573 2325 dc
1603 2304 1672 2335 quo
1702 2294 1837 2326 nullum
1866 2297 1917 2326 est
1948 2295 2185 2332 commodum,
2217 2298 2255 2326 ut

1252 2347 1386 2383 asserit,
1419 2349 1610 2383 assecutus,
1643 2348 1715 2378 sive
1747 2350 1884 2379 statuto
1916 2348 1957 2379 de
1989 2351 2084 2379 certo
2115 2348 2257 2379 canoni-

1252 2410 1371 2431 corum
1409 2410 1565 2436 numero,
1601 2400 1814 2440 juramento,
1852 2401 2122 2432 confirmatione
2159 2401 2256 2433 Sedis

1252 2453 1452 2494 Apostolice
1479 2456 1542 2485 aut
1568 2454 1633 2485 alia
1661 2454 1832 2485 firmitate
1860 2454 2002 2491 vallato,
2029 2464 2089 2486 seu
2115 2454 2143 2485 si
2169 2454 2256 2486 dire-

1252 2506 1367 2538 ximus
1395 2507 1429 2537 in
1458 2507 1581 2538 eadem
1609 2506 1753 2539 ecclesia
1781 2507 1912 2549 scripta
1941 2510 2060 2539 nostra
2090 2517 2151 2549 pro
2180 2507 2256 2539 aliis

1251 2559 1380 2601 quibus
1411 2560 1625 2591 auctoritate
1658 2560 1875 2601 presentium
1907 2560 2070 2591 nolumus
2103 2560 2255 2602 prejudi-

1251 2612 1343 2644 cium
1368 2613 1535 2653 generari,
1560 2613 1614 2644 vel
1640 2613 1692 2645 si..
1718 2613 1920 2655 preposito..
1947 2614 2078 2645 decano
2103 2616 2137 2644 et
2162 2613 2255 2654 capi·

1252 2665 1326 2697 tulo
1346 2665 1455 2707 ipsius
1474 2666 1615 2698 ecclesie
1636 2667 1871 2698 communiter
1892 2667 1945 2697 vel
1967 2666 2105 2697 divisim
2127 2676 2145 2697 a
2168 2666 2253 2697 Sede

1251 2719 1294 2750 sit
1333 2718 1511 2750 indultum
1549 2720 1671 2750 eadem
1710 2720 1804 2761 quod
1843 2720 1886 2751 ad
1926 2719 2159 2760 receptionem
2200 2719 2252 2750 vel

1251 2771 1487 2813 provisionem
1513 2772 1661 2813 alicujus
1686 2772 1858 2814 compelli,
1885 2773 1957 2804 sive
1983 2772 2153 2806 interdici,
2180 2781 2253 2803 sus-

1251 2824 1355 2866 pendi
1389 2825 1443 2856 vel
1475 2825 1773 2856 excommunicari
1806 2835 1874 2857 non
1908 2825 2053 2867 possint,
2087 2825 2251 2865 quodque

1252 2878 1293 2909 de
1327 2877 1504 2909 beneficiis
1537 2878 1781 2919 spectantibus
1812 2879 1856 2909 ad
1889 2878 2111 2909 collationem
2145 2877 2252 2918 ipsius

1253 2930 1430 2971 prepositi,
1458 2931 1503 2962 ad
1531 2941 1635 2972 quem
1662 2931 1803 2962 collatio
1832 2931 2087 2972 prebendarum
2116 2930 2150 2961 in
2177 2940 2253 2971 pre-

1251 2983 1344 3014 dicta
1386 2983 1529 3015 ecclesia
1571 2987 1729 3024 spectare
1768 2983 1897 3015 (licitur
1952 2983 2032 3014 nulli
2077 2983 2251 3024 provideri
