2477 3512
178 255 223 289 90
875 248 1146 283 REGISTRES
1171 247 1525 283 D'ALEXANDRE
1554 247 1603 281 IV

179 360 247 390 «de
270 358 468 395 Aniblione,
492 358 664 390 decanum
688 357 820 388 Montis
843 357 964 389 Sancti
986 357 1125 389 Andree
1147 357 1182 388 in

179 411 396 448 «Sabaudia,
432 412 591 452 ejusdem
627 410 760 443 domini
796 419 886 451 pape
922 410 1182 451 cappellanum,

177 477 191 493 α
206 464 306 496 nobis
328 464 497 495 obtulerit
519 472 664 505 regnum
688 463 801 495 Sicilie
823 465 858 494 et
880 462 1006 504 Apulie
1028 463 1072 494 ad
1095 472 1185 504 opus

177 530 191 546 «
206 517 398 555 Edmundi,
419 517 482 548 filii
504 516 624 553 nostri,
645 519 681 548 et
701 515 870 547 heredum
891 525 1035 547 suorum
1055 515 1185 546 utrius-

178 582 190 599 ι(
205 580 272 612 (1118
308 579 412 602 sexus
447 570 481 600 in
519 572 730 611 perpetuum
769 568 973 605 tenendum,
1012 568 1112 599 nobis
1147 570 1184 600 et

178 635 190 652 «
205 623 363 665 predicto
397 622 450 659 E„
485 622 654 663 quamdiu
689 621 892 658 vixerimus,
927 623 963 653 ct
996 620 1184 652 heredibus

177 676 333 707 «nostris
353 678 434 717 post
454 675 569 717 ipsum
590 675 617 706 si
638 675 731 706 idem
753 674 792 706 E.
814 674 887 705 sine
908 674 1025 705 liberis
1046 673 1184 710 obierit,

177 729 298 770 «quod
322 728 426 764 absit,
449 731 485 759 et
508 728 599 759 idem
623 727 787 759 dominus
811 736 902 769 papa
925 727 1027 758 vobis
1049 726 1186 758 dederit

177 782 239 813 «in
264 781 443 813 mandatis
469 784 508 813 ut
533 781 732 823 predictum
757 789 902 820 regnum
928 780 972 811 ad
998 789 1086 821 opus
1110 788 1186 820 pre-

177 834 291 866 «dicti
315 834 355 866 E.
382 834 493 871 nobis,
519 837 557 865 ut
584 834 782 875 predictum
803 836 868 870 est,
889 832 1087 869 conteretis,
1112 842 1184 869 nos,

175 887 247 919 «ob
278 887 512 919 reverentiam
542 887 652 928 ipsius
682 886 814 918 domini
847 896 935 927 pape
965 889 999 917 et
1033 885 1185 916 Ecclesie

174 941 375 977 «Romane,
405 940 623 971 oblationem
651 940 848 982 predictam
878 939 1121 980 approbantes
1147 940 1183 969 et

174 993 382 1025 «humiliter
418 993 662 1030 admittentes,
703 993 850 1024 dilectos
877 992 1020 1023 clericos
1048 994 1186 1022 nostros

175 1047 381 1088 «prefatum
405 1046 607 1078 johannem
633 1046 675 1077 de
700 1046 887 1077 Amblionc
913 1048 948 1077 et
975 1045 1182 1085 magistrum

175 1100 241 1130 «P.
295 1100 336 1131 de
381 1099 557 1140 Evingam
614 1099 823 1130 canonicum
880 1098 1185 1134 llerel‘ordenseni,

176 1153 246 1183 «ad
282 1162 344 1183 vos
379 1152 546 1185 duximus
583 1151 887 1188 transmittendos,
923 1151 1185 1183 constituentes

175 1205 343 1237 «eosdem
374 1207 620 1246 procuratores
652 1207 790 1236 nostros
821 1204 1000 1246 speciales,
1033 1206 1068 1235 ct
1100 1213 1182 1235 con-

175 1258 366 1290 «cedentes
394 1258 526 1290 eisdem
555 1257 695 1299 plenam
724 1260 760 1289 et
787 1257 936 1289 liberam
964 1259 1181 1299 potestatem

175 1311 247 1342 «ad
272 1311 471 1352 predictum
495 1319 642 1351 regnum
666 1320 686 1342 a
709 1310 812 1343 vobis
836 1310 977 1342 nomine
1002 1313 1122 1342 nostro
1147 1312 1183 1341 et

176 1364 331 1405 «prefati
366 1364 406 1395 E.
441 1363 503 1394 11111
538 1363 659 1400 nostri,
695 1366 729 1394 et
764 1363 989 1395 collationem
1023 1363 1183 1404 ejusdem

176 1417 298 1457 «regni
322 1416 559 1458 recipiendam
583 1416 776 1447 secundum
803 1417 897 1457 quod
922 1426 985 1447 vos
1010 1426 1077 1447 una
1102 1425 1183 1447 cum

175 1469 463 1501 «venerabilibus
490 1469 651 1510 patribus
679 1470 718 1500 O.
747 1469 868 1500 Sancti
893 1469 1040 1500 Adriani
1067 1469 1184 1500 diaco-

177 1534 188 1550 «
205 1532 248 1553 no
285 1522 465 1558 cardinali,
504 1522 679 1563 Philippo,
718 1522 945 1563 Lugduncnsi
982 1522 1104 1559 electo,
1144 1522 1182 1553 P.

176 1587 188 1603 (ι
204 1575 453 1606 llerei'ordcnsi
470 1575 633 1616 episcopo
651 1578 686 1606 et
703 1575 767 1606 Th.
786 1576 828 1606 de
846 1575 1024 1606 Sabaudia
1042 1575 1182 1611 comite,

177 1627 242 1659 «P.
268 1628 310 1659 de
336 1628 524 1664 Sabaudia,
550 1628 715 1659 „Iohanne
740 1628 873 1659 Mansel
900 1628 1078 1669 preposito
1105 1628 1184 1659 Ber-

177 1680 403 1712 «velaeensil
433 1683 469 1712 et
496 1680 533 1712 Ι).
556 1681 749 1721 (1301131101,
785 1680 1056 1712 archidiaconus
1094 1681 1182 1721 (sic)

177 1733 379 1770 «Wellensi,
410 1736 481 1764 tam
508 1743 615 1775 super
640 1734 796 1765 subsidio
825 1734 924 1764 nobis
951 1734 1113 1765 faciendo
1139 1735 1182 1765 ad

177 1786 403 1827 «predictum
442 1786 623 1827 negotium
661 1787 946 1827 prosequendum
985 1789 1019 1817 et
1058 1797 1183 1818 0011511-

177 1851 189 1867 «
205 1840 375 1871 mauduni
394 1849 501 1880 quam
520 1849 625 1880 super
643 1839 718 1870 aliis
738 1839 1001 1870 comlitionibus
1021 1840 1185 1870 omnibus

177 1892 423 1933 «apponendis
444 1895 479 1923 et
501 1892 724 1923 removendis
745 1892 912 1923 (luxerint
933 1892 1182 1929 ordinandum,

177 1947 239 1976 «et
273 1945 318 1976 ad
354 1945 550 1986 predictam
587 1945 847 1976 ordinationem
884 1945 1034 1977 firmiter
1069 1946 1185 1977 obser-

177 2010 189 2025 «
205 1998 370 2034 vandam,
391 2008 452 2029 nos
472 1998 614 2029 domino
634 2007 724 2039 pape
742 2000 777 2029 et
797 1998 950 2029 Ecclesie
972 1998 1130 2030 Romane
1148 2001 1184 2030 ct

177 2062 189 2078 «
204 2050 305 2082 vobis
328 2060 388 2091 per
410 2050 473 2082 has
495 2051 631 2082 litteras
656 2053 794 2082 nostras
818 2053 981 2092 patentes
1004 2052 1184 2084 reddimus

177 2103 389 2143 «obligatos,
419 2106 561 2143 gratum
591 2106 623 2135 et
656 2104 798 2135 firmum
829 2104 985 2135 habituri
1015 2105 1183 2146 quiequid

177 2156 353 2197 «predicti
375 2159 619 2197 procuratores
643 2157 751 2187 nostri
775 2157 920 2188 fecerint
941 2167 1046 2198 super
1067 2168 1184 2199 recep-

178 2222 190 2236 «
206 2209 300 2240 tione
339 2209 494 2250 predicta
536 2213 635 2250 prout
677 2210 836 2250 superius
874 2213 927 2241 est
965 2221 1181 2251 expressum.

178 2274 189 2289 «
210 2261 247 2292 ln
267 2261 368 2303 cujus
387 2263 434 2293 rei
456 2263 699 2293 testimonium
718 2265 785 2294 etc.
809 2265 897 2294 teste
917 2273 971 2294 me
992 2263 1066 2304 ipso
1087 2264 1182 2305 apud

179 2314 387 2351 «Vesatum,
422 2314 493 2345 Xll
527 2315 581 2346 (lie
612 2315 789 2352 februarii,
823 2326 915 2347 anno
946 2317 1042 2357 regni
1074 2317 1186 2348 nostri

179 2367 391 2399 «trecesimo
422 2370 560 2399 octavo.
594 2380 605 2396 »

225 2432 238 2448 «
266 2420 420 2451 Litteras
448 2430 543 2452 meas
572 2421 738 2462 predictis
766 2422 1052 2462 procuratoribus
1082 2432 1185 2464 supre

178 2484 192 2502 α
207 2473 429 2505 concessione
447 2473 541 2514 regni
560 2473 672 2505 Sicilie
690 2474 822 2505 contuli
841 2475 874 2505 in
895 2475 958 2506 1130
976 2475 1089 2507 1011113
1109 2486 1115 2506 :

672 2572 843 2605 Vendome,
867 2574 884 2600 6
907 2581 989 2601 111315
1014 2575 1100 2601 1254.

226 2638 238 2653 «
254 2626 344 2657 Viris
360 2626 516 2667 providis
531 2629 566 2657 et
582 2627 740 2658 discretis
756 2627 911 2659 ι1011311111
929 2628 970 2659 (10
986 2628 1184 2666 Amblione,

181 2691 193 2706 «
209 2679 342 2710 decano
366 2679 485 2710 Sancti
508 2679 646 2711 Andree
670 2680 703 2711 in
727 2680 916 2718 Sabaudia,
941 2681 1074 2713 domini
1096 2692 1187 2724 pape

182 2731 401 2773 «capellano,
437 2732 605 2772 magistro
642 2733 746 2764 Petro
780 2734 822 2764 de
857 2733 982 2774 Uguia,
1018 2736 1187 2767 canonico

182 2797 194 2812 «
210 2784 470 2821 Herefordensi,
516 2785 647 2817 clericis
697 2786 854 2818 domini..
906 2787 1052 2820 illustris
1099 2789 1188 2829 regis

183 2837 344 2877 «Anglie,
376 2838 553 2874 Allienus,
587 2839 719 2869 domini
752 2850 841 2880 pape
874 2840 1043 2877 notarius,
1075 2841 1187 2883 Apos-

217 2938 236 2957 1.
255 2937 314 2961 Sic:
334 2937 351 2958 u
370 2938 480 2959 faudrait
500 2939 672 2959 Beue-riacensi.
694 2940 733 2959 On
752 2941 896 2961 retrouvera
916 2940 972 2965 plus
993 2940 1043 2961 loln
1063 2941 1086 2962 la
1106 2941 1187 2962 meme

182 2972 267 2996 (orme.
282 2974 305 2993 et
320 2973 386 2994 aussi
399 2973 582 2994 Betvsslecellsis.

1286 369 1297 382 υ
1315 356 1416 388 101108
1449 355 1548 387 Sedis
1578 355 1716 395 legatus
1746 356 1898 388 salutem
1930 357 1964 388 in
1998 357 2162 389 Domino.
2198 357 2295 390 Inter

1286 412 1448 441 «ceteros
1479 417 1575 449 reges
1605 409 1729 440 mundi
1760 409 1945 441 dominum
1975 409 2148 442 illustrem
2179 419 2295 452 regem

1287 462 1439 501 «Anglie
1474 462 1635 493 Romana
1671 461 1826 494 Ecclesia
1860 465 2045 504 tamquam
2077 464 2153 503 eius
2184 464 2299 496 filium

1287 515 1547 556 «predilcctum
1578 514 1634 546 illa
1654 516 1664 535 ¹
1696 515 1933 547 benivolentie
1963 517 2188 557 prerogativa
2218 526 2298 558 pro-

1288 579 1301 596 «
1315 568 1476 609 sequitur
1497 570 1533 599 et
1555 568 1697 604 favoris,
1722 568 1852 610 illoque
1874 568 2088 601 sinceritatis
2110 569 2235 601 ardore
2257 579 2298 602 ac

1288 621 1452 652 «fervore
1485 620 1735 662 complectitur
1766 621 1926 653 caritatis
1960 624 2000 654 ut
2033 622 2187 654 donariis
2219 631 2297 664 gra-

1289 673 1460 710 «tiarum,
1500 674 1674 705 honorum
1712 674 1931 711 extollentia,
1970 677 2007 706 et
2043 675 2300 717 preeminentia

1289 739 1302 754 «
1316 726 1534 767 dignitatum
1555 727 1670 768 ipsum
1691 737 1731 758 eo
1752 727 2017 769 spectabi[li]us
2037 728 2189 770 preferre
2210 728 2300 760 desi-

1289 780 1415 811 «deret
1449 780 1667 822 principibus
1707 783 1742 812 et
1796 780 1936 821 regibus
1985 781 2168 818 universis,
2228 791 2298 824 quo

1290 845 1302 860 «
1317 833 1500 865 sollicitius
1521 833 1632 875 ipsius
1649 833 1881 875 beneplacitis
1897 834 2127 876 complacere,
2144 844 2299 867 annuere

1291 886 1509 923 «desideriis,
1554 886 1825 918 necessitatibus
1866 887 2055 920 subvenire
2096 897 2136 921 ac
2178 888 2300 921 adesse

1291 939 1537 970 «utilitatibus
1569 938 1742 971 hactenus
1775 940 1915 972 studuit
1947 940 1982 972 in
2016 941 2300 983 promptitudine

1291 992 1519 1024 «devotionis
1543 995 1580 1024 et
1604 992 1689 1024 fidei
1716 993 1882 1034 puritate.
1911 993 2013 1026 Unde
2040 994 2135 1036 quod
2160 994 2302 1026 exstitit

1290 1045 1352 1076 «in
1379 1045 1456 1086 ejus
1482 1045 1718 1087 possibilitate
1744 1046 1913 1087 grandius
1939 1047 2106 1089 quodque
2130 1047 2167 1080 in
2191 1047 2302 1090 ipsius

1290 1098 1552 1130 «facultatibus
1594 1097 1874 1141 h0[no]rabilius
1916 1099 2031 1132 carius
2073 1100 2227 1132 habetur
2267 1104 2303 1134 et

1290 1163 1302 1179 «
1318 1151 1445 1193 majus,
1481 1152 1647 1184 dominus
1681 1162 1774 1194 papa
1809 1162 1879 1184 una
1912 1162 1994 1185 cum
2026 1153 2100 1185 suis
2131 1153 2303 1187 fratribus

1289 1205 1456 1246 «pretato
1503 1206 1574 1246 regi
1619 1205 1813 1238 liberaliter
1857 1205 1991 1238 obtulit
2035 1207 2303 1245 conferendum,

1289 1257 1433 1290 «Sicilie
1456 1258 1623 1291 videlicet
1647 1267 1795 1300 regnum
1820 1268 1962 1297 vacans,
1989 1260 2083 1301 quod
2108 1262 2162 1292 est
2186 1260 2306 1294 Eccle-

1288 1311 1366 1343 «sie
1388 1312 1550 1353 speciale,
1573 1322 1636 1354 spe
1659 1321 1699 1344 ac
1721 1312 1933 1344 credulitate
1954 1314 2080 1345 tenens
2100 1313 2306 1347 firmissima

1289 1375 1303 1393 «
1318 1365 1413 1406 quod
1436 1365 1530 1396 idem
1554 1375 1616 1397 rex
1638 1365 1822 1397 detestans
1842 1365 2086 1398 indevotionis
2107 1369 2144 1398 et
2166 1376 2307 1409 perver-

1289 1418 1433 1449 «sitatis
1464 1428 1582 1460 opera,
1614 1429 1654 1450 ac
1685 1418 1921 1450 abhominans
1948 1418 2149 1460 iniquitatis
2172 1422 2208 1452 et
2228 1429 2305 1462 pre-

1289 1471 1530 1512 «sumptionis
1553 1472 1741 1503 audaciam
1764 1480 1885 1511 regum
1908 1471 2062 1513 plurium
2085 1472 2171 1504 dicti
2192 1473 2302 1514 regni,

1290 1543 1304 1560 «
1319 1523 1390 1565 qui,
1414 1524 1517 1555 nimis
1538 1525 1657 1556 l'orsan
1679 1525 1755 1566 ejus
1776 1525 1903 1566 opibus
1924 1527 1960 1556 et
1982 1525 2114 1558 deliciis
2134 1525 2304 1564 excecati,

1291 1587 1591 1619 «nonnumquam
1624 1578 1793 1609 Sanctam
1825 1578 2033 1615 Ecclesiam,
2067 1581 2220 1611 matrem
2249 1588 2306 1611 su·-

1290 1641 1303 1659 «
1317 1640 1373 1661 ani
1389 1633 1425 1662 et
1440 1631 1622 1662 dominam
1637 1631 1722 1663 dicti
1736 1631 1842 1672 regni,
1860 1641 1995 1663 necnon
2008 1631 2102 1663 viros
2114 1631 2303 1674 religiosos,

1290 1684 1490 1720 «ecclesias,
1522 1694 1690 1725 personas
1718 1684 1975 1716 ecclesiasticas
2002 1684 2170 1725 gravibus
2197 1685 2306 1718 laces-

1290 1740 1439 1768 «serunt
1471 1737 1610 1778 injuriis
1640 1740 1676 1768 et
1708 1736 1889 1778 pressuris,
1922 1739 2111 1779 tamquam
2142 1737 2306 1780 princeps

1291 1790 1514 1822 «catholicus
1537 1790 1680 1821 inclitus
1703 1792 1739 1821 et
1762 1800 1866 1821 verus
1890 1790 2008 1822 adleta
2035 1790 2125 1831 (sic)
2149 1790 2305 1824 Ecclesie

1291 1838 1353 1874 «in
1387 1844 1523 1875 fervore
1557 1845 1726 1884 perpetue
1758 1843 2001 1884 subjectionis,
2036 1843 2238 1876 devotionis
2268 1846 2305 1877 et

1291 1897 1520 1928 «obedientie
1542 1896 1702 1928 Romane
1724 1895 1878 1928 Ecclesie
1899 1897 2166 1938 perseverantia
2185 1897 2308 1930 incon·

1291 1960 1420 1983 «cussa
1453 1950 1631 1992 persistat,
1670 1950 1746 1991 ejus
1787 1949 1974 1992 precipuus
2005 1950 2140 1982 zelator
2163 1950 2306 1983 honoris

1291 2004 1427 2045 «ipsius
1459 2006 1624 2045 prompte
1656 2004 1814 2045 parendo
1848 2003 2090 2045 beneplacitis,
2125 2003 2306 2038 desideriis

1291 2058 1519 2094 «annuendo,
1548 2066 1587 2088 ac
1615 2056 1779 2088 ecclesias
1807 2059 1844 2088 et
1872 2066 2039 2098 personas
2066 2056 2244 2098 religiosas
2270 2058 2307 2089 et

1291 2110 1573 2142 «ecclesiasticas
1601 2109 1713 2151 (cnm)
1735 2112 1920 2151 tamquam
1960 2109 2087 2141 Christi
2130 2109 2304 2142 familiam

1291 2163 1414 2203 «regni
1450 2162 1663 2194 defensionis
1698 2165 1733 2194 et
1770 2162 2000 2204 protectionis
2036 2162 2146 2204 clipeo
2183 2162 2303 2195 defen-

1291 2217 1428 2248 «sando
1462 2226 1590 2258 easque
1624 2215 1784 2257 plurimis
1816 2215 2021 2256 ampliando
2055 2215 2235 2248 beneficiis
2266 2217 2302 2248 et

1291 2270 1542 2301 «confovendo
1576 2269 1746 2310 presidiis,
1775 2268 1929 2300 consiliis
1961 2271 1997 2300 et
2030 2268 2170 2300 auxiliis
2203 2277 2306 2310 opor-

1291 2323 1429 2355 «tuuis.
1467 2323 1631 2354 Prei'atus
1666 2321 1789 2363 itaque
1825 2331 1886 2353 rex
1922 2324 1962 2352 ut
1996 2321 2093 2353 sacto
2129 2324 2165 2353 et
2200 2330 2304 2363 opere

1292 2377 1444 2408 «deceat
1478 2386 1524 2412 58,
1560 2375 1652 2406 sicut
1687 2375 1729 2406 de
1763 2375 1839 2416 ipso
1874 2374 2025 2406 confidit
2059 2376 2094 2406 et
2129 2373 2303 2416 presumit

1292 2429 1476 2461 «Ecclesia
1502 2429 1537 2460 in
1564 2428 1673 2469 ipsius
1699 2428 1849 2459 existere
1876 2427 2065 2459 devotione
2091 2427 2301 2464 ferventem,

1292 2482 1441 2514 «haberi
1470 2482 1514 2513 ad
1544 2481 1620 2522 ejus
1649 2481 1818 2522 obsequia
1848 2480 2105 2522 promptiorem
2134 2480 2301 2522 quodque

1292 2536 1497 2568 «dictorum
1522 2533 1655 2565 domini
1680 2544 1771 2575 pape
1794 2536 1830 2566 et
1853 2534 2005 2565 fratrum
2030 2533 2123 2565 votis
2147 2542 2302 2566 annuere

1292 2599 1360 2621 «ae
1389 2588 1630 2620 obsecundare
1660 2587 1840 2619 desideriis
1870 2596 1980 2628 prona
2011 2589 2129 2618 mente
2159 2595 2302 2628 promp-

1293 2642 1437 2683 «tisque
1469 2640 1660 2672 affectibus
1693 2643 1878 2681 tamquam
1910 2639 2109 2671 honestatis
2139 2642 2175 2671 et
2207 2648 2304 2671 reve-

1294 2708 1306 2724 «
1321 2694 1433 2727 rentie
1452 2694 1546 2725 filius
1565 2693 1803 2734 concupiscat,
1824 2693 2042 2724 oblationem
2060 2691 2189 2734 prefati
2206 2691 2304 2734 regni

1292 2748 1385 2780 «sibi
1419 2756 1481 2789 per
1512 2756 1586 2782 vos,
1623 2746 1797 2778 decanum
1830 2756 1874 2778 ex
1907 2748 2008 2787 parte
2042 2744 2176 2777 domini
2209 2754 2300 2786 pape

1291 2801 1463 2837 «factam,
1489 2798 1630 2831 nomine
1656 2799 1868 2836 Edemundi,
1894 2799 1969 2830 nati
1993 2798 2057 2835 sui,
2083 2801 2118 2829 et
2142 2797 2301 2829 collatio-

1292 2864 1400 2886 «110111
1427 2853 1469 2885 de
1494 2853 1570 2894 ipso
1596 2853 1797 2885 faciendam
1823 2862 1842 2884 3
1869 2852 1969 2884 nohis
1994 2849 2060 2883 sub
2086 2850 2300 2892 quibusdam

1325 2975 1346 2996 1.
1366 2975 1428 3000 Reg.
1445 2981 1450 2995 :
1468 2974 1543 2995 illam.
