2477 3512
918 258 1196 299 QUATRIEME
1211 259 1374 292 ANNEE
2139 268 2205 302 833

85 357 186 388 dinali
205 356 329 386 factum
348 358 397 386 est
416 358 524 386 ratum
543 358 575 386 et
593 356 725 385 firmum
744 356 909 390 habentes,
929 356 962 385 id
981 359 1092 386 aucto-

87 410 184 439 ritate
202 409 377 447 apostolica
397 409 582 438 duxerimus
601 408 869 443 confirmandum,
899 409 1091 438 mandamus

87 462 240 501 quatinus
263 461 366 490 eidem
389 461 529 490 auditori
552 461 584 490 in
608 461 752 499 predicta
776 461 940 499 provincia
965 461 1003 490 de
1027 469 1091 490 uno

86 513 138 543 vel
156 513 299 552 pluribus
318 512 537 541 ecclesiasticis
555 512 728 546 beneficiis,
748 513 846 542 etiam
864 513 890 542 si
908 521 1017 542 curam
1036 512 1092 541 ha-

87 565 186 594 beant
208 565 398 598 animarum,
422 564 598 593 secundum
620 573 823 593 communem
845 564 1090 593 extimationem

86 618 186 647 annui
217 617 334 646 valoris
366 617 601 655 quinquaginta
633 626 813 646 marcarum
845 618 886 646 ad
918 617 1033 651 minus,
1066 617 1092 646 si

87 671 206 699 vacant
227 669 346 698 ibidem
367 669 408 699 ad
430 678 558 708 presens
579 670 630 698 vel
653 669 893 708 quamprimum
915 669 956 698 ad
977 669 1010 698 id
1032 670 1088 699 ob-

86 720 197 750 tulerit
218 730 250 750 se
272 721 419 755 facultas,
441 721 536 759 juxta
558 721 744 759 hujusmodi
766 721 1001 750 ordinationem
1023 730 1093 759 pre-

87 773 165 803 dicti
182 773 361 807 cardinalis‚
379 782 435 811 per
447 775 479 802 te
492 773 543 803 vel
561 782 616 812 per
633 773 731 802 alium
748 774 915 811 providere
933 782 1091 811 procures,

86 825 206 855 faciens
234 834 307 854 eum
334 825 385 854 vel
414 828 653 863 procuratorem
682 835 776 855 suum
805 826 873 864 ejus
903 826 1030 855 nomine
1059 826 1090 855 in

85 877 223 906 ecclesiis
238 877 271 906 in
289 878 406 915 quibus
422 878 450 907 ei
468 878 595 907 duxeris
612 878 858 916 providendum,
885 879 910 908 si
928 879 1092 917 collegiate

86 928 217 963 fuerint,
242 929 339 968 recipi
363 930 396 959 in
422 929 611 959 canonicum
637 932 669 958 et
694 930 726 959 in
752 930 895 959 fratrem.
923 931 995 960 Non
1022 932 1093 960 obs-

86 982 178 1010 tante
197 983 323 1011 statuto
343 982 382 1012 de
401 984 488 1012 certo
508 982 733 1012 canonicorum
754 991 885 1012 numero
898 983 1092 1021 juramento,

86 1032 331 1064 confirmatione
354 1035 442 1065 Sedis
463 1034 647 1073 Apostolice
669 1035 719 1064 vel
742 1044 934 1073 quacunque
956 1035 1017 1064 alia
1039 1035 1093 1064 fir-

86 1085 201 1115 mitate
210 1086 332 1116 vallato
342 1087 393 1116 vel
401 1087 427 1116 si
436 1089 485 1116 est
495 1087 656 1126 aliquibus
667 1087 708 1116 ab
719 1088 831 1117 eadem
841 1088 920 1117 Sede
930 1088 1092 1117 indultum

87 1138 173 1178 quod
194 1139 235 1168 ad
256 1139 471 1178 receptionem
492 1148 547 1168 seu
569 1140 783 1178 provisionem
812 1140 947 1178 alicujus
963 1140 1094 1169 minime

86 1193 260 1221 teneantur
269 1192 419 1231 quodque
431 1192 589 1226 interdici,
601 1192 754 1231 suspendi
763 1193 813 1222 vel
823 1192 1093 1222 excommunicari

86 1252 150 1273 non
173 1244 308 1282 possint,
332 1246 365 1274 et
388 1245 474 1283 quod
498 1245 536 1274 de
560 1244 723 1274 beneficiis
747 1245 788 1274 ad
811 1245 1015 1274 collationem
1038 1254 1093 1274 seu

86 1297 359 1334 presentationem
388 1306 499 1326 eorum
527 1297 750 1335 spectantibus
780 1298 857 1326 nulli
886 1297 994 1326 valeat
1022 1306 1094 1335 pro-

84 1348 186 1379 videri
203 1358 260 1387 per
275 1349 399 1379 litteras
416 1350 609 1388 apostolicas
627 1359 689 1388 que
707 1350 746 1379 de
762 1350 889 1379 indulto
908 1349 1093 1387 hujusmodi

83 1401 212 1440 plenam
229 1404 262 1431 et
277 1411 460 1440 expressam
477 1411 540 1432 non
557 1402 691 1432 fecerint
707 1402 914 1436 mentionem,
932 1403 999 1432 sive
1016 1411 1095 1440 qua-

84 1454 164 1484 libet
185 1454 247 1484 alia
269 1454 469 1493 indulgentia
493 1455 577 1484 dicte
600 1455 689 1485 Sedis
713 1455 751 1484 de
774 1455 866 1492 cujus
889 1457 960 1484 toto
983 1457 1094 1484 tenore

85 1508 234 1545 oporteat
260 1507 292 1536 in
320 1507 436 1536 nostris
463 1507 578 1536 litteris
605 1509 905 1546 quantumcumque
932 1507 1026 1545 plena
1062 1509 1095 1536 et

84 1567 233 1598 expressa
254 1559 451 1589 mentionem
471 1559 551 1593 fieri,
572 1562 605 1589 et
624 1568 680 1598 per
695 1568 794 1598 quam
814 1559 949 1589 effectus
969 1569 1096 1598 presen-

84 1612 167 1641 tium
191 1611 339 1650 impediri
354 1611 463 1641 valeat
478 1611 529 1641 vel
546 1611 677 1646 differri,
694 1614 752 1641 aut
769 1612 855 1650 quod
871 1612 956 1641 idem
967 1612 1097 1642 auditor

85 1664 176 1702 plura
213 1664 426 1693 ecclesiastica
464 1664 620 1694 beneficia
657 1665 756 1694 etiam
793 1673 904 1694 curam
940 1665 1095 1694 habentia

85 1716 266 1746 animarum
289 1716 322 1746 in
346 1716 479 1746 diversis
502 1717 640 1746 ecelesiis
664 1719 713 1746 est
735 1717 884 1755 adeptus.
909 1716 1095 1747 Contradic-

85 1770 170 1798 tores
222 1770 282 1797 etc.
333 1769 410 1798 Dat.
456 1768 602 1803 Viterbii,
654 1768 700 1798 VI
760 1769 831 1798 idus
893 1769 1094 1808 septembris,

85 1822 299 1859 annoquarto.
316 1832 328 1847 »

166 2007 247 2032 2721
562 2008 696 2041 Anagni‚
713 2007 730 2033 4
747 2008 909 2034 decembre
926 2008 1014 2034 1258.

127 2059 291 2092 Religiosis
314 2059 497 2085 monasterii
520 2059 627 2086 Sancti
651 2060 798 2086 Germani
822 2060 859 2086 de
884 2060 986 2086 Pratis
1011 2060 1096 2086 Pari-

86 2098 194 2125 siensis
216 2098 397 2125 facultalem
420 2099 458 2124 de
478 2098 547 2131 jure
568 2099 707 2133 ipsorum
737 2099 893 2133 probandi
923 2107 977 2133 per
999 2101 1095 2126 testes

87 2138 136 2165 vel
155 2138 232 2164 alias
252 2138 453 2172 probationes
472 2138 627 2172 legitimas
648 2140 758 2165 contra
777 2146 882 2165 servos
903 2140 942 2165 ad
963 2139 1095 2165 aliorum

87 2177 262 2204 dominium
297 2185 328 2204 se
362 2178 596 2209 transferentes,
632 2178 728 2204 duelli
770 2178 997 2205 consuetudine
1032 2186 1094 2205 non

87 2217 245 2249 obstante,
270 2217 423 2244 concedit.
449 2218 545 2251 (Bm.
571 2218 619 2249 25,
644 2218 666 2244 f.
693 2218 760 2249 163,
785 2225 835 2244 an.
865 2218 915 2249 IV,
941 2226 967 2245 c.
992 2218 1074 2251 277.)

129 2318 185 2341 «..,
214 2306 319 2336 abbati
347 2308 373 2336 et
400 2307 561 2337 conventui
588 2307 768 2337 monasterii
797 2308 904 2338 Sancti
938 2307 1094 2343 Germani,

86 2359 123 2389 de
145 2359 251 2389 Pratis
274 2359 478 2394 Parisiensis,
503 2360 623 2390 ordinis
648 2360 755 2390 Sancti
778 2360 947 2395 Benedicti,
973 2361 1013 2390 ad
1035 2361 1097 2390 Ro-

87 2420 213 2442 manam
235 2412 405 2441 Ecclesium
421 2412 507 2442 nullo
523 2413 622 2442 medio
639 2414 831 2452 pertinentis.
847 2414 919 2442 Non
937 2416 985 2442 est
1001 2414 1094 2443 ab—.

89 2465 171 2495 Sane
196 2465 340 2494 exhibita
391 2465 481 2495 nobis
507 2468 614 2495 vestra
641 2466 755 2504 petitio
793 2467 982 2496 continebat
1008 2466 1094 2504 quod

87 2526 322 2556 nonnunquam
344 2519 531 2548 monasterii
552 2519 652 2548 vestri
674 2519 767 2553 servi,
791 2519 846 2558 qui
868 2519 1023 2553 homines,
1056 2519 1095 2548 de

89 2579 219 2609 corpore
255 2570 431 2610 vulgariter
467 2571 681 2609 appellantur,
718 2574 860 2601 vestram
899 2572 1094 2601 declinantes

87 2623 326 2661 juridictionem
359 2626 392 2653 et
424 2632 456 2653 se
489 2624 531 2653 ad
564 2624 698 2654 aliorum
732 2625 910 2654 dominium
944 2624 1096 2654 transfer-

87 2678 204 2711 rentes,
234 2676 326 2706 vobis
362 2676 493 2706 servitia
524 2678 557 2706 et
592 2677 745 2716 obsequia
786 2677 895 2707 debita
935 2678 1096 2715 denegant

88 2729 247 2764 exhibere,
276 2729 334 2758 nisi
362 2729 575 2767 probaveritis
601 2739 658 2768 per
684 2730 825 2759 duellum
852 2730 937 2768 ipsos
960 2730 1096 2760 existere

88 2790 196 2811 servos
220 2784 354 2812 vestros.
379 2782 509 2816 Verum,
535 2791 608 2811 cum
634 2783 819 2821 hujusmodi
861 2783 956 2812 duelli
981 2783 1097 2821 proba-

89 2834 192 2864 tiones
212 2835 308 2864 saeris
327 2835 393 2864 sint
413 2835 589 2865 canonibus
609 2835 789 2869 interdicte,
811 2845 868 2865 nos
887 2836 1002 2865 vestris
1023 2844 1098 2874 sup-

89 2887 316 2925 plicationibus
347 2888 503 2922 inclinati,
536 2888 671 2917 docendi
703 2890 736 2918 et
767 2888 925 2927 probandi
958 2889 996 2918 de
1027 2889 1097 2926 jure

89 2943 197 2970 vestro
219 2942 329 2970 contra
367 2949 474 2970 servos
496 2943 528 2970 et
549 2941 693 2970 homines
714 2941 916 2979 supradictos
930 2950 985 2979 per
998 2943 1096 2970 testes

1198 357 1249 385 vel
1284 357 1362 387 alias
1397 359 1604 396 probationes
1638 361 1807 400 legitimaS,
1844 361 1940 391 duelli
1975 365 2206 394 consuetudine

1199 418 1262 438 non
1296 410 1457 445 obstante,
1491 412 1624 442 liberam
1656 414 1748 443 vobis
1781 414 1976 443 auctoritate
2010 417 2206 453 presentium

1199 462 1402 492 concedimus
1424 464 1625 494 facultatem.
1661 466 1748 495 Nulli
1770 469 1878 496 nostre
1912 467 2122 497 concessionis
2145 472 2204 498 etc.

1199 514 1275 544 Dat.
1308 516 1463 553 Anagnie‚
1500 517 1530 546 II
1564 527 1664 548 nonas
1687 519 1873 553 decembris,
1894 528 1979 549 anno
1998 522 2149 558 quarto.»

1280 767 1368 792 2722
1673 770 1806 803 Anagni,
1824 771 1841 796 5
1859 771 2022 797 decembre
2040 772 2126 798 1258.

1241 832 1443 866 Privilegium
1472 833 1622 866 religiosis
1651 834 1850 860 ecclesiarum
1879 835 1972 861 villae
2002 836 2031 862 S.
2063 837 2210 864 Germani

1200 879 1381 899 concessum
1411 873 1450 899 ad
1480 873 1620 906 ejusdem
1649 873 1743 900 villae
1772 874 1897 900 clericos
1927 876 2080 902 extendit.
2111 876 2207 908 (ΗΕΘ.

1202 911 1250 943 25,
1277 912 1298 937 f.
1328 912 1394 943 163,
1422 919 1472 938 an.
1503 913 1555 943 IV,
1583 920 1608 939 c.
1635 913 1717 946 278.)

1243 1027 1400 1056 «Eisdem.
1434 1028 1596 1057 Indueunt
1619 1037 1676 1057 nos
1698 1031 1803 1058 vestre
1814 1046 1861 1057 —.
1875 1029 1955 1059 Sane
1974 1030 2088 1067 petitio
2103 1033 2210 1060 vestra

1201 1080 1292 1109 nobis
1322 1080 1466 1109 exhibita
1497 1081 1686 1110 continebat
1716 1082 1802 1119 quod
1832 1082 1863 1110 in
1894 1083 2066 1121 privilegiis
2096 1083 2211 1112 vestris

1200 1132 1292 1162 vobis
1309 1135 1342 1161 et
1358 1133 1553 1162 monasterio
1569 1136 1678 1163 vestro
1695 1135 1736 1163 ab
1753 1134 1939 1172 Apostolica
1957 1135 2037 1164 Sede
2054 1136 2210 1165 concessis

1200 1194 1257 1223 per
1281 1185 1517 1223 predecessores
1544 1188 1670 1216 nostros
1697 1187 1861 1216 Romanos
1886 1188 2057 1225 pontifices
2084 1191 2133 1217 est
2157 1198 2211 1218 ex-

1200 1247 1306 1276 presse
1330 1238 1530 1276 prohibitum
1555 1241 1592 1267 ut
1616 1239 1693 1268 nulli
1717 1240 1812 1269 liceat
1835 1240 2000 1274 abbatem,
2025 1242 2210 1275 monachOS,

1200 1291 1404 1329 presbyteros
1423 1300 1477 1320 seu
1505 1291 1634 1321 clericos
1662 1292 1867 1321 ecclesiarum
1894 1293 1969 1322 ville
1997 1293 2107 1323 Sancti
2135 1294 2211 1323 Ger-

1200 1343 1288 1372 mani
1312 1343 1500 1373 interdicere
1525 1344 1576 1373 vel
1601 1345 1878 1374 excommunicare
1902 1348 1960 1374 aut
1984 1346 2026 1375 ad
2051 1347 2212 1384 synodum

1201 1405 1344 1425 evocare.
1369 1396 1435 1425 Nos
1458 1397 1579 1435 itaque,
1603 1398 1718 1426 vestris
1741 1398 2031 1436 supplicationibus
2054 1399 2210 1432 inclinati,

1201 1448 1427 1477 inhibitionem
1468 1450 1655 1487 hujusmodi
1695 1450 1891 1480 auctoritate
1931 1451 2129 1488 presentium
2169 1452 2211 1481 ad

1202 1501 1330 1530 clericos
1352 1502 1426 1530 ville
1447 1502 1546 1539 ipsius
1569 1503 1783 1537 extendimus,
1801 1503 1860 1532 nisi
1879 1504 2032 1541 premissa
2055 1504 2136 1533 circa
2159 1513 2212 1533 eos

1202 1554 1243 1583 ab
1271 1554 1379 1592 aliquo
1407 1554 1548 1593 legitime
1575 1555 1640 1583 sint
1668 1556 1854 1593 prescripta,
1884 1565 1957 1584 cum
1985 1556 2097 1585 eadem
2124 1557 2211 1591 villa,

1203 1609 1300 1644 prout
1325 1607 1476 1640 asseritis,
1508 1608 1549 1636 ab
1575 1607 1747 1646 episcopali
1771 1608 1993 1646 jurisdictione
2019 1618 2075 1647 per
2099 1610 2212 1638 eadem

1204 1659 1369 1698 privilegia
1395 1659 1437 1688 sit
1463 1662 1624 1698 exempta.
1665 1661 1751 1690 Nulli
1779 1663 1886 1690 nostre
1923 1661 2124 1691 inhibitionis
2150 1664 2212 1691 etc.

1204 1712 1280 1741 Dat.
1313 1712 1468 1751 Anagnie,
1501 1713 1592 1742 nonis
1625 1714 1811 1748 decembris,
1843 1723 1928 1743 anno
1960 1717 2103 1753 quarto.»

1284 1952 1372 1977 2723
1676 1953 1811 1986 Anagni‚
1829 1953 1846 1979 5
1864 1953 2026 1979 decembre
2045 1953 2131 1979 1258.

1244 2017 1364 2044 Abbati
1389 2018 1417 2044 S.
1444 2017 1591 2045 Germani
1617 2018 1654 2044 de
1679 2018 1782 2044 Pratis
1806 2018 1989 2045 Parisiensis
2014 2019 2124 2044 utendi
2149 2019 2215 2045 dal-

1204 2057 1321 2083 matica
1359 2059 1390 2084 et
1428 2058 1545 2089 tunica,
1585 2058 1681 2084 dandi
1719 2058 1972 2084 benedictionem
2010 2057 2213 2091 sollempnem

1204 2098 1263 2163 {23
1276 2097 1474 2169 >facultatem
1510 2097 1663 2124 concedit.
1700 2098 1797 2131 (REG.
1822 2098 1870 2129 25,
1894 2098 1915 2123 f.
1942 2097 2008 2129 163,
2033 2105 2083 2124 an.
2110 2097 2162 2129 IV,
2187 2105 2212 2124 c.

1246 2264 1258 2280 «
1282 2275 1311 2287 ..,
1347 2252 1453 2282 abbati
1475 2253 1655 2282 monasterii
1678 2253 1818 2291 predicti.
1844 2253 1889 2283 Ut
1911 2262 1951 2282 ex
1973 2253 2093 2282 sincere
2117 2253 2213 2282 devo-

1203 2305 1300 2334 tionis
1326 2305 1447 2335 affectu
1474 2315 1569 2345 quem
1595 2307 1636 2335 ad
1663 2315 1720 2335 nos
1746 2308 1778 2335 et
1804 2306 1987 2335 Romanam
2036 2305 2212 2335 Ecclesiam

1204 2358 1321 2388 habere
1356 2349 1537 2393 dinosceris,
1573 2359 1717 2388 favorem
1751 2358 1811 2388 tibi
1845 2358 2059 2397 apostolicum
2093 2358 2213 2388 sentias

1203 2411 1388 2445 accrevisse,
1409 2412 1521 2441 utendi
1541 2411 1714 2441 dalmatica
1734 2413 1767 2440 et
1785 2411 1894 2441 tunica
1913 2411 1945 2441 in
1964 2411 2135 2440 missarum
2153 2411 2214 2441 sol-

1203 2463 1351 2502 lempniis
1385 2467 1418 2493 et
1452 2465 1550 2494 dandi
1584 2464 1842 2494 benedictionem
1876 2464 2085 2502 sollempnem
2119 2472 2214 2502 super

1204 2517 1370 2555 populum,
1396 2526 1484 2547 more
1501 2517 1693 2556 pontificum
1718 2519 1750 2546 et
1767 2517 1951 2546 conferendi
1974 2517 2112 2546 minores
2131 2516 2215 2546 ordi-

1204 2579 1259 2599 nes
1269 2570 1435 2599 monachis
1446 2573 1479 2600 et
1488 2570 1607 2600 clericis
1618 2570 1683 2599 tuis
1697 2570 1728 2599 in
1740 2570 1935 2599 monasterio
1953 2572 2011 2599 tuo
2029 2572 2062 2598 et
2076 2569 2214 2598 ecclesiis

1204 2623 1308 2652 eidem
1332 2623 1527 2653 monasterio
1552 2623 1646 2661 pleno
1669 2623 1739 2661 jure
1775 2622 1929 2660 subjectis
1949 2623 2133 2656 dumtaxat,
2154 2621 2213 2651 tibi

1204 2677 1237 2705 et
1252 2676 1487 2705 successoribus
1503 2676 1568 2705 tuis
1583 2676 1779 2705 auctoritate
1796 2675 1993 2713 presentium
2009 2674 2213 2704 concedimus

1205 2728 1406 2762 facultatem,
1444 2729 1620 2758 dummodo
1658 2728 1717 2757 tibi
1753 2730 1786 2757 et
1822 2728 1941 2757 eisdem
1978 2726 2212 2756 successoribus

1205 2781 1382 2810 secundum
1402 2790 1534 2815 morem,
1556 2780 1824 2819 preficiendorum
1844 2781 2001 2809 abbatum
2022 2788 2136 2809 manus
2156 2778 2215 2808 im·-

1205 2834 1323 2872 positio
1341 2832 1427 2863 facta
1446 2837 1607 2867 noscatur,
1626 2836 1658 2862 et
1668 2836 1701 2862 te
1711 2842 1748 2862 ac
1766 2833 1893 2862 eosdem
1911 2840 2106 2861 successores
2124 2840 2215 2861 cons-

1205 2889 1255 2916 tet
1275 2887 1410 2916 existere
1443 2887 1634 2916 sacerdotes.
1657 2886 1743 2915 Nulli
1781 2888 1887 2915 nostre
1920 2884 2131 2915 concessionis
2152 2886 2216 2914 etc.

1208 2940 1283 2969 Dat.
1304 2940 1460 2978 Anagnie,
1481 2939 1571 2968 nonis
1591 2938 1777 2972 decembris,
1797 2947 1881 2967 anno
1901 2940 2027 2976 quarto.
2047 2949 2059 2965 υ

2060 3106 2108 3131 105
