2477 3512
218 269 261 303 70
913 270 1181 305 REGISTRES
1207 271 1559 304 D'ALEXANDRE
1587 272 1635 304 IV

216 376 436 402 invocaturum
460 383 524 402 esse
546 375 577 402 in
599 376 665 409 ejus
687 377 837 402 auxilium
861 377 1021 411 principes
1043 379 1074 404 et
1090 378 1222 411 populos
1272 378 1274 389 ¹

217 419 412 446 christianos.
432 420 529 451 (REG.
550 420 598 451 25,
617 420 637 446 f.
657 421 715 447 223
734 420 854 452 v0-225,
873 429 922 447 an.
942 421 980 453 V,
1001 429 1026 448 c.
1048 422 1122 454 191;
1143 423 1222 449 Por-

216 470 320 489 ·ruexsr
339 464 460 497 17678.)

263 557 273 571 υ
291 569 310 576 ..
328 544 398 585 Γεῃί
414 544 596 585 ΙΙιιηῃαΓιέ
613 544 748 576 illustri.
765 545 965 587 Tamquam
982 546 1069 577 bene
1085 546 1151 578 sibi
1166 566 1221 580 —.

217 596 299 628 Dat.
323 597 492 637 Anagnie,
521 598 552 628 Il
576 597 652 629 idus
676 598 840 635 octobris,
864 608 957 630 anno
981 599 1117 640 quinto.
1142 613 1154 628 ,1

295 745 383 770 2964
769 747 902 779 Anugni,
927 748 943 773 7
967 748 1028 773 mai
1054 748 1138 774 1259.

257 798 382 824 Dccano
412 798 557 825 ecclesiae
588 800 615 825 S.
648 800 731 826 Petri
760 801 995 832 Argi-utinensis
1026 802 1154 827 mandat
1187 803 1221 828 ut

217 842 375 874 sifridum,
409 845 519 869 natum
555 844 728 870 lrlaromodi
762 845 799 871 de
834 846 1067 879 Lamperthem,
1101 846 1220 878 militis,

215 887 371 919 clericum,
394 888 482 920 euJ'us
504 889 640 922 receptio
663 889 693 915 iu
715 890 842 916 ecclesia
866 891 893 916 S.
917 890 1055 916 Thomae
1077 890 1222 923 Argenti-

212 931 297 957 ncnsi
313 939 330 958 a
344 932 570 959 constitutione
585 933 655 960 inde
669 934 734 960 lata
748 937 870 961 cassata
886 935 998 965 fuerat,
1014 935 1042 960 in
1059 935 1220 968 praedicta

211 976 339 1002 ecclesia
365 976 459 1010 recipi
484 977 579 1004 faciat
605 978 694 1011 eique
720 979 757 1004 dc
782 979 887 1012 aliqua
912 980 1091 1012 praebenda
1117 979 1220 1013 provi-

211 1020 294 1046 deat.
312 1021 408 1054 (REG.
425 1022 474 1053 25,
490 1022 510 1048 f.
527 1022 596 1054 225,
613 1030 661 1048 an.
680 1022 715 1054 V,
733 1030 756 1048 c.
776 1023 856 1056 192.)

255 1104 269 1121 α
299 1117 320 1124 ..
351 1092 476 1124 decurio
506 1093 638 1125 ecclesie
670 1094 786 1126 Sancti
818 1095 910 1126 I'elri
942 1096 1218 1136 Arqenlinensis.

210 1145 370 1177 Dilectus
401 1146 496 1177 silius
529 1146 676 1178 Sisridus
708 1166 762 1179 fi.
797 1148 879 1179 Dat.
913 1148 1083 1190 Anagnie,
1118 1150 1219 1182 nonis

209 1198 303 1235 maii,
327 1208 419 1230 anno
442 1199 578 1241 quinto.
602 1212 614 1228 »

290 1344 381 1371 2965
678 1348 812 1382 Anagni,
836 1348 874 1375 26
896 1350 1024 1377 octobre
1048 1350 1135 1377 1259.

250 1398 412 1432 Religiosis
439 1400 621 1427 monasterii
646 1401 681 1427 B.
711 1401 827 1428 Mariae
854 1403 891 1429 de
919 1402 1077 1435 Pruliano,
1104 1404 1217 1430 Tholo-

209 1449 302 1469 sanae
321 1443 461 1476 diocesis,
478 1443 620 1477 indulget
638 1447 673 1471 ut
692 1446 729 1472 de
746 1447 994 1480 possessionibus
1013 1455 1090 1482 quas
1108 1448 1216 1475 colunt

208 1493 262 1513 seu
289 1487 327 1514 de
353 1488 539 1514 molendinis
566 1491 622 1516 aut
649 1490 686 1516 de
713 1490 897 1518 animalium
924 1492 1126 1519 nutrimentis
1152 1500 1215 1519 non

210 1533 378 1558 teneantur
408 1532 500 1558 alicui
531 1533 667 1560 decimas
697 1534 852 1562 exhibere.
884 1536 981 1569 (Bm.
1013 1537 1062 1569 25,
1094 1537 1114 1563 s.
1146 1537 1215 1570 225,

208 1582 259 1602 an.
281 1575 319 1608 V,
340 1583 365 1602 c.
390 1576 470 1610 193.)

253 1668 268 1686 (ι
290 1681 312 1689 ..
334 1656 498 1698 priorisse
521 1659 549 1689 el
573 1660 749 1691 conventui
773 1660 978 1693 monialium
1005 1661 1215 1694 inclusarum

207 1710 405 1741 monasterii
425 1710 527 1742 Beate
546 1711 664 1743 Illarie
683 1712 722 1743 (Ic
741 1713 922 1751 Pruliano,
945 1715 1076 1746 ordinis
1098 1716 1216 1748 Sancti

209 1763 410 1803 Auyuani,
444 1763 631 1796 Tholosunc
659 1765 811 1803 diocesis,
841 1767 905 1798 sub
934 1778 1014 1799 curu
1044 1770 1071 1799 el
1099 1779 1217 1800 secun-

208 1815 288 1847 dum
316 1816 471 1848 inslilulo
495 1817 640 1858 lrulrurn
667 1819 798 1850 ordinis
823 1820 1078 1853 I'rcdicalorum
1105 1822 1217 1854 viven-

207 1868 310 1900 tibus.
334 1869 483 1901 Pietatis
506 1880 611 1912 opera
635 1872 735 1912 cujus
758 1875 824 1904 etc.
848 1893 903 1905 ἡ.
928 1874 1021 1905 Hinc
1044 1877 1097 1906 est
1121 1876 1216 1916 quod

208 1932 281 1959 nos,
308 1923 433 1954 vestris
458 1924 778 1964 supplicationibus
803 1926 973 1964 inclinati,
1000 1928 1217 1960 auctoritate

206 1975 307 2006 vobis
325 1976 541 2017 presentium
560 1977 784 2019 indulgemus
804 1982 854 2016 ut,
875 1980 916 2011 (le
936 1981 1218 2022 possessionibus

207 2037 295 2069 quas
318 2029 467 2070 propriis
491 2030 693 2071 sumptibus
716 2032 830 2063 colitis
854 2042 914 2064 seu
940 2034 981 2065 de
1006 2034 1217 2068 molendinis

208 2081 334 2112 vestris
359 2085 422 2113 aut
449 2083 490 2114 de
516 2086 715 2116 vestrorum
742 2085 949 2118 animalium
976 2088 1216 2125 nutrimentis,

207 2144 276 2165 non
301 2136 491 2167 teneamini
515 2136 619 2168 alicui
643 2138 796 2170 decimas
819 2139 995 2177 exhibere,
1022 2140 1219 2173 districtius

206 2187 407 2220 inhibentes
435 2199 476 2220 ne.
505 2190 583 2230 quis
611 2191 652 2221 de
681 2192 858 2232 premissis
885 2202 905 2224 a
933 2193 1034 2224 vobis
1063 2195 1217 2227 decimas

207 2241 343 2281 exigere
366 2242 420 2273 vel
444 2245 653 2284 extorquere
678 2248 870 2285 presumat,
895 2256 965 2277 non
988 2247 1216 2280 obstantibus

207 2294 384 2336 aliquibus
410 2295 638 2336 indulgentiis
664 2297 865 2339 impetratis
891 2299 945 2330 vel
972 2300 1081 2332 etiam
1106 2301 1217 2343 impe-

206 2348 344 2380 trandis
367 2358 428 2390 per
451 2358 538 2390 quas
561 2349 710 2381 effeetus
733 2351 937 2392 hujusmodi
961 2354 1072 2392 gratie
1096 2355 1215 2386 valeat

206 2400 380 2442 impediri,
414 2412 475 2433 nos
506 2402 599 2433 enim
631 2403 784 2435 decimas
817 2405 1019 2446 hujusmodi
1051 2408 1094 2438 ad
1127 2418 1215 2449 opus

206 2454 399 2486 infirmarie
443 2456 550 2486 vestri
596 2457 800 2488 monasterii
845 2459 1071 2500 deputanms.
1118 2461 1213 2492 Nulli

207 2511 325 2539 nostre
372 2509 615 2547 concessionis,
663 2511 883 2542 inhibitionis
928 2515 958 2542 et
1011 2513 1214 2554 deputatio-

206 2560 260 2592 nis
285 2563 351 2592 etc.
378 2561 462 2593 Dat.
490 2563 659 2603 Anagnie,
689 2564 755 2595 VII
782 2564 851 2595 kal.
880 2566 1092 2603 novembris,
1120 2577 1212 2599 anno

207 2613 343 2655 quinto.
370 2626 382 2642 »

285 2762 374 2788 2968
672 2765 806 2798 Anagni,
829 2766 867 2792 23
890 2767 1018 2793 octobre
1043 2767 1128 2793 1250.

246 2816 402 2850 Episcopo
424 2817 618 2850 Egitaniensi
640 2819 770 2844 mandat
793 2821 827 2845 ut
850 2819 1033 2845 electionem
1055 2820 1211 2847 Johannis

207 2860 291 2886 Petri
323 2860 354 2887 in
386 2861 520 2895 priorem
553 2863 734 2888 monasterii
768 2864 795 2888 S.
830 2864 934 2889 Crucis
968 2864 1211 2896 Colimbriensis‚

208 2905 323 2930 ordinis
347 2905 375 2931 S.
399 2905 578 2938 Augustini,
601 2906 751 2939 inquisita
775 2908 812 2933 de
835 2907 901 2940 ejus
924 2908 1042 2934 meritis
1064 2909 1210 2940 veritate,

208 2949 383 2980 confirmet,
423 2952 604 2983 recepturus
645 2951 684 2976 ab
726 2960 760 2976 eo
802 2952 1006 2984 postmodum
1047 2953 1211 2979 fidelitatis

207 2992 430 3025 juramentum.
452 2994 549 3027 (REG.
571 2995 619 3026 25,
641 2995 660 3021 i.
683 2996 751 3026 225,
773 3003 821 3021 an.
843 2995 881 3027 Y,
903 3004 927 3022 c.
952 2996 1032 3027 194.)

1371 391 1383 407 «
1413 404 1432 410 ..
1463 378 1621 420 episcopo
1649 379 1882 420 Eqitaniensi.
1913 380 2010 412 Sicut
2039 380 2166 423 petitio
2188 381 2334 414 dilecto-

1325 442 1402 464 rum
1432 451 1486 464 —.
1519 432 1602 464 Dat.
1633 432 1805 473 Anagnie‚
1837 432 1870 464 X
1900 433 1969 465 kal.
1997 434 2209 471 novembris,
2235 444 2329 467 anno

1327 486 1464 527 quinto.
1490 498 1503 513 »

1404 634 1493 660 2967
1814 635 1948 670 Anagni,
1972 636 1990 662 9
2012 636 2140 664 octobre
2162 637 2250 664 1259.

1365 688 1607 721 Archiepiscopo
1625 688 1795 715 Senonensi
1812 689 2079 723 dispensationem
2097 697 2190 724 super
2205 690 2330 717 defectu

1327 732 1480 758 natalium
1503 732 1653 764 Johanni,
1676 733 1870 766 presbytero,
1892 733 1986 767 priori
2009 733 2037 760 S.
2061 734 2172 760 Hilarii
2193 734 2332 761 Aurelia-

1326 776 1428 802 nensis
1468 777 1607 808 diocesis,
1648 777 1881 804 concedendam
1921 778 2103 804 committit.
2143 778 2240 811 (Rau.
2281 778 2330 811 25,

1325 821 1344 846 f.
1364 820 1432 852 225,
1451 829 1500 847 an.
1520 821 1557 852 V,
1576 829 1600 847 c.
1622 822 1702 854 195.)

1370 924 1382 938 «
1414 936 1433 942 ..
1467 911 1719 952 archiepiscopo
1751 912 1950 943 Senonensi.
1985 912 2169 953 Regularis
2200 912 2332 944 ordinis

1325 963 1580 1005 professoribus
1603 983 1658 995 —.
1684 965 1771 996 Cum
1795 965 1917 1006 itaque
1940 965 2123 997 „lohannes
2147 965 2330 1007 presbiter,

1325 1016 1419 1058 prior
1453 1017 1629 1058 prioratus
1665 1018 1785 1049 Sancti
1824 1017 1928 1049 Illarii
1962 1017 2234 1055 Aurelianensis,
2270 1021 2332 1051 tue

1325 1069 1482 1106 diocesis,
1506 1070 1638 1102 ordinis
1661 1070 1781 1102 Sancti
1803 1071 2006 1112 Augustini,
2031 1070 2131 1103 nobis
2152 1071 2333 1104 humiliter

1324 1122 1532 1164 supplicarit
1568 1125 1609 1154 ut
1645 1133 1726 1155 cum
1762 1133 1802 1155 eo
1839 1133 1944 1165 super
1979 1124 2120 1156 deiectu
2157 1124 2332 1157 natalium

1324 1185 1429 1217 quem
1465 1176 1612 1218 patitur,
1649 1176 1691 1208 de
1727 1176 1921 1218 presbitero
1957 1177 2097 1218 genitus
2131 1180 2168 1210 et
2201 1176 2330 1217 soluta,

1323 1229 1525 1270 dispensare
1561 1229 1833 1261 misericorditer
1866 1239 2080 1268 curaremus,
2117 1240 2180 1263 nos
2215 1233 2333 1263 atten-

1323 1283 1446 1314 dentes
1471 1282 1565 1323 quod
1590 1283 1634 1314 ad
1658 1282 1861 1323 religionem
1885 1283 2056 1321 conversi,
2081 1283 2109 1315 si
2132 1283 2168 1315 in
2192 1293 2332 1317 monas-

1322 1335 1418 1367 teriis
1452 1335 1523 1367 suis
1558 1335 1689 1367 fuerint
1723 1335 1952 1368 laudabiliter
1985 1337 2198 1374 conversati,
2232 1336 2333 1379 illigi-

1322 1389 1458 1420 mitatis
1488 1388 1576 1429 (sic)
1605 1388 1743 1421 macula
1770 1399 1840 1420 non
1867 1389 2045 1427 obstante,
2072 1389 2160 1431 juris
2186 1390 2333 1432 permis—

1321 1442 1417 1474 sione
1444 1441 1589 1474 licenter
1616 1442 1753 1484 possint
1780 1442 1824 1474 ad
1851 1442 1990 1474 ordines
2017 1443 2228 1484 promoveri,
2256 1453 2333 1486 pre-

1321 1496 1476 1527 sentium
1514 1495 1581 1526 tibi
1620 1495 1836 1527 auctoritate
1876 1495 2135 1528 committimus
2173 1499 2214 1528 ut
2251 1506 2332 1529 cum

1321 1550 1446 1581 eodem
1490 1549 1696 1590 presbitero,
1741 1549 1817 1590 ejus
1860 1549 2143 1590 suffragantibus
2185 1549 2330 1587 meritis,

1322 1603 1417 1644 quod
1436 1602 1641 1643 hujusmodi
1659 1612 1729 1633 non
1749 1602 1915 1634 obstante
1934 1602 2086 1640 defectu,
2105 1602 2141 1634 in
2159 1603 2333 1645 susceptis

1321 1656 1522 1688 ministrare
1562 1655 1745 1687 ordinibus
1784 1655 1907 1697 possit,
1948 1658 1983 1687 et
2023 1656 2068 1687 ad
2107 1655 2161 1687 sui
2200 1655 2332 1688 ordinis

1322 1709 1650 1741 administrationes
1681 1709 1813 1741 assumi
1844 1718 1980 1740 necnon
2011 1709 2057 1741 ad
2088 1708 2274 1742 abbatiam
2303 1704 2334 1742 si

1322 1764 1418 1795 Deus
1438 1762 1585 1799 dederit,
1608 1765 1682 1793 tam
1704 1761 1738 1793 in
1759 1771 1822 1793 suo
1844 1771 1952 1803 quam
1972 1761 2007 1793 in
2028 1761 2096 1794 alio
2117 1762 2332 1795 monasterio

1322 1816 1537 1849 auctoritate
1583 1818 1703 1846 nostra
1748 1814 1938 1856 dispenses,
1985 1817 2092 1856 prout
2135 1815 2331 1848 secundum

1323 1870 1438 1901 Deum
1474 1869 1590 1900 anime
1626 1878 1686 1900 sue
1723 1867 1829 1899 saluti
1865 1867 1994 1900 videris
2030 1868 2206 1910 expedire.
2243 1868 2328 1901 Dat.

1320 1922 1491 1964 Anagnie,
1516 1921 1585 1953 VII
1610 1921 1688 1953 idus
1712 1920 1877 1957 octobris,
1903 1930 1995 1952 anno
2020 1921 2157 1962 quinto.
2183 1934 2196 1950 »

1402 2085 1491 2111 2968
1791 2084 1926 2117 Anagni,
1950 2084 1984 2110 11
2010 2084 2138 2111 octobre
2161 2083 2248 2111 1259.

1362 2139 1590 2166 Monasterium
1614 2138 1642 2165 S.
1668 2138 1813 2172 Dyonisii
1836 2137 1868 2164 in
1893 2137 2024 2164 Francia
2047 2137 2105 2164 sub
2128 2137 2164 2164 B.
2189 2136 2274 2164 Petri
2298 2138 2330 2163 et

1322 2190 1381 2210 sua
1415 2183 1612 2217 protectione
1647 2182 1778 2216 suscipit
1813 2189 1983 2215 omnesque
2019 2181 2086 2215 ejus
2121 2181 2330 2215 possessiones

1324 2235 1361 2254 ac
1381 2228 1475 2259 bona,
1496 2227 1567 2260 jura
1589 2228 1619 2253 et
1641 2227 1802 2260 privilegia
1824 2226 2001 2252 confirmat.
2024 2226 2121 2259 (Rea.
2144 2226 2192 2258 25,
2214 2225 2235 2252 f.
2258 2225 2330 2252 225-

1321 2272 1390 2303 226,
1415 2279 1464 2298 an.
1490 2271 1528 2303 V,
1552 2279 1577 2297 c.
1605 2271 1685 2302 196;
1710 2271 1821 2303 PAms,
1844 2270 1994 2297 Archives
2009 2269 2204 2301 Nationales,
2227 2269 2251 2296 L
2271 2269 2329 2296 253

1318 2320 1354 2342 110
1372 2315 1440 2348 228,
1459 2315 1613 2349 original.)

1364 2421 1377 2436 «
1399 2433 1418 2439 ..
1443 2406 1558 2438 abbati
1580 2405 1777 2437 monasterii
1800 2405 1917 2437 Suncli
1937 2404 2094 2437 Dionisii
2117 2404 2152 2436 in
2174 2403 2327 2436 Francia

1318 2461 1455 2502 ejusque
1490 2459 1656 2500 frutribus
1693 2461 1761 2490 lum
1797 2458 2011 2500 presentibus
2048 2467 2149 2500 quam
2185 2456 2324 2498 suturis,

1317 2513 1511 2554 reliqiosam
1542 2512 1644 2543 nilum
1673 2511 1836 2553 professis
1868 2511 1903 2543 in
1932 2513 2144 2553 perpetuum.
2176 2509 2328 2551 Religio-

1316 2576 1392 2598 sam
1410 2566 1524 2597 vitam
1543 2568 1609 2596 etc.
1631 2575 1740 2606 usquc
1759 2564 1940 2605 infringat.
1962 2564 2014 2595 Ea
2032 2566 2187 2606 propter,
2207 2562 2326 2595 dilecti

1316 2619 1351 2650 in
1376 2618 1530 2650 Domino
1554 2617 1628 2654 l'ilii,
1653 2617 1781 2649 vestris
1804 2617 1909 2658 justis
1933 2616 2236 2659 postulationibus
2259 2615 2329 2648 cle·

1317 2674 1454 2704 menter
1477 2671 1667 2703 annuimus
1691 2673 1727 2702 et
1751 2670 2007 2702 monasterium
2032 2669 2152 2701 Sancti
2176 2668 2326 2700 Dionisii

1315 2725 1351 2756 in
1381 2724 1541 2761 Francia,
1573 2724 1668 2765 quod
1699 2724 1743 2755 ad
1774 2724 1975 2755 Romanam
2005 2722 2200 2755 Ecclesiam
2229 2721 2324 2754 nullo

1316 2778 1471 2820 pertinet
1509 2777 1700 2814 mediante,
1740 2776 1946 2808 Parisiensis
1984 2775 2142 2812 diocesis,
2180 2775 2216 2806 in
2255 2784 2325 2817 quo

1317 2830 1437 2862 divino
1465 2830 1549 2861 estis
1577 2830 1745 2871 obsequio
1774 2829 1979 2871 mancipati,
2008 2829 2073 2861 sub
2099 2828 2201 2860 Beati
2229 2827 2326 2860 Petri

1316 2887 1352 2915 et
1370 2886 1491 2915 nostra
1510 2883 1728 2924 protectione
1748 2883 1958 2924 suscipimus
1976 2885 2011 2913 et
2030 2882 2201 2923 presentis
2218 2881 2325 2923 scrip-

1319 2937 1344 2967 ti
1382 2936 1563 2978 privilegio
1601 2936 1872 2967 communimus.
1915 2935 1952 2966 Iu
1992 2935 2112 2977 primis
2149 2934 2323 2975 siquidem

1317 2992 1518 3021 statuentes
1559 2992 1595 3020 ut
1637 2989 1721 3019 ordo
1761 2988 1990 3024 monasticus,
2031 2987 2090 3028 qui
2130 2986 2323 3018 secundum
