<?xml version="1.0" encoding="UTF-8"?>
<!DOCTYPE html PUBLIC "-//W3C//DTD XHTML 1.0 Transitional//EN"
    "http://www.w3.org/TR/xhtml1/DTD/xhtml1-transitional.dtd">
<html xmlns="http://www.w3.org/1999/xhtml" xml:lang="en" lang="en">
 <head>
  <title>
</title>
<meta http-equiv="Content-Type" content="text/html;charset=utf-8" />
  <meta name='ocr-system' content='tesseract 3.04.00' />
  <meta name='ocr-capabilities' content='ocr_page ocr_carea ocr_par ocr_line ocrx_word'/>
</head>
<body>
  <div class='ocr_page' id='page_1' title='image "./lesregistresdegr02cathuoft_0341.png"; bbox 0 0 2477 3512; ppageno 0'>
   <div class='ocr_carea' id='block_1_1' title="bbox 1027 306 2282 348">
    <p class='ocr_par' dir='ltr' id='par_1_1' title="bbox 1027 306 2282 348">
     <span class='ocr_line' id='line_1_1' title="bbox 1027 306 2282 348; baseline -0.002 -9"><span class='ocrx_word' id='word_1_1' title='bbox 1027 306 1304 348; x_wconf 87' lang='lat' dir='ltr'>QUATRIEME</span> <span class='ocrx_word' id='word_1_2' title='bbox 1319 306 1481 338; x_wconf 90' lang='lat' dir='ltr'><strong>ANNEE</strong></span> <span class='ocrx_word' id='word_1_3' title='bbox 2220 306 2282 337; x_wconf 90' lang='lat'>805</span> 
     </span>
    </p>
   </div>
   <div class='ocr_carea' id='block_1_2' title="bbox 243 414 1087 449">
    <p class='ocr_par' dir='ltr' id='par_1_2' title="bbox 243 414 1087 449">
     <span class='ocr_line' id='line_1_2' title="bbox 243 414 1087 449; baseline -0.001 -7"><span class='ocrx_word' id='word_1_4' title='bbox 243 415 333 442; x_wconf 84' lang='grc'><strong>2595</strong></span> <span class='ocrx_word' id='word_1_5' title='bbox 664 415 797 447; x_wconf 86' lang='lat' dir='ltr'>Viterbe,</span> <span class='ocrx_word' id='word_1_6' title='bbox 813 415 850 442; x_wconf 82' lang='lat'>19</span> <span class='ocrx_word' id='word_1_7' title='bbox 863 414 986 449; x_wconf 79' lang='lat' dir='ltr'>janvier</span> <span class='ocrx_word' id='word_1_8' title='bbox 1001 415 1087 442; x_wconf 88' lang='lat'>1258.</span> 
     </span>
    </p>
   </div>
   <div class='ocr_carea' id='block_1_3' title="bbox 159 467 1174 1174">
    <p class='ocr_par' dir='ltr' id='par_1_3' title="bbox 159 467 1174 1174">
     <span class='ocr_line' id='line_1_3' title="bbox 207 467 1170 503; baseline -0.001 -8"><span class='ocrx_word' id='word_1_9' title='bbox 207 469 320 496; x_wconf 90' lang='lat' dir='ltr'>Omnia</span> <span class='ocrx_word' id='word_1_10' title='bbox 340 476 358 495; x_wconf 90' lang='lat' dir='ltr'>a</span> <span class='ocrx_word' id='word_1_11' title='bbox 378 468 544 503; x_wconf 84' lang='lat' dir='ltr'>Raynaldo</span> <span class='ocrx_word' id='word_1_12' title='bbox 566 469 603 495; x_wconf 87' lang='lat' dir='ltr'>de</span> <span class='ocrx_word' id='word_1_13' title='bbox 623 468 734 500; x_wconf 85' lang='lat' dir='ltr'>Tocco,</span> <span class='ocrx_word' id='word_1_14' title='bbox 755 467 997 502; x_wconf 83' lang='lat' dir='ltr'>poenitentiario</span> <span class='ocrx_word' id='word_1_15' title='bbox 1018 470 1050 494; x_wconf 90' lang='lat' dir='ltr'>et</span> <span class='ocrx_word' id='word_1_16' title='bbox 1070 468 1170 501; x_wconf 92' lang='lat' dir='ltr'>capel-</span> 
     </span>
     <span class='ocr_line' id='line_1_4' title="bbox 164 507 1171 542; baseline -0.002 -7"><span class='ocrx_word' id='word_1_17' title='bbox 164 509 236 535; x_wconf 91' lang='lat' dir='ltr'>lano</span> <span class='ocrx_word' id='word_1_18' title='bbox 264 516 320 535; x_wconf 90' lang='lat' dir='ltr'>suo</span> <span class='ocrx_word' id='word_1_19' title='bbox 348 508 443 540; x_wconf 80' lang='lat' dir='ltr'>facta,</span> <span class='ocrx_word' id='word_1_20' title='bbox 461 509 516 542; x_wconf 92' lang='lat' dir='ltr'>qui</span> <span class='ocrx_word' id='word_1_21' title='bbox 542 508 590 540; x_wconf 87' lang='grc' dir='ltr'>Β.,</span> <span class='ocrx_word' id='word_1_22' title='bbox 618 508 807 539; x_wconf 77' lang='lat' dir='ltr'>abbatissae,</span> <span class='ocrx_word' id='word_1_23' title='bbox 836 507 964 538; x_wconf 90' lang='lat' dir='ltr'>Goldae,</span> <span class='ocrx_word' id='word_1_24' title='bbox 992 507 1112 540; x_wconf 85' lang='lat' dir='ltr'>Aginae</span> <span class='ocrx_word' id='word_1_25' title='bbox 1140 509 1171 534; x_wconf 92' lang='lat' dir='ltr'>et</span> 
     </span>
     <span class='ocr_line' id='line_1_5' title="bbox 164 547 1171 582; baseline -0.002 -8"><span class='ocrx_word' id='word_1_26' title='bbox 164 548 355 582; x_wconf 88' lang='lat' dir='ltr'>quibusdam</span> <span class='ocrx_word' id='word_1_27' title='bbox 367 548 436 574; x_wconf 91' lang='lat' dir='ltr'>aliis</span> <span class='ocrx_word' id='word_1_28' title='bbox 446 548 635 574; x_wconf 84' lang='lat' dir='ltr'>monialibus</span> <span class='ocrx_word' id='word_1_29' title='bbox 646 547 828 574; x_wconf 90' lang='lat' dir='ltr'>monasterii</span> <span class='ocrx_word' id='word_1_30' title='bbox 840 547 869 574; x_wconf 91' lang='lat' dir='ltr'>S.</span> <span class='ocrx_word' id='word_1_31' title='bbox 882 547 997 573; x_wconf 88' lang='lat' dir='ltr'>Mariae</span> <span class='ocrx_word' id='word_1_32' title='bbox 1010 547 1047 573; x_wconf 90' lang='lat' dir='ltr'>de</span> <span class='ocrx_word' id='word_1_33' title='bbox 1058 547 1171 579; x_wconf 87' lang='lat' dir='ltr'>Massa,</span> 
     </span>
     <span class='ocr_line' id='line_1_6' title="bbox 165 587 1172 620; baseline -0.002 -6"><span class='ocrx_word' id='word_1_34' title='bbox 165 588 283 614; x_wconf 88' lang='lat' dir='ltr'>ordinis</span> <span class='ocrx_word' id='word_1_35' title='bbox 303 588 332 614; x_wconf 91' lang='lat' dir='ltr'>S.</span> <span class='ocrx_word' id='word_1_36' title='bbox 354 588 512 619; x_wconf 89' lang='lat' dir='ltr'>Damiani,</span> <span class='ocrx_word' id='word_1_37' title='bbox 527 595 558 614; x_wconf 90' lang='lat' dir='ltr'>se</span> <span class='ocrx_word' id='word_1_38' title='bbox 570 587 779 613; x_wconf 84' lang='lat' dir='ltr'>transferendi</span> <span class='ocrx_word' id='word_1_39' title='bbox 798 594 869 613; x_wconf 93' lang='lat' dir='ltr'>cum</span> <span class='ocrx_word' id='word_1_40' title='bbox 889 587 1034 613; x_wconf 89' lang='lat' dir='ltr'>omnibus</span> <span class='ocrx_word' id='word_1_41' title='bbox 1053 594 1172 620; x_wconf 88' lang='lat' dir='ltr'>posses-</span> 
     </span>
     <span class='ocr_line' id='line_1_7' title="bbox 165 626 1171 660; baseline -0.002 -6"><span class='ocrx_word' id='word_1_42' title='bbox 165 627 304 654; x_wconf 89' lang='lat' dir='ltr'>sionibus</span> <span class='ocrx_word' id='word_1_43' title='bbox 322 629 353 654; x_wconf 88' lang='lat' dir='ltr'>et</span> <span class='ocrx_word' id='word_1_44' title='bbox 370 628 460 653; x_wconf 90' lang='lat' dir='ltr'>bonis</span> <span class='ocrx_word' id='word_1_45' title='bbox 477 634 557 660; x_wconf 90' lang='lat' dir='ltr'>quae</span> <span class='ocrx_word' id='word_1_46' title='bbox 574 626 764 653; x_wconf 86' lang='lat' dir='ltr'>monasterio</span> <span class='ocrx_word' id='word_1_47' title='bbox 781 627 840 660; x_wconf 90' lang='lat' dir='ltr'>ipsi</span> <span class='ocrx_word' id='word_1_48' title='bbox 864 627 1025 658; x_wconf 87' lang='lat' dir='ltr'>dederant,</span> <span class='ocrx_word' id='word_1_49' title='bbox 1050 626 1089 652; x_wconf 90' lang='lat' dir='ltr'>ad</span> <span class='ocrx_word' id='word_1_50' title='bbox 1106 633 1171 652; x_wconf 89' lang='lat' dir='ltr'>mo-</span> 
     </span>
     <span class='ocr_line' id='line_1_8' title="bbox 165 666 1171 699; baseline -0.002 -6"><span class='ocrx_word' id='word_1_51' title='bbox 165 667 337 693; x_wconf 89' lang='lat' dir='ltr'>nasterium</span> <span class='ocrx_word' id='word_1_52' title='bbox 359 667 388 693; x_wconf 89' lang='lat' dir='ltr'>S.</span> <span class='ocrx_word' id='word_1_53' title='bbox 411 666 643 693; x_wconf 84' lang='lat' dir='ltr'>Bartholomaei</span> <span class='ocrx_word' id='word_1_54' title='bbox 666 667 703 692; x_wconf 88' lang='lat' dir='ltr'>de</span> <span class='ocrx_word' id='word_1_55' title='bbox 726 666 857 697; x_wconf 84' lang='lat' dir='ltr'>Falesio,</span> <span class='ocrx_word' id='word_1_56' title='bbox 880 666 1020 699; x_wconf 88' lang='lat' dir='ltr'>ejusdem</span> <span class='ocrx_word' id='word_1_57' title='bbox 1042 666 1171 696; x_wconf 88' lang='lat' dir='ltr'>ordinis,</span> 
     </span>
     <span class='ocr_line' id='line_1_9' title="bbox 166 705 1171 738; baseline -0.002 -5"><span class='ocrx_word' id='word_1_58' title='bbox 166 706 373 733; x_wconf 88' lang='lat' dir='ltr'>Massanensis</span> <span class='ocrx_word' id='word_1_59' title='bbox 395 706 535 737; x_wconf 80' lang='lat' dir='ltr'>diocesiS,</span> <span class='ocrx_word' id='word_1_60' title='bbox 548 705 708 732; x_wconf 83' lang='lat' dir='ltr'>licentiam</span> <span class='ocrx_word' id='word_1_61' title='bbox 723 707 925 737; x_wconf 82' lang='lat' dir='ltr'>concesserat,</span> <span class='ocrx_word' id='word_1_62' title='bbox 940 707 971 731; x_wconf 87' lang='lat' dir='ltr'>et</span> <span class='ocrx_word' id='word_1_63' title='bbox 986 705 1040 738; x_wconf 92' lang='lat' dir='ltr'>qui</span> <span class='ocrx_word' id='word_1_64' title='bbox 1053 705 1171 731; x_wconf 86' lang='lat' dir='ltr'>dictam</span> 
     </span>
     <span class='ocr_line' id='line_1_10' title="bbox 165 745 1172 779; baseline -0.002 -7"><span class='ocrx_word' id='word_1_65' title='bbox 165 746 359 772; x_wconf 85' lang='lat' dir='ltr'>abbatissam</span> <span class='ocrx_word' id='word_1_66' title='bbox 384 753 402 772; x_wconf 91' lang='lat' dir='ltr'>a</span> <span class='ocrx_word' id='word_1_67' title='bbox 426 746 575 778; x_wconf 85' lang='lat' dir='ltr'>regimine</span> <span class='ocrx_word' id='word_1_68' title='bbox 599 746 696 779; x_wconf 90' lang='lat' dir='ltr'>ipsius</span> <span class='ocrx_word' id='word_1_69' title='bbox 721 745 903 771; x_wconf 88' lang='lat' dir='ltr'>monasterii</span> <span class='ocrx_word' id='word_1_70' title='bbox 929 745 966 771; x_wconf 88' lang='lat' dir='ltr'>de</span> <span class='ocrx_word' id='word_1_71' title='bbox 991 745 1093 771; x_wconf 92' lang='lat' dir='ltr'>Massa</span> <span class='ocrx_word' id='word_1_72' title='bbox 1119 745 1172 770; x_wconf 93' lang='lat' dir='ltr'>ab-</span> 
     </span>
     <span class='ocr_line' id='line_1_11' title="bbox 166 784 1174 818; baseline -0.002 -6"><span class='ocrx_word' id='word_1_73' title='bbox 166 786 297 817; x_wconf 88' lang='lat' dir='ltr'>solvens,</span> <span class='ocrx_word' id='word_1_74' title='bbox 318 786 349 812; x_wconf 92' lang='lat' dir='ltr'>in</span> <span class='ocrx_word' id='word_1_75' title='bbox 371 785 564 811; x_wconf 81' lang='lat' dir='ltr'>abbatissam</span> <span class='ocrx_word' id='word_1_76' title='bbox 586 785 663 811; x_wconf 91' lang='lat' dir='ltr'>dicti</span> <span class='ocrx_word' id='word_1_77' title='bbox 683 785 865 811; x_wconf 88' lang='lat' dir='ltr'>monasterii</span> <span class='ocrx_word' id='word_1_78' title='bbox 886 785 923 810; x_wconf 91' lang='lat' dir='ltr'>de</span> <span class='ocrx_word' id='word_1_79' title='bbox 945 784 1064 811; x_wconf 88' lang='lat' dir='ltr'>Falesio</span> <span class='ocrx_word' id='word_1_80' title='bbox 1085 791 1174 818; x_wconf 88' lang='lat' dir='ltr'>prae-</span> 
     </span>
     <span class='ocr_line' id='line_1_12' title="bbox 165 824 1171 856; baseline -0.001 -5"><span class='ocrx_word' id='word_1_81' title='bbox 165 825 291 856; x_wconf 87' lang='lat' dir='ltr'>fecerat,</span> <span class='ocrx_word' id='word_1_82' title='bbox 316 826 459 851; x_wconf 85' lang='lat' dir='ltr'>statuens</span> <span class='ocrx_word' id='word_1_83' title='bbox 491 826 525 851; x_wconf 86' lang='lat' dir='ltr'>ut</span> <span class='ocrx_word' id='word_1_84' title='bbox 549 825 631 851; x_wconf 90' lang='lat' dir='ltr'>idem</span> <span class='ocrx_word' id='word_1_85' title='bbox 655 824 880 850; x_wconf 86' lang='lat' dir='ltr'>monasterium</span> <span class='ocrx_word' id='word_1_86' title='bbox 905 824 933 850; x_wconf 88' lang='lat' dir='ltr'>S.</span> <span class='ocrx_word' id='word_1_87' title='bbox 957 824 1171 850; x_wconf 89' lang='lat' dir='ltr'>Bartholomei</span> 
     </span>
     <span class='ocr_line' id='line_1_13' title="bbox 165 863 1171 898; baseline -0.002 -7"><span class='ocrx_word' id='word_1_88' title='bbox 165 865 249 898; x_wconf 91' lang='lat' dir='ltr'>quod</span> <span class='ocrx_word' id='word_1_89' title='bbox 285 865 370 891; x_wconf 87' lang='lat' dir='ltr'>dicto</span> <span class='ocrx_word' id='word_1_90' title='bbox 389 865 578 890; x_wconf 91' lang='lat' dir='ltr'>monasterio</span> <span class='ocrx_word' id='word_1_91' title='bbox 599 864 628 891; x_wconf 42' lang='lat' dir='ltr'>S,</span> <span class='ocrx_word' id='word_1_92' title='bbox 649 864 746 890; x_wconf 92' lang='lat' dir='ltr'>Marie</span> <span class='ocrx_word' id='word_1_93' title='bbox 766 864 803 890; x_wconf 90' lang='lat' dir='ltr'>de</span> <span class='ocrx_word' id='word_1_94' title='bbox 822 864 925 890; x_wconf 91' lang='lat' dir='ltr'>Massa</span> <span class='ocrx_word' id='word_1_95' title='bbox 944 863 1121 890; x_wconf 89' lang='lat' dir='ltr'>contulerat</span> <span class='ocrx_word' id='word_1_96' title='bbox 1140 865 1171 889; x_wconf 90' lang='lat' dir='ltr'>et</span> 
     </span>
     <span class='ocr_line' id='line_1_14' title="bbox 165 904 1173 937; baseline -0.001 -7"><span class='ocrx_word' id='word_1_97' title='bbox 165 904 286 930; x_wconf 89' lang='lat' dir='ltr'>dictum</span> <span class='ocrx_word' id='word_1_98' title='bbox 316 904 542 930; x_wconf 86' lang='lat' dir='ltr'>monasterium</span> <span class='ocrx_word' id='word_1_99' title='bbox 572 904 601 930; x_wconf 91' lang='lat' dir='ltr'>S.</span> <span class='ocrx_word' id='word_1_100' title='bbox 633 904 729 929; x_wconf 91' lang='lat' dir='ltr'>Marie</span> <span class='ocrx_word' id='word_1_101' title='bbox 758 911 813 937; x_wconf 90' lang='lat' dir='ltr'>per</span> <span class='ocrx_word' id='word_1_102' title='bbox 858 911 889 929; x_wconf 90' lang='lat' dir='ltr'>se</span> <span class='ocrx_word' id='word_1_103' title='bbox 927 904 1111 935; x_wconf 85' lang='lat' dir='ltr'>consistant,</span> <span class='ocrx_word' id='word_1_104' title='bbox 1142 905 1173 929; x_wconf 91' lang='lat' dir='ltr'>et</span> 
     </span>
     <span class='ocr_line' id='line_1_15' title="bbox 165 943 1172 977; baseline -0.001 -7"><span class='ocrx_word' id='word_1_105' title='bbox 165 945 334 977; x_wconf 86' lang='lat' dir='ltr'>utrumque</span> <span class='ocrx_word' id='word_1_106' title='bbox 360 944 622 970; x_wconf 86' lang='lat' dir='ltr'>monasteriorum</span> <span class='ocrx_word' id='word_1_107' title='bbox 647 943 786 976; x_wconf 92' lang='lat' dir='ltr'>ipsorum</span> <span class='ocrx_word' id='word_1_108' title='bbox 812 950 883 969; x_wconf 90' lang='lat' dir='ltr'>cum</span> <span class='ocrx_word' id='word_1_109' title='bbox 910 943 1056 969; x_wconf 89' lang='lat' dir='ltr'>omnibus</span> <span class='ocrx_word' id='word_1_110' title='bbox 1082 943 1172 969; x_wconf 89' lang='lat' dir='ltr'>bonis</span> 
     </span>
     <span class='ocr_line' id='line_1_16' title="bbox 165 982 1174 1016; baseline -0.001 -7"><span class='ocrx_word' id='word_1_111' title='bbox 165 983 228 1009; x_wconf 88' lang='lat' dir='ltr'>suis</span> <span class='ocrx_word' id='word_1_112' title='bbox 248 983 289 1010; x_wconf 90' lang='lat' dir='ltr'>sit</span> <span class='ocrx_word' id='word_1_113' title='bbox 307 984 440 1010; x_wconf 91' lang='lat' dir='ltr'>liberum</span> <span class='ocrx_word' id='word_1_114' title='bbox 460 990 516 1009; x_wconf 92' lang='lat' dir='ltr'>nec</span> <span class='ocrx_word' id='word_1_115' title='bbox 536 983 669 1009; x_wconf 88' lang='lat' dir='ltr'>alterum</span> <span class='ocrx_word' id='word_1_116' title='bbox 689 990 795 1009; x_wconf 90' lang='lat' dir='ltr'>eorum</span> <span class='ocrx_word' id='word_1_117' title='bbox 816 983 907 1009; x_wconf 86' lang='lat' dir='ltr'>alteri</span> <span class='ocrx_word' id='word_1_118' title='bbox 926 983 957 1009; x_wconf 89' lang='lat' dir='ltr'>in</span> <span class='ocrx_word' id='word_1_119' title='bbox 977 982 1082 1016; x_wconf 88' lang='lat' dir='ltr'>aliquo</span> <span class='ocrx_word' id='word_1_120' title='bbox 1103 983 1174 1008; x_wconf 89' lang='lat' dir='ltr'>sub-</span> 
     </span>
     <span class='ocr_line' id='line_1_17' title="bbox 164 1022 1174 1056; baseline -0.001 -7"><span class='ocrx_word' id='word_1_121' title='bbox 164 1023 294 1056; x_wconf 80' lang='lat' dir='ltr'>jectum,</span> <span class='ocrx_word' id='word_1_122' title='bbox 328 1023 506 1054; x_wconf 78' lang='lat' dir='ltr'>confirmat,</span> <span class='ocrx_word' id='word_1_123' title='bbox 541 1024 680 1049; x_wconf 89' lang='lat' dir='ltr'>tenorem</span> <span class='ocrx_word' id='word_1_124' title='bbox 713 1022 891 1048; x_wconf 87' lang='lat' dir='ltr'>litterarum</span> <span class='ocrx_word' id='word_1_125' title='bbox 924 1023 1062 1056; x_wconf 90' lang='lat' dir='ltr'>ipsarum</span> <span class='ocrx_word' id='word_1_126' title='bbox 1097 1022 1174 1048; x_wconf 91' lang='lat' dir='ltr'>dicti</span> 
     </span>
     <span class='ocr_line' id='line_1_18' title="bbox 166 1062 1174 1096; baseline -0.001 -7"><span class='ocrx_word' id='word_1_127' title='bbox 166 1062 335 1096; x_wconf 86' lang='lat' dir='ltr'>Raynaldi,</span> <span class='ocrx_word' id='word_1_128' title='bbox 368 1063 514 1089; x_wconf 88' lang='lat' dir='ltr'>datarum</span> <span class='ocrx_word' id='word_1_129' title='bbox 546 1062 692 1093; x_wconf 77' lang='lat' dir='ltr'>viterbii,</span> <span class='ocrx_word' id='word_1_130' title='bbox 724 1062 815 1088; x_wconf 91' lang='lat' dir='ltr'>nonis</span> <span class='ocrx_word' id='word_1_131' title='bbox 855 1062 1037 1093; x_wconf 82' lang='lat' dir='ltr'>decembriS,</span> <span class='ocrx_word' id='word_1_132' title='bbox 1070 1062 1174 1095; x_wconf 86' lang='lat' dir='ltr'>ponti-</span> 
     </span>
     <span class='ocr_line' id='line_1_19' title="bbox 165 1101 1173 1136; baseline -0.001 -8"><span class='ocrx_word' id='word_1_133' title='bbox 165 1102 278 1128; x_wconf 76' lang='lat' dir='ltr'>ficatus</span> <span class='ocrx_word' id='word_1_134' title='bbox 308 1110 390 1129; x_wconf 91' lang='lat' dir='ltr'>anno</span> <span class='ocrx_word' id='word_1_135' title='bbox 419 1102 524 1133; x_wconf 91' lang='lat' dir='ltr'>tertio,</span> <span class='ocrx_word' id='word_1_136' title='bbox 555 1102 728 1128; x_wconf 86' lang='lat' dir='ltr'>indictione</span> <span class='ocrx_word' id='word_1_137' title='bbox 757 1102 869 1136; x_wconf 89' lang='lat' dir='ltr'>prima,</span> <span class='ocrx_word' id='word_1_138' title='bbox 899 1102 1045 1128; x_wconf 86' lang='lat' dir='ltr'>inserens.</span> <span class='ocrx_word' id='word_1_139' title='bbox 1076 1101 1173 1134; x_wconf 77' lang='lat' dir='ltr'>(REG.</span> 
     </span>
     <span class='ocr_line' id='line_1_20' title="bbox 159 1141 694 1174; baseline -0.004 -6"><span class='ocrx_word' id='word_1_140' title='bbox 159 1142 215 1173; x_wconf 31' lang='lat'>⁷25,</span> <span class='ocrx_word' id='word_1_141' title='bbox 235 1142 256 1168; x_wconf 88' lang='lat' dir='ltr'>f.</span> <span class='ocrx_word' id='word_1_142' title='bbox 279 1142 335 1168; x_wconf 89' lang='lat'>142</span> <span class='ocrx_word' id='word_1_143' title='bbox 354 1145 400 1174; x_wconf 72' lang='grc' dir='ltr'>νο,</span> <span class='ocrx_word' id='word_1_144' title='bbox 421 1149 472 1168; x_wconf 87' lang='lat' dir='ltr'>an.</span> <span class='ocrx_word' id='word_1_145' title='bbox 494 1141 547 1173; x_wconf 88' lang='lat' dir='ltr'>IV,</span> <span class='ocrx_word' id='word_1_146' title='bbox 567 1149 592 1167; x_wconf 92' lang='lat' dir='ltr'>c.</span> <span class='ocrx_word' id='word_1_147' title='bbox 615 1142 694 1174; x_wconf 86' lang='grc'>164.)</span> 
     </span>
    </p>
   </div>
   <div class='ocr_carea' id='block_1_4' title="bbox 164 1217 1174 1410">
    <p class='ocr_par' dir='ltr' id='par_1_4' title="bbox 164 1217 1174 1410">
     <span class='ocr_line' id='line_1_21' title="bbox 205 1217 1174 1253; baseline 0.001 -8"><span class='ocrx_word' id='word_1_148' title='bbox 205 1230 216 1245; x_wconf 87' lang='lat'>«</span> <span class='ocrx_word' id='word_1_149' title='bbox 232 1218 281 1253; x_wconf 92' lang='grc' dir='ltr'>Β.,</span> <span class='ocrx_word' id='word_1_150' title='bbox 308 1218 462 1248; x_wconf 78' lang='lat' dir='ltr'>abbatisse</span> <span class='ocrx_word' id='word_1_151' title='bbox 486 1220 512 1247; x_wconf 85' lang='lat' dir='ltr'>et</span> <span class='ocrx_word' id='word_1_152' title='bbox 537 1218 697 1247; x_wconf 83' lang='lat' dir='ltr'>conventui</span> <span class='ocrx_word' id='word_1_153' title='bbox 723 1218 903 1247; x_wconf 87' lang='lat' dir='ltr'>monasterii</span> <span class='ocrx_word' id='word_1_154' title='bbox 921 1218 1027 1247; x_wconf 78' lang='lat' dir='ltr'>Sancti</span> <span class='ocrx_word' id='word_1_155' title='bbox 1044 1217 1174 1247; x_wconf 85' lang='lat' dir='ltr'>Bartho—</span> 
     </span>
     <span class='ocr_line' id='line_1_22' title="bbox 164 1270 1174 1305; baseline -0.001 -5"><span class='ocrx_word' id='word_1_156' title='bbox 164 1270 254 1300; x_wconf 89' lang='lat' dir='ltr'>lomei</span> <span class='ocrx_word' id='word_1_157' title='bbox 276 1272 312 1301; x_wconf 84' lang='lat' dir='ltr'>de</span> <span class='ocrx_word' id='word_1_158' title='bbox 334 1271 469 1305; x_wconf 80' lang='lat' dir='ltr'>Falesia,</span> <span class='ocrx_word' id='word_1_159' title='bbox 493 1271 613 1300; x_wconf 79' lang='lat' dir='ltr'>ordinis</span> <span class='ocrx_word' id='word_1_160' title='bbox 638 1271 745 1300; x_wconf 78' lang='lat' dir='ltr'>Sancti</span> <span class='ocrx_word' id='word_1_161' title='bbox 765 1271 929 1304; x_wconf 87' lang='lat' dir='ltr'>Damiani,</span> <span class='ocrx_word' id='word_1_162' title='bbox 952 1270 1174 1300; x_wconf 84' lang='lat' dir='ltr'>Massanensis</span> 
     </span>
     <span class='ocr_line' id='line_1_23' title="bbox 164 1322 1173 1362; baseline -0.001 -9"><span class='ocrx_word' id='word_1_163' title='bbox 164 1323 302 1358; x_wconf 82' lang='lat' dir='ltr'>diocesis,</span> <span class='ocrx_word' id='word_1_164' title='bbox 322 1325 362 1354; x_wconf 85' lang='lat' dir='ltr'>ad</span> <span class='ocrx_word' id='word_1_165' title='bbox 378 1325 553 1354; x_wconf 84' lang='lat' dir='ltr'>Romanam</span> <span class='ocrx_word' id='word_1_166' title='bbox 572 1323 743 1353; x_wconf 79' lang='lat' dir='ltr'>Ecclesiam</span> <span class='ocrx_word' id='word_1_167' title='bbox 760 1323 846 1353; x_wconf 84' lang='lat' dir='ltr'>nullo</span> <span class='ocrx_word' id='word_1_168' title='bbox 863 1323 963 1353; x_wconf 83' lang='lat' dir='ltr'>medio</span> <span class='ocrx_word' id='word_1_169' title='bbox 980 1322 1173 1362; x_wconf 85' lang='lat' dir='ltr'>pertinentis.</span> 
     </span>
     <span class='ocr_line' id='line_1_24' title="bbox 164 1376 1173 1410; baseline -0.002 -4"><span class='ocrx_word' id='word_1_170' title='bbox 164 1376 244 1406; x_wconf 86' lang='lat' dir='ltr'>Cum</span> <span class='ocrx_word' id='word_1_171' title='bbox 270 1387 288 1407; x_wconf 93' lang='lat' dir='ltr'>a</span> <span class='ocrx_word' id='word_1_172' title='bbox 316 1377 407 1407; x_wconf 91' lang='lat' dir='ltr'>nobis</span> <span class='ocrx_word' id='word_1_173' title='bbox 433 1395 483 1405; x_wconf 94' lang='lat'>-—.</span> <span class='ocrx_word' id='word_1_174' title='bbox 511 1377 588 1406; x_wconf 87' lang='lat' dir='ltr'>Dat.</span> <span class='ocrx_word' id='word_1_175' title='bbox 615 1377 761 1410; x_wconf 83' lang='lat' dir='ltr'>Viterbii,</span> <span class='ocrx_word' id='word_1_176' title='bbox 790 1376 894 1405; x_wconf 90' lang='lat' dir='ltr'>XIIII</span> <span class='ocrx_word' id='word_1_177' title='bbox 921 1377 984 1406; x_wconf 88' lang='lat' dir='ltr'>kal.</span> <span class='ocrx_word' id='word_1_178' title='bbox 1011 1376 1173 1410; x_wconf 87' lang='lat' dir='ltr'>februarii,</span> 
     </span>
    </p>
   </div>
   <div class='ocr_carea' id='block_1_5' title="bbox 163 1433 454 1469">
    <p class='ocr_par' dir='ltr' id='par_1_5' title="bbox 163 1433 454 1469">
     <span class='ocr_line' id='line_1_25' title="bbox 163 1433 454 1469; baseline -0.007 -11"><span class='ocrx_word' id='word_1_179' title='bbox 163 1437 249 1461; x_wconf 90' lang='lat' dir='ltr'>anno</span> <span class='ocrx_word' id='word_1_180' title='bbox 281 1433 408 1469; x_wconf 89' lang='lat' dir='ltr'>quarto.</span> <span class='ocrx_word' id='word_1_181' title='bbox 443 1441 454 1457; x_wconf 91' lang='lat'>»</span> 
     </span>
    </p>
   </div>
   <div class='ocr_carea' id='block_1_6' title="bbox 241 1585 1091 1618">
    <p class='ocr_par' dir='ltr' id='par_1_6' title="bbox 241 1585 1091 1618">
     <span class='ocr_line' id='line_1_26' title="bbox 241 1585 1091 1618; baseline -0.002 -5"><span class='ocrx_word' id='word_1_182' title='bbox 241 1587 332 1613; x_wconf 84' lang='grc'><strong>2596</strong></span> <span class='ocrx_word' id='word_1_183' title='bbox 717 1585 858 1617; x_wconf 88' lang='lat' dir='ltr'>Viterbe,</span> <span class='ocrx_word' id='word_1_184' title='bbox 879 1585 895 1611; x_wconf 84' lang='lat'>5</span> <span class='ocrx_word' id='word_1_185' title='bbox 913 1585 983 1618; x_wconf 84' lang='lat' dir='ltr'>juin</span> <span class='ocrx_word' id='word_1_186' title='bbox 1004 1585 1091 1612; x_wconf 88' lang='lat'>1258.</span> 
     </span>
    </p>
   </div>
   <div class='ocr_carea' id='block_1_7' title="bbox 162 1638 1174 1950">
    <p class='ocr_par' dir='ltr' id='par_1_7' title="bbox 162 1638 1174 1950">
     <span class='ocr_line' id='line_1_27' title="bbox 204 1638 1174 1672; baseline -0.002 -5"><span class='ocrx_word' id='word_1_187' title='bbox 204 1640 373 1667; x_wconf 90' lang='lat' dir='ltr'>Wimundo</span> <span class='ocrx_word' id='word_1_188' title='bbox 395 1639 508 1666; x_wconf 83' lang='lat' dir='ltr'>rectori</span> <span class='ocrx_word' id='word_1_189' title='bbox 529 1639 671 1671; x_wconf 87' lang='lat' dir='ltr'>indulget</span> <span class='ocrx_word' id='word_1_190' title='bbox 693 1640 739 1669; x_wconf 91' lang='lat' dir='ltr'>ut,</span> <span class='ocrx_word' id='word_1_191' title='bbox 761 1639 885 1672; x_wconf 90' lang='lat' dir='ltr'>praeter</span> <span class='ocrx_word' id='word_1_192' title='bbox 907 1638 944 1664; x_wconf 90' lang='lat' dir='ltr'>de</span> <span class='ocrx_word' id='word_1_193' title='bbox 966 1638 1121 1664; x_wconf 87' lang='lat' dir='ltr'>Minterne</span> <span class='ocrx_word' id='word_1_194' title='bbox 1142 1640 1174 1665; x_wconf 83' lang='lat' dir='ltr'>et</span> 
     </span>
     <span class='ocr_line' id='line_1_28' title="bbox 165 1677 1173 1710; baseline -0.003 -3"><span class='ocrx_word' id='word_1_195' title='bbox 165 1681 202 1707; x_wconf 88' lang='lat' dir='ltr'>de</span> <span class='ocrx_word' id='word_1_196' title='bbox 231 1679 409 1706; x_wconf 90' lang='lat' dir='ltr'>Werewelle</span> <span class='ocrx_word' id='word_1_197' title='bbox 438 1679 593 1710; x_wconf 90' lang='lat' dir='ltr'>ecclesias,</span> <span class='ocrx_word' id='word_1_198' title='bbox 624 1678 858 1704; x_wconf 90' lang='lat' dir='ltr'>Saresbiriensis</span> <span class='ocrx_word' id='word_1_199' title='bbox 887 1679 919 1704; x_wconf 87' lang='lat' dir='ltr'>et</span> <span class='ocrx_word' id='word_1_200' title='bbox 948 1677 1173 1704; x_wconf 82' lang='lat' dir='ltr'>wintoniensis</span> 
     </span>
     <span class='ocr_line' id='line_1_29' title="bbox 164 1717 1173 1751; baseline -0.003 -5"><span class='ocrx_word' id='word_1_201' title='bbox 164 1720 345 1751; x_wconf 90' lang='lat' dir='ltr'>diocesium‚</span> <span class='ocrx_word' id='word_1_202' title='bbox 379 1726 486 1746; x_wconf 89' lang='lat' dir='ltr'>curam</span> <span class='ocrx_word' id='word_1_203' title='bbox 520 1718 696 1745; x_wconf 84' lang='lat' dir='ltr'>animarum</span> <span class='ocrx_word' id='word_1_204' title='bbox 730 1718 892 1749; x_wconf 87' lang='lat' dir='ltr'>habentes,</span> <span class='ocrx_word' id='word_1_205' title='bbox 926 1717 1053 1744; x_wconf 88' lang='lat' dir='ltr'>unicum</span> <span class='ocrx_word' id='word_1_206' title='bbox 1087 1718 1173 1744; x_wconf 92' lang='lat' dir='ltr'>aliud</span> 
     </span>
     <span class='ocr_line' id='line_1_30' title="bbox 164 1757 1173 1790; baseline -0.003 -4"><span class='ocrx_word' id='word_1_207' title='bbox 164 1759 352 1786; x_wconf 84' lang='lat' dir='ltr'>beneficium</span> <span class='ocrx_word' id='word_1_208' title='bbox 379 1758 635 1789; x_wconf 87' lang='lat' dir='ltr'>ecclesiasticum,</span> <span class='ocrx_word' id='word_1_209' title='bbox 664 1757 761 1784; x_wconf 85' lang='lat' dir='ltr'>etiam</span> <span class='ocrx_word' id='word_1_210' title='bbox 789 1758 814 1783; x_wconf 91' lang='lat' dir='ltr'>si</span> <span class='ocrx_word' id='word_1_211' title='bbox 843 1757 884 1783; x_wconf 91' lang='lat' dir='ltr'>sit</span> <span class='ocrx_word' id='word_1_212' title='bbox 912 1758 1096 1790; x_wconf 85' lang='lat' dir='ltr'>personatus</span> <span class='ocrx_word' id='word_1_213' title='bbox 1124 1757 1173 1783; x_wconf 88' lang='lat' dir='ltr'>vel</span> 
     </span>
     <span class='ocr_line' id='line_1_31' title="bbox 164 1796 1174 1832; baseline -0.004 -6"><span class='ocrx_word' id='word_1_214' title='bbox 164 1800 301 1832; x_wconf 87' lang='lat' dir='ltr'>dignitas</span> <span class='ocrx_word' id='word_1_215' title='bbox 325 1800 357 1825; x_wconf 84' lang='lat' dir='ltr'>et</span> <span class='ocrx_word' id='word_1_216' title='bbox 381 1798 492 1824; x_wconf 89' lang='lat' dir='ltr'>similis</span> <span class='ocrx_word' id='word_1_217' title='bbox 516 1798 544 1824; x_wconf 90' lang='lat' dir='ltr'>ei</span> <span class='ocrx_word' id='word_1_218' title='bbox 568 1804 642 1824; x_wconf 89' lang='lat' dir='ltr'>cura</span> <span class='ocrx_word' id='word_1_219' title='bbox 666 1797 839 1828; x_wconf 87' lang='lat' dir='ltr'>immineat,</span> <span class='ocrx_word' id='word_1_220' title='bbox 865 1798 896 1822; x_wconf 90' lang='lat' dir='ltr'>et</span> <span class='ocrx_word' id='word_1_221' title='bbox 921 1796 945 1822; x_wconf 91' lang='lat' dir='ltr'>si</span> <span class='ocrx_word' id='word_1_222' title='bbox 970 1797 1110 1830; x_wconf 89' lang='lat' dir='ltr'>aliquam</span> <span class='ocrx_word' id='word_1_223' title='bbox 1135 1804 1174 1823; x_wconf 89' lang='lat' dir='ltr'>ex</span> 
     </span>
     <span class='ocr_line' id='line_1_32' title="bbox 164 1837 1173 1873; baseline -0.003 -8"><span class='ocrx_word' id='word_1_224' title='bbox 164 1839 332 1873; x_wconf 88' lang='lat' dir='ltr'>praedictis</span> <span class='ocrx_word' id='word_1_225' title='bbox 353 1838 489 1865; x_wconf 86' lang='lat' dir='ltr'>ecclesiis</span> <span class='ocrx_word' id='word_1_226' title='bbox 509 1845 580 1863; x_wconf 89' lang='lat' dir='ltr'>eum</span> <span class='ocrx_word' id='word_1_227' title='bbox 601 1837 755 1870; x_wconf 83' lang='lat' dir='ltr'>resignare</span> <span class='ocrx_word' id='word_1_228' title='bbox 776 1837 953 1870; x_wconf 81' lang='lat' dir='ltr'>contigerit,</span> <span class='ocrx_word' id='word_1_229' title='bbox 974 1837 1060 1862; x_wconf 89' lang='lat' dir='ltr'>aliud</span> <span class='ocrx_word' id='word_1_230' title='bbox 1082 1837 1173 1862; x_wconf 89' lang='lat' dir='ltr'>bene-</span> 
     </span>
     <span class='ocr_line' id='line_1_33' title="bbox 162 1874 1173 1910; baseline -0.003 -5"><span class='ocrx_word' id='word_1_231' title='bbox 162 1879 270 1905; x_wconf 85' lang='lat' dir='ltr'>ficium</span> <span class='ocrx_word' id='word_1_232' title='bbox 289 1886 361 1905; x_wconf 93' lang='lat' dir='ltr'>cum</span> <span class='ocrx_word' id='word_1_233' title='bbox 380 1878 475 1904; x_wconf 87' lang='lat' dir='ltr'>simili</span> <span class='ocrx_word' id='word_1_234' title='bbox 492 1885 565 1904; x_wconf 90' lang='lat' dir='ltr'>cura</span> <span class='ocrx_word' id='word_1_235' title='bbox 585 1877 719 1910; x_wconf 90' lang='lat' dir='ltr'>recipere</span> <span class='ocrx_word' id='word_1_236' title='bbox 730 1876 1037 1910; x_wconf 77' lang='lat' dir='ltr'>possit.(R13G.25,s.</span> <span class='ocrx_word' id='word_1_237' title='bbox 1050 1876 1106 1902; x_wconf 89' lang='grc'>142</span> <span class='ocrx_word' id='word_1_238' title='bbox 1117 1874 1173 1908; x_wconf 84' lang='lat' dir='ltr'>Y0,</span> 
     </span>
     <span class='ocr_line' id='line_1_34' title="bbox 164 1918 477 1950; baseline -0.006 -5"><span class='ocrx_word' id='word_1_239' title='bbox 164 1926 214 1945; x_wconf 92' lang='lat' dir='ltr'>an.</span> <span class='ocrx_word' id='word_1_240' title='bbox 246 1918 298 1950; x_wconf 92' lang='lat' dir='ltr'>IV,</span> <span class='ocrx_word' id='word_1_241' title='bbox 326 1926 352 1944; x_wconf 91' lang='lat' dir='ltr'>c.</span> <span class='ocrx_word' id='word_1_242' title='bbox 383 1918 477 1950; x_wconf 77' lang='lat'>165⁸.)</span> 
     </span>
    </p>
   </div>
   <div class='ocr_carea' id='block_1_8' title="bbox 162 1992 1174 2138">
    <p class='ocr_par' dir='ltr' id='par_1_8' title="bbox 162 1992 1174 2138">
     <span class='ocr_line' id='line_1_35' title="bbox 205 1992 1174 2028; baseline -0.003 -4"><span class='ocrx_word' id='word_1_243' title='bbox 205 2007 217 2021; x_wconf 81' lang='grc' dir='ltr'><strong>α</strong></span> <span class='ocrx_word' id='word_1_244' title='bbox 234 1994 413 2028; x_wconf 84' lang='lat' dir='ltr'>Wimundo,</span> <span class='ocrx_word' id='word_1_245' title='bbox 432 1993 538 2023; x_wconf 82' lang='lat' dir='ltr'>rectori</span> <span class='ocrx_word' id='word_1_246' title='bbox 555 1993 675 2023; x_wconf 83' lang='lat' dir='ltr'>ecclesie</span> <span class='ocrx_word' id='word_1_247' title='bbox 692 1993 727 2022; x_wconf 83' lang='lat' dir='ltr'>de</span> <span class='ocrx_word' id='word_1_248' title='bbox 743 1993 914 2027; x_wconf 85' lang='lat' dir='ltr'>Minterne,</span> <span class='ocrx_word' id='word_1_249' title='bbox 934 1992 1174 2022; x_wconf 83' lang='lat' dir='ltr'>Saresbiriensis</span> 
     </span>
     <span class='ocr_line' id='line_1_36' title="bbox 162 2045 1173 2079; baseline -0.003 -2"><span class='ocrx_word' id='word_1_250' title='bbox 162 2048 301 2077; x_wconf 86' lang='lat' dir='ltr'>diocesis.</span> <span class='ocrx_word' id='word_1_251' title='bbox 329 2047 481 2077; x_wconf 87' lang='lat' dir='ltr'>Volentes</span> <span class='ocrx_word' id='word_1_252' title='bbox 508 2046 568 2076; x_wconf 89' lang='lat' dir='ltr'>tibi</span> <span class='ocrx_word' id='word_1_253' title='bbox 594 2046 697 2075; x_wconf 87' lang='lat' dir='ltr'>facere</span> <span class='ocrx_word' id='word_1_254' title='bbox 724 2063 774 2074; x_wconf 86' lang='lat'>——.</span> <span class='ocrx_word' id='word_1_255' title='bbox 803 2046 880 2075; x_wconf 88' lang='lat' dir='ltr'>Dat.</span> <span class='ocrx_word' id='word_1_256' title='bbox 907 2045 1053 2079; x_wconf 84' lang='lat' dir='ltr'>Viterbii,</span> <span class='ocrx_word' id='word_1_257' title='bbox 1082 2045 1173 2074; x_wconf 90' lang='lat' dir='ltr'>nonis</span> 
     </span>
     <span class='ocr_line' id='line_1_37' title="bbox 163 2099 576 2138; baseline -0.002 -9"><span class='ocrx_word' id='word_1_258' title='bbox 163 2099 254 2138; x_wconf 81' lang='lat' dir='ltr'>junii,</span> <span class='ocrx_word' id='word_1_259' title='bbox 287 2110 372 2130; x_wconf 90' lang='lat' dir='ltr'>anno</span> <span class='ocrx_word' id='word_1_260' title='bbox 404 2102 530 2138; x_wconf 83' lang='lat' dir='ltr'>quarto.</span> <span class='ocrx_word' id='word_1_261' title='bbox 565 2111 576 2125; x_wconf 89' lang='lat'>»</span> 
     </span>
    </p>
   </div>
   <div class='ocr_carea' id='block_1_9' title="bbox 241 2289 1089 2322">
    <p class='ocr_par' dir='ltr' id='par_1_9' title="bbox 241 2289 1089 2322">
     <span class='ocr_line' id='line_1_38' title="bbox 241 2289 1089 2322; baseline -0.004 -4"><span class='ocrx_word' id='word_1_262' title='bbox 241 2292 331 2318; x_wconf 86' lang='grc'><strong>2597</strong></span> <span class='ocrx_word' id='word_1_263' title='bbox 699 2290 837 2321; x_wconf 87' lang='lat' dir='ltr'>Viterbe,</span> <span class='ocrx_word' id='word_1_264' title='bbox 860 2290 895 2315; x_wconf 90' lang='lat'>10</span> <span class='ocrx_word' id='word_1_265' title='bbox 913 2289 982 2322; x_wconf 88' lang='lat' dir='ltr'>juin</span> <span class='ocrx_word' id='word_1_266' title='bbox 1003 2289 1089 2315; x_wconf 83' lang='lat'>1258.</span> 
     </span>
    </p>
   </div>
   <div class='ocr_carea' id='block_1_10' title="bbox 162 2341 1171 2575">
    <p class='ocr_par' dir='ltr' id='par_1_10' title="bbox 162 2341 1171 2575">
     <span class='ocr_line' id='line_1_39' title="bbox 204 2341 1171 2376; baseline -0.005 -4"><span class='ocrx_word' id='word_1_267' title='bbox 204 2346 329 2372; x_wconf 90' lang='lat' dir='ltr'>Decano</span> <span class='ocrx_word' id='word_1_268' title='bbox 362 2344 508 2371; x_wconf 88' lang='lat' dir='ltr'>ecclesiae</span> <span class='ocrx_word' id='word_1_269' title='bbox 540 2343 783 2374; x_wconf 80' lang='lat' dir='ltr'>SaresbiriensiS,</span> <span class='ocrx_word' id='word_1_270' title='bbox 817 2344 851 2369; x_wconf 85' lang='lat' dir='ltr'>ut</span> <span class='ocrx_word' id='word_1_271' title='bbox 892 2341 1069 2376; x_wconf 82' lang='lat' dir='ltr'>praefatum</span> <span class='ocrx_word' id='word_1_272' title='bbox 1108 2342 1171 2368; x_wconf 94' lang='lat' dir='ltr'>Wi-</span> 
     </span>
     <span class='ocr_line' id='line_1_40' title="bbox 163 2382 1170 2418; baseline -0.005 -6"><span class='ocrx_word' id='word_1_273' title='bbox 163 2386 327 2416; x_wconf 89' lang='lat' dir='ltr'>mundum,</span> <span class='ocrx_word' id='word_1_274' title='bbox 350 2385 404 2418; x_wconf 89' lang='lat' dir='ltr'>qui</span> <span class='ocrx_word' id='word_1_275' title='bbox 435 2384 554 2410; x_wconf 82' lang='lat' dir='ltr'>dietam</span> <span class='ocrx_word' id='word_1_276' title='bbox 575 2383 736 2409; x_wconf 85' lang='lat' dir='ltr'>ecclesiam</span> <span class='ocrx_word' id='word_1_277' title='bbox 759 2383 795 2408; x_wconf 87' lang='lat' dir='ltr'>de</span> <span class='ocrx_word' id='word_1_278' title='bbox 816 2382 995 2409; x_wconf 84' lang='lat' dir='ltr'>Werewelle</span> <span class='ocrx_word' id='word_1_279' title='bbox 1016 2389 1078 2408; x_wconf 87' lang='lat' dir='ltr'>una</span> <span class='ocrx_word' id='word_1_280' title='bbox 1100 2389 1170 2408; x_wconf 88' lang='lat' dir='ltr'>cum</span> 
     </span>
     <span class='ocr_line' id='line_1_41' title="bbox 163 2421 1171 2457; baseline -0.006 -5"><span class='ocrx_word' id='word_1_281' title='bbox 163 2425 291 2452; x_wconf 88' lang='lat' dir='ltr'>ecclesia</span> <span class='ocrx_word' id='word_1_282' title='bbox 314 2425 351 2451; x_wconf 88' lang='lat' dir='ltr'>de</span> <span class='ocrx_word' id='word_1_283' title='bbox 374 2424 528 2450; x_wconf 89' lang='lat' dir='ltr'>Minterne</span> <span class='ocrx_word' id='word_1_284' title='bbox 549 2423 635 2457; x_wconf 88' lang='lat' dir='ltr'>prius</span> <span class='ocrx_word' id='word_1_285' title='bbox 657 2423 799 2453; x_wconf 90' lang='lat' dir='ltr'>obtenta,</span> <span class='ocrx_word' id='word_1_286' title='bbox 823 2422 941 2455; x_wconf 81' lang='lat' dir='ltr'>absque</span> <span class='ocrx_word' id='word_1_287' title='bbox 964 2421 1050 2447; x_wconf 86' lang='lat' dir='ltr'>Sedis</span> <span class='ocrx_word' id='word_1_288' title='bbox 1073 2422 1171 2455; x_wconf 87' lang='lat' dir='ltr'>Apos-</span> 
     </span>
     <span class='ocr_line' id='line_1_42' title="bbox 162 2461 1170 2497; baseline -0.005 -6"><span class='ocrx_word' id='word_1_289' title='bbox 162 2465 275 2491; x_wconf 88' lang='lat' dir='ltr'>tolicae</span> <span class='ocrx_word' id='word_1_290' title='bbox 308 2464 540 2497; x_wconf 85' lang='lat' dir='ltr'>dispensatione</span> <span class='ocrx_word' id='word_1_291' title='bbox 573 2463 755 2493; x_wconf 84' lang='lat' dir='ltr'>retinuerat,</span> <span class='ocrx_word' id='word_1_292' title='bbox 788 2462 818 2488; x_wconf 87' lang='lat' dir='ltr'>in</span> <span class='ocrx_word' id='word_1_293' title='bbox 851 2461 991 2494; x_wconf 83' lang='lat' dir='ltr'>ejusdem</span> <span class='ocrx_word' id='word_1_294' title='bbox 1024 2461 1170 2487; x_wconf 87' lang='lat' dir='ltr'>ecclesiae</span> 
     </span>
     <span class='ocr_line' id='line_1_43' title="bbox 163 2501 1169 2536; baseline -0.005 -5"><span class='ocrx_word' id='word_1_295' title='bbox 163 2505 201 2531; x_wconf 91' lang='lat' dir='ltr'>de</span> <span class='ocrx_word' id='word_1_296' title='bbox 228 2505 391 2534; x_wconf 87' lang='lat' dir='ltr'>Minterne‚</span> <span class='ocrx_word' id='word_1_297' title='bbox 420 2503 627 2536; x_wconf 85' lang='lat' dir='ltr'>resignatione</span> <span class='ocrx_word' id='word_1_298' title='bbox 655 2504 686 2528; x_wconf 90' lang='lat' dir='ltr'>et</span> <span class='ocrx_word' id='word_1_299' title='bbox 712 2501 928 2528; x_wconf 83' lang='lat' dir='ltr'>satisfactione</span> <span class='ocrx_word' id='word_1_300' title='bbox 956 2501 1040 2534; x_wconf 89' lang='lat' dir='ltr'>prius</span> <span class='ocrx_word' id='word_1_301' title='bbox 1069 2501 1169 2533; x_wconf 75' lang='lat' dir='ltr'>factis,</span> 
     </span>
     <span class='ocr_line' id='line_1_44' title="bbox 162 2539 914 2575; baseline -0.007 -4"><span class='ocrx_word' id='word_1_302' title='bbox 162 2545 302 2571; x_wconf 88' lang='lat' dir='ltr'>inducat.</span> <span class='ocrx_word' id='word_1_303' title='bbox 321 2544 418 2575; x_wconf 66' lang='lat' dir='ltr'>(Fuso.</span> <span class='ocrx_word' id='word_1_304' title='bbox 437 2543 486 2574; x_wconf 86' lang='lat'>25,</span> <span class='ocrx_word' id='word_1_305' title='bbox 504 2542 524 2568; x_wconf 82' lang='lat' dir='ltr'>f.</span> <span class='ocrx_word' id='word_1_306' title='bbox 546 2542 612 2573; x_wconf 88' lang='grc'>143,</span> <span class='ocrx_word' id='word_1_307' title='bbox 631 2549 680 2568; x_wconf 89' lang='lat' dir='ltr'>an.</span> <span class='ocrx_word' id='word_1_308' title='bbox 702 2542 753 2573; x_wconf 87' lang='lat' dir='ltr'>IV,</span> <span class='ocrx_word' id='word_1_309' title='bbox 773 2550 797 2568; x_wconf 91' lang='lat' dir='ltr'>c.</span> <span class='ocrx_word' id='word_1_310' title='bbox 818 2539 914 2573; x_wconf 79' lang='lat' dir='ltr'>165b.)</span> 
     </span>
    </p>
   </div>
   <div class='ocr_carea' id='block_1_11' title="bbox 163 2617 1169 2709">
    <p class='ocr_par' dir='ltr' id='par_1_11' title="bbox 163 2617 1169 2709">
     <span class='ocr_line' id='line_1_45' title="bbox 205 2617 1169 2656; baseline -0.003 -8"><span class='ocrx_word' id='word_1_311' title='bbox 205 2633 216 2648; x_wconf 72' lang='lat' dir='ltr'>a</span> <span class='ocrx_word' id='word_1_312' title='bbox 231 2644 260 2655; x_wconf 90' lang='lat'>..,</span> <span class='ocrx_word' id='word_1_313' title='bbox 278 2621 391 2650; x_wconf 85' lang='lat' dir='ltr'>decano</span> <span class='ocrx_word' id='word_1_314' title='bbox 409 2619 529 2649; x_wconf 80' lang='lat' dir='ltr'>ecclesie</span> <span class='ocrx_word' id='word_1_315' title='bbox 548 2618 798 2649; x_wconf 84' lang='lat' dir='ltr'>Saresbiriensis.</span> <span class='ocrx_word' id='word_1_316' title='bbox 817 2619 866 2647; x_wconf 85' lang='lat' dir='ltr'>Ex</span> <span class='ocrx_word' id='word_1_317' title='bbox 886 2620 976 2656; x_wconf 80' lang='lat' dir='ltr'>parte</span> <span class='ocrx_word' id='word_1_318' title='bbox 995 2617 1101 2646; x_wconf 80' lang='lat' dir='ltr'>dilecti</span> <span class='ocrx_word' id='word_1_319' title='bbox 1118 2634 1169 2646; x_wconf 92' lang='lat'>—-.</span> 
     </span>
     <span class='ocr_line' id='line_1_46' title="bbox 163 2671 1013 2709; baseline -0.006 -7"><span class='ocrx_word' id='word_1_320' title='bbox 163 2673 239 2704; x_wconf 87' lang='lat' dir='ltr'>Dat.</span> <span class='ocrx_word' id='word_1_321' title='bbox 264 2673 410 2707; x_wconf 73' lang='lat' dir='ltr'>viterbii,</span> <span class='ocrx_word' id='word_1_322' title='bbox 438 2672 504 2701; x_wconf 90' lang='lat'>1111</span> <span class='ocrx_word' id='word_1_323' title='bbox 529 2672 600 2701; x_wconf 87' lang='lat' dir='ltr'>idus</span> <span class='ocrx_word' id='word_1_324' title='bbox 623 2671 715 2709; x_wconf 87' lang='lat' dir='ltr'>junii,</span> <span class='ocrx_word' id='word_1_325' title='bbox 739 2680 824 2700; x_wconf 89' lang='lat' dir='ltr'>anno</span> <span class='ocrx_word' id='word_1_326' title='bbox 849 2672 976 2709; x_wconf 78' lang='lat' dir='ltr'>quarto.</span> <span class='ocrx_word' id='word_1_327' title='bbox 1001 2680 1013 2695; x_wconf 76' lang='grc' dir='ltr'><strong><em>ι</em></strong></span> 
     </span>
    </p>
   </div>
   <div class='ocr_carea' id='block_1_12' title="bbox 242 2856 1087 2890">
    <p class='ocr_par' dir='ltr' id='par_1_12' title="bbox 242 2856 1087 2890">
     <span class='ocr_line' id='line_1_47' title="bbox 242 2856 1087 2890; baseline -0.004 -5"><span class='ocrx_word' id='word_1_328' title='bbox 242 2859 332 2885; x_wconf 81' lang='lat'><strong>2598</strong></span> <span class='ocrx_word' id='word_1_329' title='bbox 704 2857 841 2889; x_wconf 86' lang='lat' dir='ltr'>Viterbe,</span> <span class='ocrx_word' id='word_1_330' title='bbox 861 2857 896 2883; x_wconf 90' lang='lat'>13</span> <span class='ocrx_word' id='word_1_331' title='bbox 913 2857 981 2890; x_wconf 87' lang='lat' dir='ltr'>juin</span> <span class='ocrx_word' id='word_1_332' title='bbox 1000 2856 1087 2883; x_wconf 82' lang='lat'>1258.</span> 
     </span>
    </p>
   </div>
   <div class='ocr_carea' id='block_1_13' title="bbox 161 2909 1169 3063">
    <p class='ocr_par' dir='ltr' id='par_1_13' title="bbox 161 2909 1169 3063">
     <span class='ocr_line' id='line_1_48' title="bbox 206 2909 1169 2944; baseline -0.004 -6"><span class='ocrx_word' id='word_1_333' title='bbox 206 2912 297 2938; x_wconf 89' lang='lat' dir='ltr'>Dicto</span> <span class='ocrx_word' id='word_1_334' title='bbox 318 2912 499 2943; x_wconf 83' lang='lat' dir='ltr'>wimundo,</span> <span class='ocrx_word' id='word_1_335' title='bbox 518 2913 553 2937; x_wconf 91' lang='lat' dir='ltr'>ut</span> <span class='ocrx_word' id='word_1_336' title='bbox 577 2912 700 2944; x_wconf 82' lang='lat' dir='ltr'>praeter</span> <span class='ocrx_word' id='word_1_337' title='bbox 721 2910 822 2936; x_wconf 90' lang='lat' dir='ltr'>dictas</span> <span class='ocrx_word' id='word_1_338' title='bbox 843 2909 986 2936; x_wconf 88' lang='lat' dir='ltr'>ecclesias</span> <span class='ocrx_word' id='word_1_339' title='bbox 1008 2910 1045 2935; x_wconf 87' lang='lat' dir='ltr'>de</span> <span class='ocrx_word' id='word_1_340' title='bbox 1066 2909 1169 2935; x_wconf 86' lang='lat' dir='ltr'>Were-</span> 
     </span>
     <span class='ocr_line' id='line_1_49' title="bbox 161 2947 1168 2982; baseline -0.005 -4"><span class='ocrx_word' id='word_1_341' title='bbox 161 2951 249 2978; x_wconf 88' lang='lat' dir='ltr'>welle</span> <span class='ocrx_word' id='word_1_342' title='bbox 268 2953 299 2978; x_wconf 89' lang='lat' dir='ltr'>et</span> <span class='ocrx_word' id='word_1_343' title='bbox 319 2952 356 2977; x_wconf 91' lang='lat' dir='ltr'>de</span> <span class='ocrx_word' id='word_1_344' title='bbox 376 2951 539 2982; x_wconf 87' lang='lat' dir='ltr'>Minterne,</span> <span class='ocrx_word' id='word_1_345' title='bbox 560 2950 686 2977; x_wconf 84' lang='lat' dir='ltr'>unicum</span> <span class='ocrx_word' id='word_1_346' title='bbox 706 2950 791 2976; x_wconf 91' lang='lat' dir='ltr'>aliud</span> <span class='ocrx_word' id='word_1_347' title='bbox 811 2949 1009 2980; x_wconf 80' lang='lat' dir='ltr'>beneficium,</span> <span class='ocrx_word' id='word_1_348' title='bbox 1029 2948 1123 2975; x_wconf 83' lang='lat' dir='ltr'>etiam</span> <span class='ocrx_word' id='word_1_349' title='bbox 1145 2947 1168 2973; x_wconf 88' lang='lat' dir='ltr'>si</span> 
     </span>
     <span class='ocr_line' id='line_1_50' title="bbox 164 2987 1167 3025; baseline -0.004 -7"><span class='ocrx_word' id='word_1_350' title='bbox 164 2991 302 3024; x_wconf 81' lang='lat' dir='ltr'>dignitas</span> <span class='ocrx_word' id='word_1_351' title='bbox 317 2991 367 3017; x_wconf 80' lang='lat' dir='ltr'>vel</span> <span class='ocrx_word' id='word_1_352' title='bbox 382 2992 567 3025; x_wconf 86' lang='lat' dir='ltr'>personatus</span> <span class='ocrx_word' id='word_1_353' title='bbox 582 2990 709 3021; x_wconf 85' lang='lat' dir='ltr'>existat,</span> <span class='ocrx_word' id='word_1_354' title='bbox 736 2989 870 3023; x_wconf 85' lang='lat' dir='ltr'>recipere</span> <span class='ocrx_word' id='word_1_355' title='bbox 894 2989 992 3022; x_wconf 81' lang='lat' dir='ltr'>possit</span> <span class='ocrx_word' id='word_1_356' title='bbox 1016 2987 1167 3021; x_wconf 64' lang='lat' dir='ltr'>indulget.</span> 
     </span>
     <span class='ocr_line' id='line_1_51' title="bbox 164 3029 812 3063; baseline -0.005 -6"><span class='ocrx_word' id='word_1_357' title='bbox 164 3031 261 3063; x_wconf 70' lang='lat' dir='ltr'>(Rea.</span> <span class='ocrx_word' id='word_1_358' title='bbox 278 3030 326 3057; x_wconf 88' lang='lat'>25.</span> <span class='ocrx_word' id='word_1_359' title='bbox 344 3030 392 3062; x_wconf 91' lang='lat'>25,</span> <span class='ocrx_word' id='word_1_360' title='bbox 409 3030 430 3056; x_wconf 81' lang='lat' dir='ltr'>f.</span> <span class='ocrx_word' id='word_1_361' title='bbox 449 3030 515 3062; x_wconf 87' lang='grc'>143,</span> <span class='ocrx_word' id='word_1_362' title='bbox 533 3038 583 3057; x_wconf 89' lang='lat' dir='ltr'>an.</span> <span class='ocrx_word' id='word_1_363' title='bbox 604 3030 655 3060; x_wconf 89' lang='lat' dir='ltr'>IV,</span> <span class='ocrx_word' id='word_1_364' title='bbox 674 3037 698 3055; x_wconf 92' lang='lat' dir='ltr'>c.</span> <span class='ocrx_word' id='word_1_365' title='bbox 718 3029 812 3062; x_wconf 65' lang='lat'>165⁶.)</span> 
     </span>
    </p>
   </div>
   <div class='ocr_carea' id='block_1_14' title="bbox 1223 707 1228 1383">
    <p class='ocr_par' dir='ltr' id='par_1_14' title="bbox 1223 707 1228 1383">
     <span class='ocr_line' id='line_1_52' title="bbox 1223 707 1228 1383; baseline 0 0"><span class='ocrx_word' id='word_1_366' title='bbox 1223 707 1228 1383; x_wconf 95' lang='lat' dir='ltr'> </span> 
     </span>
    </p>
   </div>
   <div class='ocr_carea' id='block_1_15' title="bbox 1222 1525 1227 3063">
    <p class='ocr_par' dir='ltr' id='par_1_15' title="bbox 1222 1525 1227 3063">
     <span class='ocr_line' id='line_1_53' title="bbox 1222 1525 1227 3063; baseline 0 0"><span class='ocrx_word' id='word_1_367' title='bbox 1222 1525 1227 3063; x_wconf 95' lang='lat' dir='ltr'> </span> 
     </span>
    </p>
   </div>
   <div class='ocr_carea' id='block_1_16' title="bbox 1278 411 2284 556">
    <p class='ocr_par' dir='ltr' id='par_1_16' title="bbox 1278 411 2284 556">
     <span class='ocr_line' id='line_1_54' title="bbox 1321 411 2284 450; baseline 0.001 -11"><span class='ocrx_word' id='word_1_368' title='bbox 1321 424 1332 439; x_wconf 85' lang='lat'><strong><em>«</em></strong></span> <span class='ocrx_word' id='word_1_369' title='bbox 1356 412 1540 442; x_wconf 85' lang='lat' dir='ltr'>Wirmundo</span> <span class='ocrx_word' id='word_1_370' title='bbox 1557 413 1638 450; x_wconf 87' lang='lat' dir='ltr'>(sic),</span> <span class='ocrx_word' id='word_1_371' title='bbox 1658 411 1763 441; x_wconf 86' lang='lat' dir='ltr'>rectori</span> <span class='ocrx_word' id='word_1_372' title='bbox 1781 411 1900 441; x_wconf 85' lang='lat' dir='ltr'>ecclesie</span> <span class='ocrx_word' id='word_1_373' title='bbox 1916 411 1951 440; x_wconf 83' lang='lat' dir='ltr'>de</span> <span class='ocrx_word' id='word_1_374' title='bbox 1969 411 2147 445; x_wconf 86' lang='lat' dir='ltr'>Werewelle,</span> <span class='ocrx_word' id='word_1_375' title='bbox 2166 411 2284 441; x_wconf 88' lang='lat' dir='ltr'>Winto-</span> 
     </span>
     <span class='ocr_line' id='line_1_55' title="bbox 1278 464 2282 504; baseline -0.002 -10"><span class='ocrx_word' id='word_1_376' title='bbox 1278 465 1399 494; x_wconf 88' lang='lat' dir='ltr'>niensis</span> <span class='ocrx_word' id='word_1_377' title='bbox 1417 465 1556 494; x_wconf 83' lang='lat' dir='ltr'>diocesis.</span> <span class='ocrx_word' id='word_1_378' title='bbox 1577 465 1648 494; x_wconf 87' lang='lat' dir='ltr'>Etsi</span> <span class='ocrx_word' id='word_1_379' title='bbox 1667 467 1798 504; x_wconf 89' lang='lat' dir='ltr'>propter</span> <span class='ocrx_word' id='word_1_380' title='bbox 1816 464 2009 494; x_wconf 88' lang='lat' dir='ltr'>ambitiones</span> <span class='ocrx_word' id='word_1_381' title='bbox 2024 482 2073 492; x_wconf 94' lang='lat'>—.</span> <span class='ocrx_word' id='word_1_382' title='bbox 2086 464 2162 493; x_wconf 90' lang='lat' dir='ltr'>Dat.</span> <span class='ocrx_word' id='word_1_383' title='bbox 2176 464 2282 493; x_wconf 84' lang='lat' dir='ltr'>Viter-</span> 
     </span>
     <span class='ocr_line' id='line_1_56' title="bbox 1278 517 1872 556; baseline -0.003 -9"><span class='ocrx_word' id='word_1_384' title='bbox 1278 517 1333 551; x_wconf 89' lang='lat' dir='ltr'>bii,</span> <span class='ocrx_word' id='word_1_385' title='bbox 1357 518 1463 547; x_wconf 90' lang='lat' dir='ltr'>idibus</span> <span class='ocrx_word' id='word_1_386' title='bbox 1485 518 1577 556; x_wconf 87' lang='lat' dir='ltr'>junii,</span> <span class='ocrx_word' id='word_1_387' title='bbox 1601 527 1685 547; x_wconf 90' lang='lat' dir='ltr'>anno</span> <span class='ocrx_word' id='word_1_388' title='bbox 1709 519 1835 556; x_wconf 88' lang='lat' dir='ltr'>quarto.</span> <span class='ocrx_word' id='word_1_389' title='bbox 1860 529 1872 544; x_wconf 88' lang='lat'>»</span> 
     </span>
    </p>
   </div>
   <div class='ocr_carea' id='block_1_17' title="bbox 1359 706 2204 740">
    <p class='ocr_par' dir='ltr' id='par_1_17' title="bbox 1359 706 2204 740">
     <span class='ocr_line' id='line_1_57' title="bbox 1359 706 2204 740; baseline -0.002 -6"><span class='ocrx_word' id='word_1_390' title='bbox 1359 709 1451 734; x_wconf 86' lang='grc'><strong>2599</strong></span> <span class='ocrx_word' id='word_1_391' title='bbox 1844 708 1982 739; x_wconf 88' lang='lat' dir='ltr'>Viterbe,</span> <span class='ocrx_word' id='word_1_392' title='bbox 1999 707 2016 734; x_wconf 83' lang='lat'>3</span> <span class='ocrx_word' id='word_1_393' title='bbox 2031 707 2100 740; x_wconf 90' lang='lat' dir='ltr'>juin</span> <span class='ocrx_word' id='word_1_394' title='bbox 2118 706 2204 733; x_wconf 81' lang='lat'>1258.</span> 
     </span>
    </p>
   </div>
   <div class='ocr_carea' id='block_1_18' title="bbox 1280 759 2287 874">
    <p class='ocr_par' dir='ltr' id='par_1_18' title="bbox 1280 759 2287 874">
     <span class='ocr_line' id='line_1_58' title="bbox 1320 759 2287 791; baseline -0.002 -4"><span class='ocrx_word' id='word_1_395' title='bbox 1320 761 1438 787; x_wconf 88' lang='lat' dir='ltr'>Abbati</span> <span class='ocrx_word' id='word_1_396' title='bbox 1470 762 1501 787; x_wconf 90' lang='lat' dir='ltr'>et</span> <span class='ocrx_word' id='word_1_397' title='bbox 1533 761 1703 787; x_wconf 89' lang='lat' dir='ltr'>conventui</span> <span class='ocrx_word' id='word_1_398' title='bbox 1743 760 1924 786; x_wconf 89' lang='lat' dir='ltr'>monasterii</span> <span class='ocrx_word' id='word_1_399' title='bbox 1964 759 2172 791; x_wconf 81' lang='lat' dir='ltr'>Karrofensis,</span> <span class='ocrx_word' id='word_1_400' title='bbox 2221 759 2287 785; x_wconf 87' lang='lat' dir='ltr'>Pic-</span> 
     </span>
     <span class='ocr_line' id='line_1_59' title="bbox 1280 799 2287 833; baseline -0.002 -6"><span class='ocrx_word' id='word_1_401' title='bbox 1280 801 1419 827; x_wconf 85' lang='lat' dir='ltr'>tavensis</span> <span class='ocrx_word' id='word_1_402' title='bbox 1439 801 1579 832; x_wconf 86' lang='lat' dir='ltr'>diocesis,</span> <span class='ocrx_word' id='word_1_403' title='bbox 1600 801 1635 826; x_wconf 90' lang='lat' dir='ltr'>ut</span> <span class='ocrx_word' id='word_1_404' title='bbox 1655 800 1816 826; x_wconf 87' lang='lat' dir='ltr'>novalium</span> <span class='ocrx_word' id='word_1_405' title='bbox 1837 800 1971 826; x_wconf 87' lang='lat' dir='ltr'>decimas</span> <span class='ocrx_word' id='word_1_406' title='bbox 1991 800 2147 833; x_wconf 82' lang='lat' dir='ltr'>percipere</span> <span class='ocrx_word' id='word_1_407' title='bbox 2167 799 2287 833; x_wconf 84' lang='lat' dir='ltr'>possint</span> 
     </span>
     <span class='ocr_line' id='line_1_60' title="bbox 1280 839 2064 874; baseline -0.003 -7"><span class='ocrx_word' id='word_1_408' title='bbox 1280 841 1432 874; x_wconf 82' lang='lat' dir='ltr'>indulget.</span> <span class='ocrx_word' id='word_1_409' title='bbox 1455 841 1552 873; x_wconf 74' lang='lat' dir='ltr'>(REG.</span> <span class='ocrx_word' id='word_1_410' title='bbox 1576 840 1624 871; x_wconf 90' lang='lat'>25,</span> <span class='ocrx_word' id='word_1_411' title='bbox 1646 840 1668 865; x_wconf 82' lang='lat' dir='ltr'>f.</span> <span class='ocrx_word' id='word_1_412' title='bbox 1694 840 1760 871; x_wconf 84' lang='lat'>143,</span> <span class='ocrx_word' id='word_1_413' title='bbox 1783 847 1832 866; x_wconf 89' lang='lat' dir='ltr'>an.</span> <span class='ocrx_word' id='word_1_414' title='bbox 1860 840 1911 870; x_wconf 91' lang='lat' dir='ltr'>IV,</span> <span class='ocrx_word' id='word_1_415' title='bbox 1935 847 1959 865; x_wconf 88' lang='lat' dir='ltr'>c.</span> <span class='ocrx_word' id='word_1_416' title='bbox 1984 839 2064 871; x_wconf 84' lang='grc'>166.)</span> 
     </span>
    </p>
   </div>
   <div class='ocr_carea' id='block_1_19' title="bbox 1280 942 2288 1458">
    <p class='ocr_par' dir='ltr' id='par_1_19' title="bbox 1280 942 2288 1458">
     <span class='ocr_line' id='line_1_61' title="bbox 1322 942 2286 980; baseline -0.005 -6"><span class='ocrx_word' id='word_1_417' title='bbox 1322 956 1333 970; x_wconf 86' lang='lat'>«</span> <span class='ocrx_word' id='word_1_418' title='bbox 1345 967 1375 978; x_wconf 87' lang='lat'>..,</span> <span class='ocrx_word' id='word_1_419' title='bbox 1395 944 1500 973; x_wconf 86' lang='lat' dir='ltr'>abbati</span> <span class='ocrx_word' id='word_1_420' title='bbox 1518 945 1543 973; x_wconf 82' lang='lat' dir='ltr'>et</span> <span class='ocrx_word' id='word_1_421' title='bbox 1561 943 1721 973; x_wconf 82' lang='lat' dir='ltr'>conventui</span> <span class='ocrx_word' id='word_1_422' title='bbox 1746 943 1926 972; x_wconf 84' lang='lat' dir='ltr'>monasterii</span> <span class='ocrx_word' id='word_1_423' title='bbox 1938 942 2148 980; x_wconf 77' lang='lat' dir='ltr'>Katralensis,</span> <span class='ocrx_word' id='word_1_424' title='bbox 2167 942 2286 973; x_wconf 73' lang='lat' dir='ltr'>ordinis</span> 
     </span>
     <span class='ocr_line' id='line_1_62' title="bbox 1282 995 2281 1029; baseline -0.001 -3"><span class='ocrx_word' id='word_1_425' title='bbox 1282 996 1388 1026; x_wconf 82' lang='lat' dir='ltr'>Sancti</span> <span class='ocrx_word' id='word_1_426' title='bbox 1446 996 1614 1029; x_wconf 79' lang='lat' dir='ltr'>Benedicti,</span> <span class='ocrx_word' id='word_1_427' title='bbox 1659 995 1851 1025; x_wconf 83' lang='lat' dir='ltr'>Pictavcnsis</span> <span class='ocrx_word' id='word_1_428' title='bbox 1910 995 2049 1024; x_wconf 83' lang='lat' dir='ltr'>diocesis.</span> <span class='ocrx_word' id='word_1_429' title='bbox 2093 995 2281 1025; x_wconf 88' lang='lat' dir='ltr'>Devotionis</span> 
     </span>
     <span class='ocr_line' id='line_1_63' title="bbox 1280 1048 2287 1088; baseline -0.002 -9"><span class='ocrx_word' id='word_1_430' title='bbox 1280 1052 1386 1079; x_wconf 81' lang='lat' dir='ltr'>vestre</span> <span class='ocrx_word' id='word_1_431' title='bbox 1405 1049 1551 1088; x_wconf 88' lang='lat' dir='ltr'>precibus</span> <span class='ocrx_word' id='word_1_432' title='bbox 1570 1049 1744 1087; x_wconf 86' lang='lat' dir='ltr'>benignum</span> <span class='ocrx_word' id='word_1_433' title='bbox 1762 1048 1983 1086; x_wconf 79' lang='lat' dir='ltr'>impertientes</span> <span class='ocrx_word' id='word_1_434' title='bbox 2001 1056 2176 1081; x_wconf 78' lang='lat' dir='ltr'>assensum,</span> <span class='ocrx_word' id='word_1_435' title='bbox 2195 1048 2287 1077; x_wconf 86' lang='lat' dir='ltr'>vobis</span> 
     </span>
     <span class='ocr_line' id='line_1_64' title="bbox 1280 1100 2286 1139; baseline -0.002 -7"><span class='ocrx_word' id='word_1_436' title='bbox 1280 1104 1313 1132; x_wconf 87' lang='lat' dir='ltr'>et</span> <span class='ocrx_word' id='word_1_437' title='bbox 1336 1103 1487 1132; x_wconf 88' lang='lat' dir='ltr'>membris</span> <span class='ocrx_word' id='word_1_438' title='bbox 1510 1102 1625 1131; x_wconf 84' lang='lat' dir='ltr'>vestris</span> <span class='ocrx_word' id='word_1_439' title='bbox 1648 1101 1843 1131; x_wconf 85' lang='lat' dir='ltr'>auctoritate</span> <span class='ocrx_word' id='word_1_440' title='bbox 1867 1101 2063 1139; x_wconf 87' lang='lat' dir='ltr'>presentium</span> <span class='ocrx_word' id='word_1_441' title='bbox 2086 1100 2286 1138; x_wconf 82' lang='lat' dir='ltr'>indulgemus</span> 
     </span>
     <span class='ocr_line' id='line_1_65' title="bbox 1280 1153 2287 1194; baseline -0.002 -10"><span class='ocrx_word' id='word_1_442' title='bbox 1280 1157 1318 1184; x_wconf 86' lang='lat' dir='ltr'>ut</span> <span class='ocrx_word' id='word_1_443' title='bbox 1340 1155 1372 1184; x_wconf 92' lang='lat' dir='ltr'>in</span> <span class='ocrx_word' id='word_1_444' title='bbox 1396 1155 1456 1184; x_wconf 87' lang='lat' dir='ltr'>illis</span> <span class='ocrx_word' id='word_1_445' title='bbox 1480 1155 1654 1194; x_wconf 90' lang='lat' dir='ltr'>parrochiis</span> <span class='ocrx_word' id='word_1_446' title='bbox 1677 1155 1709 1184; x_wconf 93' lang='lat' dir='ltr'>in</span> <span class='ocrx_word' id='word_1_447' title='bbox 1732 1155 1849 1193; x_wconf 88' lang='lat' dir='ltr'>quibus</span> <span class='ocrx_word' id='word_1_448' title='bbox 1893 1155 2017 1183; x_wconf 81' lang='lat' dir='ltr'>veteres</span> <span class='ocrx_word' id='word_1_449' title='bbox 2041 1153 2179 1182; x_wconf 90' lang='lat' dir='ltr'>decimas</span> <span class='ocrx_word' id='word_1_450' title='bbox 2201 1153 2287 1191; x_wconf 86' lang='lat' dir='ltr'>juste</span> 
     </span>
     <span class='ocr_line' id='line_1_66' title="bbox 1281 1206 2286 1247; baseline -0.003 -10"><span class='ocrx_word' id='word_1_451' title='bbox 1281 1208 1454 1247; x_wconf 88' lang='lat' dir='ltr'>percipitis,</span> <span class='ocrx_word' id='word_1_452' title='bbox 1476 1218 1533 1247; x_wconf 89' lang='lat' dir='ltr'>pro</span> <span class='ocrx_word' id='word_1_453' title='bbox 1553 1218 1590 1237; x_wconf 86' lang='lat' dir='ltr'>ea</span> <span class='ocrx_word' id='word_1_454' title='bbox 1610 1208 1757 1247; x_wconf 82' lang='lat' dir='ltr'>portione</span> <span class='ocrx_word' id='word_1_455' title='bbox 1778 1216 1841 1246; x_wconf 85' lang='lat' dir='ltr'>qua</span> <span class='ocrx_word' id='word_1_456' title='bbox 1862 1209 1986 1236; x_wconf 86' lang='lat' dir='ltr'>veteres</span> <span class='ocrx_word' id='word_1_457' title='bbox 2005 1215 2064 1235; x_wconf 81' lang='lat' dir='ltr'>vos</span> <span class='ocrx_word' id='word_1_458' title='bbox 2084 1206 2286 1244; x_wconf 84' lang='lat' dir='ltr'>contingunt,</span> 
     </span>
     <span class='ocr_line' id='line_1_67' title="bbox 1281 1259 2288 1300; baseline -0.003 -10"><span class='ocrx_word' id='word_1_459' title='bbox 1281 1262 1445 1290; x_wconf 89' lang='lat' dir='ltr'>novalium</span> <span class='ocrx_word' id='word_1_460' title='bbox 1488 1270 1616 1300; x_wconf 88' lang='lat' dir='ltr'>quoque</span> <span class='ocrx_word' id='word_1_461' title='bbox 1658 1261 1797 1290; x_wconf 83' lang='lat' dir='ltr'>decimas</span> <span class='ocrx_word' id='word_1_462' title='bbox 1830 1260 1924 1298; x_wconf 83' lang='lat' dir='ltr'>juxta</span> <span class='ocrx_word' id='word_1_463' title='bbox 1967 1259 2215 1288; x_wconf 78' lang='lat' dir='ltr'>declarationem</span> <span class='ocrx_word' id='word_1_464' title='bbox 2254 1261 2288 1288; x_wconf 89' lang='lat' dir='ltr'>et</span> 
     </span>
     <span class='ocr_line' id='line_1_68' title="bbox 1281 1311 2287 1353; baseline -0.003 -10"><span class='ocrx_word' id='word_1_465' title='bbox 1281 1316 1443 1343; x_wconf 83' lang='lat' dir='ltr'>statutum</span> <span class='ocrx_word' id='word_1_466' title='bbox 1463 1324 1524 1353; x_wconf 89' lang='lat' dir='ltr'>que</span> <span class='ocrx_word' id='word_1_467' title='bbox 1543 1323 1638 1353; x_wconf 84' lang='lat' dir='ltr'>super</span> <span class='ocrx_word' id='word_1_468' title='bbox 1658 1314 1717 1343; x_wconf 86' lang='lat' dir='ltr'>hiis</span> <span class='ocrx_word' id='word_1_469' title='bbox 1737 1314 1811 1343; x_wconf 90' lang='lat' dir='ltr'>olim</span> <span class='ocrx_word' id='word_1_470' title='bbox 1831 1313 2001 1347; x_wconf 87' lang='lat' dir='ltr'>edidimus,</span> <span class='ocrx_word' id='word_1_471' title='bbox 2021 1312 2117 1341; x_wconf 89' lang='lat' dir='ltr'>libere</span> <span class='ocrx_word' id='word_1_472' title='bbox 2128 1311 2287 1350; x_wconf 81' lang='lat' dir='ltr'>percipere</span> 
     </span>
     <span class='ocr_line' id='line_1_69' title="bbox 1281 1364 2286 1399; baseline -0.003 -3"><span class='ocrx_word' id='word_1_473' title='bbox 1281 1367 1427 1396; x_wconf 85' lang='lat' dir='ltr'>valeatis.</span> <span class='ocrx_word' id='word_1_474' title='bbox 1449 1368 1548 1397; x_wconf 88' lang='lat' dir='ltr'>Nulli·</span> <span class='ocrx_word' id='word_1_475' title='bbox 1568 1370 1674 1396; x_wconf 74' lang='lat' dir='ltr'>nostre</span> <span class='ocrx_word' id='word_1_476' title='bbox 1706 1366 1918 1395; x_wconf 83' lang='lat' dir='ltr'>concessionis</span> <span class='ocrx_word' id='word_1_477' title='bbox 1945 1368 2005 1394; x_wconf 87' lang='lat' dir='ltr'>etc.</span> <span class='ocrx_word' id='word_1_478' title='bbox 2036 1366 2112 1394; x_wconf 74' lang='lat' dir='ltr'>Dat.</span> <span class='ocrx_word' id='word_1_479' title='bbox 2140 1364 2286 1399; x_wconf 85' lang='lat' dir='ltr'>Viterbii,</span> 
     </span>
     <span class='ocr_line' id='line_1_70' title="bbox 1284 1419 1887 1458; baseline 0 -10"><span class='ocrx_word' id='word_1_480' title='bbox 1284 1419 1332 1449; x_wconf 94' lang='lat' dir='ltr'>III</span> <span class='ocrx_word' id='word_1_481' title='bbox 1354 1430 1454 1450; x_wconf 83' lang='lat' dir='ltr'>nonas</span> <span class='ocrx_word' id='word_1_482' title='bbox 1486 1420 1578 1458; x_wconf 81' lang='lat' dir='ltr'>junii,</span> <span class='ocrx_word' id='word_1_483' title='bbox 1611 1429 1695 1449; x_wconf 88' lang='lat' dir='ltr'>anno</span> <span class='ocrx_word' id='word_1_484' title='bbox 1728 1421 1856 1458; x_wconf 88' lang='lat' dir='ltr'>quarto.</span> <span class='ocrx_word' id='word_1_485' title='bbox 1876 1430 1887 1445; x_wconf 87' lang='lat'>»</span> 
     </span>
    </p>
   </div>
   <div class='ocr_carea' id='block_1_20' title="bbox 1360 1609 2207 1642">
    <p class='ocr_par' dir='ltr' id='par_1_20' title="bbox 1360 1609 2207 1642">
     <span class='ocr_line' id='line_1_71' title="bbox 1360 1609 2207 1642; baseline -0.004 -4"><span class='ocrx_word' id='word_1_486' title='bbox 1360 1612 1452 1638; x_wconf 82' lang='lat'><strong>2600</strong></span> <span class='ocrx_word' id='word_1_487' title='bbox 1819 1610 1956 1641; x_wconf 81' lang='lat' dir='ltr'>Viterbe,</span> <span class='ocrx_word' id='word_1_488' title='bbox 1976 1609 2014 1636; x_wconf 90' lang='lat'>20</span> <span class='ocrx_word' id='word_1_489' title='bbox 2031 1609 2099 1642; x_wconf 89' lang='lat' dir='ltr'>juin</span> <span class='ocrx_word' id='word_1_490' title='bbox 2120 1609 2207 1636; x_wconf 83' lang='lat'>1258.</span> 
     </span>
    </p>
   </div>
   <div class='ocr_carea' id='block_1_21' title="bbox 1281 1662 2289 1778">
    <p class='ocr_par' dir='ltr' id='par_1_21' title="bbox 1281 1662 2289 1778">
     <span class='ocr_line' id='line_1_72' title="bbox 1324 1662 2289 1698; baseline -0.003 -7"><span class='ocrx_word' id='word_1_491' title='bbox 1324 1665 1536 1698; x_wconf 84' lang='lat' dir='ltr'>Infrascriptis</span> <span class='ocrx_word' id='word_1_492' title='bbox 1557 1664 1699 1697; x_wconf 84' lang='lat' dir='ltr'>indulget</span> <span class='ocrx_word' id='word_1_493' title='bbox 1720 1665 1756 1690; x_wconf 90' lang='lat' dir='ltr'>ut</span> <span class='ocrx_word' id='word_1_494' title='bbox 1777 1664 1814 1689; x_wconf 87' lang='lat' dir='ltr'>de</span> <span class='ocrx_word' id='word_1_495' title='bbox 1835 1663 1925 1689; x_wconf 84' lang='lat' dir='ltr'>terris</span> <span class='ocrx_word' id='word_1_496' title='bbox 1946 1670 2024 1696; x_wconf 89' lang='lat' dir='ltr'>quas</span> <span class='ocrx_word' id='word_1_497' title='bbox 2044 1662 2192 1689; x_wconf 88' lang='lat' dir='ltr'>excolunt</span> <span class='ocrx_word' id='word_1_498' title='bbox 2212 1662 2289 1688; x_wconf 89' lang='lat' dir='ltr'>nulli</span> 
     </span>
     <span class='ocr_line' id='line_1_73' title="bbox 1281 1702 2287 1778; baseline -0.004 -47"><span class='ocrx_word' id='word_1_499' title='bbox 1281 1705 1418 1778; x_wconf 46' lang='lat' dir='ltr'>{iggignas</span> <span class='ocrx_word' id='word_1_500' title='bbox 1442 1705 1568 1731; x_wconf 85' lang='lat' dir='ltr'>reddere</span> <span class='ocrx_word' id='word_1_501' title='bbox 1590 1705 1768 1731; x_wconf 83' lang='lat' dir='ltr'>teneantur.</span> <span class='ocrx_word' id='word_1_502' title='bbox 1792 1704 1882 1736; x_wconf 75' lang='lat' dir='ltr'>(Reg.</span> <span class='ocrx_word' id='word_1_503' title='bbox 1905 1703 1953 1734; x_wconf 84' lang='lat'>25,</span> <span class='ocrx_word' id='word_1_504' title='bbox 1976 1702 1996 1728; x_wconf 83' lang='lat' dir='ltr'>f.</span> <span class='ocrx_word' id='word_1_505' title='bbox 2022 1702 2088 1733; x_wconf 86' lang='lat'>143,</span> <span class='ocrx_word' id='word_1_506' title='bbox 2111 1709 2160 1728; x_wconf 87' lang='lat' dir='ltr'>an.</span> <span class='ocrx_word' id='word_1_507' title='bbox 2188 1702 2238 1734; x_wconf 88' lang='lat' dir='ltr'>IV,</span> <span class='ocrx_word' id='word_1_508' title='bbox 2262 1709 2287 1728; x_wconf 91' lang='lat' dir='ltr'>c.</span> 
     </span>
    </p>
   </div>
   <div class='ocr_carea' id='block_1_22' title="bbox 1277 1838 2288 2515">
    <p class='ocr_par' dir='ltr' id='par_1_22' title="bbox 1277 1838 2288 2515">
     <span class='ocr_line' id='line_1_74' title="bbox 1321 1838 2287 1875; baseline 0 -7"><span class='ocrx_word' id='word_1_509' title='bbox 1321 1853 1377 1875; x_wconf 90' lang='lat'>«..,</span> <span class='ocrx_word' id='word_1_510' title='bbox 1416 1841 1521 1870; x_wconf 87' lang='lat' dir='ltr'>abbati</span> <span class='ocrx_word' id='word_1_511' title='bbox 1558 1842 1584 1869; x_wconf 87' lang='lat' dir='ltr'>et</span> <span class='ocrx_word' id='word_1_512' title='bbox 1620 1839 1781 1869; x_wconf 81' lang='lat' dir='ltr'>conventui</span> <span class='ocrx_word' id='word_1_513' title='bbox 1817 1838 1997 1868; x_wconf 86' lang='lat' dir='ltr'>monasterii</span> <span class='ocrx_word' id='word_1_514' title='bbox 2039 1838 2287 1873; x_wconf 75' lang='lat' dir='ltr'>vindocinensis,</span> 
     </span>
     <span class='ocr_line' id='line_1_75' title="bbox 1279 1891 2288 1926; baseline -0.001 -3"><span class='ocrx_word' id='word_1_515' title='bbox 1279 1894 1399 1923; x_wconf 85' lang='lat' dir='ltr'>ordinis</span> <span class='ocrx_word' id='word_1_516' title='bbox 1429 1893 1536 1924; x_wconf 85' lang='lat' dir='ltr'>Sancti</span> <span class='ocrx_word' id='word_1_517' title='bbox 1564 1892 1733 1926; x_wconf 85' lang='lat' dir='ltr'>Benedicti,</span> <span class='ocrx_word' id='word_1_518' title='bbox 1765 1891 1964 1922; x_wconf 88' lang='lat' dir='ltr'>Carnotensis</span> <span class='ocrx_word' id='word_1_519' title='bbox 1991 1891 2130 1926; x_wconf 82' lang='lat' dir='ltr'>diocesis,</span> <span class='ocrx_word' id='word_1_520' title='bbox 2160 1892 2200 1921; x_wconf 85' lang='lat' dir='ltr'>ad</span> <span class='ocrx_word' id='word_1_521' title='bbox 2228 1892 2288 1922; x_wconf 82' lang='lat' dir='ltr'>Ro-</span> 
     </span>
     <span class='ocr_line' id='line_1_76' title="bbox 1278 1944 2288 1983; baseline -0.003 -7"><span class='ocrx_word' id='word_1_522' title='bbox 1278 1956 1405 1976; x_wconf 82' lang='lat' dir='ltr'>manam</span> <span class='ocrx_word' id='word_1_523' title='bbox 1432 1946 1602 1976; x_wconf 86' lang='lat' dir='ltr'>Ecclesiam</span> <span class='ocrx_word' id='word_1_524' title='bbox 1629 1945 1714 1975; x_wconf 84' lang='lat' dir='ltr'>nullo</span> <span class='ocrx_word' id='word_1_525' title='bbox 1740 1945 1840 1974; x_wconf 84' lang='lat' dir='ltr'>medio</span> <span class='ocrx_word' id='word_1_526' title='bbox 1866 1944 2058 1983; x_wconf 83' lang='lat' dir='ltr'>pertinentis.</span> <span class='ocrx_word' id='word_1_527' title='bbox 2086 1945 2207 1974; x_wconf 84' lang='lat' dir='ltr'>Vestris</span> <span class='ocrx_word' id='word_1_528' title='bbox 2235 1945 2288 1974; x_wconf 89' lang='lat' dir='ltr'>de-</span> 
     </span>
     <span class='ocr_line' id='line_1_77' title="bbox 1279 1997 2288 2038; baseline -0.003 -9"><span class='ocrx_word' id='word_1_529' title='bbox 1279 2001 1364 2029; x_wconf 90' lang='lat' dir='ltr'>votis</span> <span class='ocrx_word' id='word_1_530' title='bbox 1398 2000 1545 2038; x_wconf 82' lang='lat' dir='ltr'>precibus</span> <span class='ocrx_word' id='word_1_531' title='bbox 1579 1999 1752 2037; x_wconf 83' lang='lat' dir='ltr'>benignum</span> <span class='ocrx_word' id='word_1_532' title='bbox 1786 1997 2007 2036; x_wconf 81' lang='lat' dir='ltr'>impertientes</span> <span class='ocrx_word' id='word_1_533' title='bbox 2040 2007 2215 2031; x_wconf 84' lang='lat' dir='ltr'>assensum,</span> <span class='ocrx_word' id='word_1_534' title='bbox 2250 2000 2288 2027; x_wconf 84' lang='lat' dir='ltr'>ut</span> 
     </span>
     <span class='ocr_line' id='line_1_78' title="bbox 1280 2051 2287 2088; baseline -0.004 -5"><span class='ocrx_word' id='word_1_535' title='bbox 1280 2054 1318 2083; x_wconf 87' lang='lat' dir='ltr'>de</span> <span class='ocrx_word' id='word_1_536' title='bbox 1344 2053 1436 2082; x_wconf 84' lang='lat' dir='ltr'>terris</span> <span class='ocrx_word' id='word_1_537' title='bbox 1462 2053 1503 2082; x_wconf 87' lang='lat' dir='ltr'>ad</span> <span class='ocrx_word' id='word_1_538' title='bbox 1529 2052 1761 2081; x_wconf 85' lang='lat' dir='ltr'>monasterium</span> <span class='ocrx_word' id='word_1_539' title='bbox 1786 2054 1931 2080; x_wconf 84' lang='lat' dir='ltr'>vestrum</span> <span class='ocrx_word' id='word_1_540' title='bbox 1957 2051 2190 2088; x_wconf 83' lang='lat' dir='ltr'>spectantibus,</span> <span class='ocrx_word' id='word_1_541' title='bbox 2218 2051 2287 2080; x_wconf 89' lang='lat' dir='ltr'>red-</span> 
     </span>
     <span class='ocr_line' id='line_1_79' title="bbox 1279 2104 2285 2143; baseline -0.004 -7"><span class='ocrx_word' id='word_1_542' title='bbox 1279 2107 1382 2136; x_wconf 87' lang='lat' dir='ltr'>dactis</span> <span class='ocrx_word' id='word_1_543' title='bbox 1403 2106 1529 2135; x_wconf 87' lang='lat' dir='ltr'>noviter</span> <span class='ocrx_word' id='word_1_544' title='bbox 1548 2105 1598 2134; x_wconf 90' lang='lat' dir='ltr'>vel</span> <span class='ocrx_word' id='word_1_545' title='bbox 1618 2104 1798 2143; x_wconf 80' lang='lat' dir='ltr'>redigendis</span> <span class='ocrx_word' id='word_1_546' title='bbox 1818 2104 1848 2133; x_wconf 92' lang='lat' dir='ltr'>in</span> <span class='ocrx_word' id='word_1_547' title='bbox 1869 2106 2033 2142; x_wconf 83' lang='lat' dir='ltr'>posterum</span> <span class='ocrx_word' id='word_1_548' title='bbox 2053 2104 2094 2132; x_wconf 87' lang='lat' dir='ltr'>ad</span> <span class='ocrx_word' id='word_1_549' title='bbox 2115 2104 2285 2137; x_wconf 78' lang='lat' dir='ltr'>culturam,</span> 
     </span>
     <span class='ocr_line' id='line_1_80' title="bbox 1279 2156 2286 2198; baseline -0.004 -9"><span class='ocrx_word' id='word_1_550' title='bbox 1279 2169 1359 2198; x_wconf 91' lang='lat' dir='ltr'>quas</span> <span class='ocrx_word' id='word_1_551' title='bbox 1374 2159 1511 2198; x_wconf 87' lang='lat' dir='ltr'>propriis</span> <span class='ocrx_word' id='word_1_552' title='bbox 1527 2158 1676 2188; x_wconf 88' lang='lat' dir='ltr'>manibus</span> <span class='ocrx_word' id='word_1_553' title='bbox 1691 2166 1728 2187; x_wconf 89' lang='lat' dir='ltr'>ac</span> <span class='ocrx_word' id='word_1_554' title='bbox 1743 2157 1927 2195; x_wconf 89' lang='lat' dir='ltr'>sumptibus</span> <span class='ocrx_word' id='word_1_555' title='bbox 1943 2156 2098 2190; x_wconf 85' lang='lat' dir='ltr'>excolitis,</span> <span class='ocrx_word' id='word_1_556' title='bbox 2115 2157 2153 2185; x_wconf 88' lang='lat' dir='ltr'>de</span> <span class='ocrx_word' id='word_1_557' title='bbox 2170 2156 2286 2195; x_wconf 85' lang='lat' dir='ltr'>quibus</span> 
     </span>
     <span class='ocr_line' id='line_1_81' title="bbox 1278 2208 2285 2250; baseline -0.003 -9"><span class='ocrx_word' id='word_1_558' title='bbox 1278 2213 1385 2242; x_wconf 90' lang='lat' dir='ltr'>adhuc</span> <span class='ocrx_word' id='word_1_559' title='bbox 1396 2212 1511 2250; x_wconf 88' lang='lat' dir='ltr'>aliquis</span> <span class='ocrx_word' id='word_1_560' title='bbox 1523 2211 1662 2240; x_wconf 84' lang='lat' dir='ltr'>decimas</span> <span class='ocrx_word' id='word_1_561' title='bbox 1675 2219 1737 2240; x_wconf 92' lang='lat' dir='ltr'>non</span> <span class='ocrx_word' id='word_1_562' title='bbox 1750 2208 1902 2249; x_wconf 85' lang='lat' dir='ltr'>percepit,</span> <span class='ocrx_word' id='word_1_563' title='bbox 1916 2210 1992 2238; x_wconf 91' lang='lat' dir='ltr'>nulli</span> <span class='ocrx_word' id='word_1_564' title='bbox 2004 2209 2143 2238; x_wconf 90' lang='lat' dir='ltr'>decimas</span> <span class='ocrx_word' id='word_1_565' title='bbox 2155 2209 2285 2238; x_wconf 87' lang='lat' dir='ltr'>reddere</span> 
     </span>
     <span class='ocr_line' id='line_1_82' title="bbox 1278 2262 2284 2301; baseline -0.004 -7"><span class='ocrx_word' id='word_1_566' title='bbox 1278 2265 1463 2297; x_wconf 89' lang='lat' dir='ltr'>teneamini,</span> <span class='ocrx_word' id='word_1_567' title='bbox 1493 2264 1688 2294; x_wconf 86' lang='lat' dir='ltr'>auctoritate</span> <span class='ocrx_word' id='word_1_568' title='bbox 1717 2263 1809 2292; x_wconf 90' lang='lat' dir='ltr'>vobis</span> <span class='ocrx_word' id='word_1_569' title='bbox 1838 2263 2033 2301; x_wconf 76' lang='lat' dir='ltr'>presentium</span> <span class='ocrx_word' id='word_1_570' title='bbox 2063 2262 2284 2300; x_wconf 75' lang='lat' dir='ltr'>indulgemus3</span> 
     </span>
     <span class='ocr_line' id='line_1_83' title="bbox 1278 2315 2284 2356; baseline -0.004 -9"><span class='ocrx_word' id='word_1_571' title='bbox 1278 2318 1473 2348; x_wconf 84' lang='lat' dir='ltr'>auctoritate</span> <span class='ocrx_word' id='word_1_572' title='bbox 1500 2317 1643 2356; x_wconf 83' lang='lat' dir='ltr'>predicta</span> <span class='ocrx_word' id='word_1_573' title='bbox 1672 2316 1849 2345; x_wconf 77' lang='lat' dir='ltr'>districtius</span> <span class='ocrx_word' id='word_1_574' title='bbox 1875 2316 2056 2344; x_wconf 78' lang='lat' dir='ltr'>inhibentes</span> <span class='ocrx_word' id='word_1_575' title='bbox 2084 2324 2121 2344; x_wconf 86' lang='lat' dir='ltr'>ne</span> <span class='ocrx_word' id='word_1_576' title='bbox 2149 2315 2219 2354; x_wconf 88' lang='lat' dir='ltr'>quis</span> <span class='ocrx_word' id='word_1_577' title='bbox 2246 2316 2284 2344; x_wconf 88' lang='lat' dir='ltr'>de</span> 
     </span>
     <span class='ocr_line' id='line_1_84' title="bbox 1277 2368 2285 2409; baseline -0.003 -9"><span class='ocrx_word' id='word_1_578' title='bbox 1277 2371 1369 2400; x_wconf 86' lang='lat' dir='ltr'>terris</span> <span class='ocrx_word' id='word_1_579' title='bbox 1391 2371 1467 2409; x_wconf 89' lang='lat' dir='ltr'>ipsis</span> <span class='ocrx_word' id='word_1_580' title='bbox 1489 2380 1506 2400; x_wconf 87' lang='lat' dir='ltr'>a</span> <span class='ocrx_word' id='word_1_581' title='bbox 1529 2370 1620 2399; x_wconf 88' lang='lat' dir='ltr'>vobis</span> <span class='ocrx_word' id='word_1_582' title='bbox 1643 2370 1782 2399; x_wconf 85' lang='lat' dir='ltr'>decimas</span> <span class='ocrx_word' id='word_1_583' title='bbox 1804 2369 1927 2406; x_wconf 73' lang='lat' dir='ltr'>exigere</span> <span class='ocrx_word' id='word_1_584' title='bbox 1944 2368 1993 2397; x_wconf 89' lang='lat' dir='ltr'>vel</span> <span class='ocrx_word' id='word_1_585' title='bbox 2010 2370 2166 2406; x_wconf 82' lang='lat' dir='ltr'>extorque</span> <span class='ocrx_word' id='word_1_586' title='bbox 2181 2377 2285 2406; x_wconf 88' lang='lat' dir='ltr'>repre-</span> 
     </span>
     <span class='ocr_line' id='line_1_85' title="bbox 1277 2421 2283 2455; baseline -0.004 -2"><span class='ocrx_word' id='word_1_587' title='bbox 1277 2427 1395 2453; x_wconf 75' lang='lat' dir='ltr'>sumat.</span> <span class='ocrx_word' id='word_1_588' title='bbox 1426 2424 1512 2453; x_wconf 93' lang='lat' dir='ltr'>Nulli</span> <span class='ocrx_word' id='word_1_589' title='bbox 1542 2425 1648 2453; x_wconf 81' lang='lat' dir='ltr'>nostre</span> <span class='ocrx_word' id='word_1_590' title='bbox 1691 2422 1899 2451; x_wconf 79' lang='lat' dir='ltr'>concessionis</span> <span class='ocrx_word' id='word_1_591' title='bbox 1929 2424 1990 2450; x_wconf 76' lang='lat' dir='ltr'>cic.</span> <span class='ocrx_word' id='word_1_592' title='bbox 2033 2421 2108 2450; x_wconf 81' lang='lat' dir='ltr'>Dat.</span> <span class='ocrx_word' id='word_1_593' title='bbox 2138 2421 2283 2455; x_wconf 88' lang='lat' dir='ltr'>Viterbii,</span> 
     </span>
     <span class='ocr_line' id='line_1_86' title="bbox 1278 2477 1831 2515; baseline -0.007 -9"><span class='ocrx_word' id='word_1_594' title='bbox 1278 2477 1345 2506; x_wconf 90' lang='lat' dir='ltr'>XII</span> <span class='ocrx_word' id='word_1_595' title='bbox 1370 2477 1432 2506; x_wconf 86' lang='lat' dir='ltr'>kal.</span> <span class='ocrx_word' id='word_1_596' title='bbox 1456 2477 1536 2515; x_wconf 88' lang='lat' dir='ltr'>julii,</span> <span class='ocrx_word' id='word_1_597' title='bbox 1560 2485 1644 2505; x_wconf 84' lang='lat' dir='ltr'>anno</span> <span class='ocrx_word' id='word_1_598' title='bbox 1668 2477 1794 2514; x_wconf 82' lang='lat' dir='ltr'>quarto.</span> <span class='ocrx_word' id='word_1_599' title='bbox 1819 2486 1831 2501; x_wconf 89' lang='lat'>»</span> 
     </span>
    </p>
   </div>
   <div class='ocr_carea' id='block_1_23' title="bbox 1277 2692 2282 2847">
    <p class='ocr_par' dir='ltr' id='par_1_23' title="bbox 1277 2692 2282 2847">
     <span class='ocr_line' id='line_1_87' title="bbox 1357 2692 2201 2726; baseline -0.005 -5"><span class='ocrx_word' id='word_1_600' title='bbox 1357 2696 1441 2721; x_wconf 84' lang='grc'>2601</span> <span class='ocrx_word' id='word_1_601' title='bbox 1826 2694 1962 2726; x_wconf 76' lang='lat' dir='ltr'>Viterbe,</span> <span class='ocrx_word' id='word_1_602' title='bbox 1979 2693 2012 2719; x_wconf 75' lang='lat'>24</span> <span class='ocrx_word' id='word_1_603' title='bbox 2030 2693 2097 2726; x_wconf 86' lang='lat' dir='ltr'>juin</span> <span class='ocrx_word' id='word_1_604' title='bbox 2116 2692 2201 2718; x_wconf 82' lang='lat'>1258.</span> 
     </span>
     <span class='ocr_line' id='line_1_88' title="bbox 1319 2732 2282 2767; baseline -0.007 -3"><span class='ocrx_word' id='word_1_605' title='bbox 1319 2738 1364 2764; x_wconf 89' lang='lat' dir='ltr'>De</span> <span class='ocrx_word' id='word_1_606' title='bbox 1395 2736 1511 2763; x_wconf 80' lang='lat' dir='ltr'>Mai-ola</span> <span class='ocrx_word' id='word_1_607' title='bbox 1549 2737 1577 2762; x_wconf 83' lang='lat' dir='ltr'>ct</span> <span class='ocrx_word' id='word_1_608' title='bbox 1610 2736 1646 2760; x_wconf 86' lang='lat' dir='ltr'>de</span> <span class='ocrx_word' id='word_1_609' title='bbox 1680 2735 1890 2767; x_wconf 74' lang='lat' dir='ltr'>Campagnola</span> <span class='ocrx_word' id='word_1_610' title='bbox 1926 2733 2131 2763; x_wconf 77' lang='lat' dir='ltr'>monasteriiS,</span> <span class='ocrx_word' id='word_1_611' title='bbox 2165 2732 2282 2763; x_wconf 67' lang='lat' dir='ltr'>Regine</span> 
     </span>
     <span class='ocr_line' id='line_1_89' title="bbox 1278 2772 2280 2807; baseline -0.006 -4"><span class='ocrx_word' id='word_1_612' title='bbox 1278 2777 1419 2807; x_wconf 84' lang='lat' dir='ltr'>diocesis,</span> <span class='ocrx_word' id='word_1_613' title='bbox 1457 2782 1654 2802; x_wconf 82' lang='lat' dir='ltr'>communem</span> <span class='ocrx_word' id='word_1_614' title='bbox 1724 2774 1983 2800; x_wconf 83' lang='lat' dir='ltr'>constitutionem</span> <span class='ocrx_word' id='word_1_615' title='bbox 2053 2772 2280 2798; x_wconf 86' lang='lat' dir='ltr'>observandam</span> 
     </span>
     <span class='ocr_line' id='line_1_90' title="bbox 1277 2812 2045 2847; baseline -0.009 -3"><span class='ocrx_word' id='word_1_616' title='bbox 1277 2817 1431 2844; x_wconf 75' lang='lat' dir='ltr'>concedit.</span> <span class='ocrx_word' id='word_1_617' title='bbox 1453 2816 1551 2847; x_wconf 64' lang='lat' dir='ltr'>(Res.</span> <span class='ocrx_word' id='word_1_618' title='bbox 1572 2815 1619 2845; x_wconf 72' lang='lat'>25,</span> <span class='ocrx_word' id='word_1_619' title='bbox 1640 2814 1660 2840; x_wconf 82' lang='lat' dir='ltr'>i.</span> <span class='ocrx_word' id='word_1_620' title='bbox 1684 2814 1750 2845; x_wconf 84' lang='lat'>143,</span> <span class='ocrx_word' id='word_1_621' title='bbox 1772 2821 1821 2840; x_wconf 87' lang='lat' dir='ltr'>an.</span> <span class='ocrx_word' id='word_1_622' title='bbox 1846 2813 1896 2845; x_wconf 81' lang='lat' dir='ltr'>IV,</span> <span class='ocrx_word' id='word_1_623' title='bbox 1918 2821 1942 2838; x_wconf 81' lang='lat' dir='ltr'>c.</span> <span class='ocrx_word' id='word_1_624' title='bbox 1967 2812 2045 2845; x_wconf 77' lang='lat'>168.)</span> 
     </span>
    </p>
   </div>
   <div class='ocr_carea' id='block_1_24' title="bbox 1276 2908 2281 3052">
    <p class='ocr_par' dir='ltr' id='par_1_24' title="bbox 1276 2908 2281 3052">
     <span class='ocr_line' id='line_1_91' title="bbox 1319 2908 2281 2948; baseline -0.002 -8"><span class='ocrx_word' id='word_1_625' title='bbox 1319 2925 1373 2947; x_wconf 86' lang='lat'>«..,</span> <span class='ocrx_word' id='word_1_626' title='bbox 1404 2913 1439 2941; x_wconf 82' lang='lat' dir='ltr'>dc</span> <span class='ocrx_word' id='word_1_627' title='bbox 1469 2911 1594 2941; x_wconf 83' lang='lat' dir='ltr'>Marola</span> <span class='ocrx_word' id='word_1_628' title='bbox 1624 2912 1650 2939; x_wconf 88' lang='lat' dir='ltr'>et</span> <span class='ocrx_word' id='word_1_629' title='bbox 1680 2909 1894 2948; x_wconf 72' lang='lat' dir='ltr'>Campaqnola</span> <span class='ocrx_word' id='word_1_630' title='bbox 1916 2908 2153 2937; x_wconf 85' lang='lat' dir='ltr'>monasterioum</span> <span class='ocrx_word' id='word_1_631' title='bbox 2177 2908 2281 2938; x_wconf 86' lang='lat' dir='ltr'>abbati</span> 
     </span>
     <span class='ocr_line' id='line_1_92' title="bbox 1277 2961 2281 2999; baseline -0.006 -4"><span class='ocrx_word' id='word_1_632' title='bbox 1277 2968 1302 2995; x_wconf 85' lang='lat' dir='ltr'>et</span> <span class='ocrx_word' id='word_1_633' title='bbox 1345 2965 1516 2998; x_wconf 81' lang='lat' dir='ltr'>conventui,</span> <span class='ocrx_word' id='word_1_634' title='bbox 1556 2963 1675 2993; x_wconf 82' lang='lat' dir='ltr'>ordinis</span> <span class='ocrx_word' id='word_1_635' title='bbox 1707 2962 1813 2993; x_wconf 85' lang='lat' dir='ltr'>Sancti</span> <span class='ocrx_word' id='word_1_636' title='bbox 1844 2961 2028 2999; x_wconf 72' lang='lat' dir='ltr'>Auqustini,</span> <span class='ocrx_word' id='word_1_637' title='bbox 2061 2961 2179 2999; x_wconf 70' lang='lat' dir='ltr'>Reqine</span> <span class='ocrx_word' id='word_1_638' title='bbox 2217 2961 2281 2990; x_wconf 85' lang='lat' dir='ltr'>dio—</span> 
     </span>
     <span class='ocr_line' id='line_1_93' title="bbox 1276 3014 2280 3052; baseline -0.006 -4"><span class='ocrx_word' id='word_1_639' title='bbox 1276 3019 1361 3048; x_wconf 82' lang='lat' dir='ltr'>cesis.</span> <span class='ocrx_word' id='word_1_640' title='bbox 1402 3018 1550 3047; x_wconf 85' lang='lat' dir='ltr'>Habetur</span> <span class='ocrx_word' id='word_1_641' title='bbox 1579 3017 1609 3046; x_wconf 92' lang='lat' dir='ltr'>in</span> <span class='ocrx_word' id='word_1_642' title='bbox 1649 3015 1810 3045; x_wconf 86' lang='lat' dir='ltr'>desideriis</span> <span class='ocrx_word' id='word_1_643' title='bbox 1850 3014 1965 3044; x_wconf 86' lang='lat' dir='ltr'>nostris</span> <span class='ocrx_word' id='word_1_644' title='bbox 2003 3014 2205 3052; x_wconf 87' lang='lat' dir='ltr'>potissimum</span> <span class='ocrx_word' id='word_1_645' title='bbox 2244 3017 2280 3043; x_wconf 90' lang='lat' dir='ltr'>ut</span> 
     </span>
    </p>
   </div>
  </div>
 </body>
</html>
