2477 3512
736 559 1090 625 INCIPIT

1183 556 1668 623 REGESTUM

209 759 650 888 DOMINI
753 755 1493 881 ALEXANDRI
1594 754 1922 880 PAPE
2022 760 2211 880 ἨΠ

538 1011 1109 1071 PONTIFICATUS
1158 1013 1278 1070 SUI
1327 1012 1540 1068 ANNO
1591 1005 1886 1067 ὃΙΞΧἹῸ1

226 1411 316 1437 3038
573 1411 707 1444 Anagni,
730 1410 765 1437 21
792 1410 956 1436 decembre
980 1409 1067 1436 1259.

186 1465 334 1498 Magistro
359 1465 491 1498 Rogero,
515 1465 628 1491 rectori
652 1464 777 1490 ecclesie
794 1464 831 1490 de
851 1463 982 1490 Worthe
1005 1462 1150 1494 Abbatis‚

143 1509 285 1542 indulget
316 1511 351 1535 ut
382 1508 543 1536 ecclesiam
573 1509 610 1535 de
641 1508 725 1539 Acle,
756 1507 980 1534 Lincolniensis
1011 1506 1151 1537 diocesis,

143 1553 202 1580 sibi
228 1553 267 1580 ab
295 1553 439 1587 episcopo
467 1552 674 1579 Lincolniensi
700 1552 967 1583 commendatam,
993 1558 1055 1577 una
1081 1557 1152 1577 cum

143 1597 304 1632 praedicta
335 1597 372 1623 de
403 1597 531 1623 Worthe
561 1597 694 1623 Abbatis
724 1596 851 1622 ecclesia
882 1595 1014 1622 retinere
1043 1595 1152 1629 possit.

144 1641 242 1675 (Rau.
258 1641 307 1674 25,
322 1641 342 1668 f.
359 1641 427 1673 237,
443 1648 492 1667 an.
508 1640 563 1672 VI,
579 1641 641 1673 αἱ.)

189 1743 204 1760 ι
237 1730 410 1772 Maqistro
445 1731 585 1772 Royero,
623 1731 739 1762 rectori
777 1730 908 1762 ecclesie
944 1730 982 1762 de
1020 1729 1154 1762 Worthe

143 1783 301 1820 Abbalis,
337 1783 600 1816 Saresbiriensis
633 1783 787 1815 diocesis.
835 1784 1000 1815 Porrecta
1052 1782 1153 1814 nobis

143 1846 188 1869 ex
198 1855 253 1868 ——.
267 1836 350 1868 Dat.
367 1837 537 1878 Anagnie,
552 1836 626 1868 XII
642 1837 711 1868 kal.
727 1837 890 1878 januarii,
907 1846 1000 1868 anno
1016 1838 1153 1867 sexto.»

226 1968 316 1994 3039
640 1969 762 2002 Anagni
796 1968 813 1995 2
836 1968 959 2001 janvier
982 1968 1067 1995 1260.

185 2022 290 2049 Nobili
310 2022 377 2048 viro
399 2021 556 2052 Mauritio,
579 2023 653 2047 nato
677 2021 814 2047 Mauritii
837 2021 971 2053 Geroldi‚
993 2021 1151 2048 Clonensis

143 2066 283 2097 diocesis,
305 2066 466 2099 dispensat
488 2068 523 2092 ut
544 2066 575 2091 in
598 2066 798 2092 matrimonio
821 2073 891 2092 cum
914 2066 1058 2092 Mathildi
1080 2073 1151 2092 con-

144 2112 247 2138 tracto
274 2118 432 2137 remanere
458 2110 567 2145 possit.
595 2118 656 2136 non
683 2110 884 2136 obstantibus
910 2109 1107 2143 sponsalibus
1135 2117 1151 2136 a

145 2155 306 2189 quondam
332 2155 446 2187 David,
470 2155 566 2182 fratre
591 2162 657 2186 suo,
682 2162 753 2180 curn
778 2155 886 2181 eadem
912 2153 1056 2181 Mathildi
1081 2161 1152 2180 con-

142 2199 261 2226 tractis.
277 2198 374 2231 (Hm.
390 2199 438 2230 25,
454 2198 506 2225 fol.
522 2199 590 2230 237,
605 2206 654 2225 an.
673 2198 726 2228 VI,
741 2206 765 2225 c.
782 2199 823 2231 2.)

189 2300 202 2316 «
230 2287 351 2319 Nobili
382 2288 452 2319 viro
481 2287 664 2321 Mamilio,
696 2290 773 2319 nato
804 2287 970 2319 Mauritii
1008 2287 1150 2324 Geroldi,

147 2340 326 2372 Clonensis
345 2340 498 2371 diocesis.
522 2341 729 2371 Dcvotionis
749 2344 806 2372 tue
826 2344 980 2372 meretur
999 2359 1052 2371 ——.
1068 2341 1150 2372 Dat.

143 2394 314 2434 Anagnie,
340 2393 412 2425 1111
435 2393 535 2424 nonis
553 2393 717 2434 januarii,
739 2403 831 2425 anno
853 2396 964 2425 sexto,
988 2407 999 2421 υ

225 2542 316 2569 8040
639 2543 774 2577 Anagni‚
798 2544 815 2569 9
837 2543 961 2577 J'anvier
984 2544 1070 2571 1260.

183 2595 323 2623 Johanni
343 2596 381 2622 de
401 2595 542 2627 Villanis‚
562 2596 671 2622 clerico
690 2596 870 2630 Bajocensis
891 2597 1031 2628 diocesis,
1051 2596 1152 2624 indul-

143 2641 195 2674 get
208 2642 245 2667 ut
259 2640 447 2666 beneficium
462 2640 707 2666 ecclesiasticum
721 2648 828 2667 curam
843 2641 1019 2668 animarum
1034 2641 1152 2668 habens

140 2684 274 2718 recipere
301 2684 399 2718 possit
426 2684 597 2710 dummodo
625 2685 664 2711 ad
691 2685 814 2711 ordines
841 2693 872 2712 se
899 2685 995 2712 faeiat
1022 2685 1152 2712 statutis

140 2728 338 2762 temporibus
357 2729 536 2762 promoveri
556 2730 585 2754 et
605 2729 635 2754 in
655 2729 806 2755 beneficio
832 2730 976 2756 resideat.
1002 2730 1151 2763 (1312025.

141 2773 163 2799 ί.
180 2772 250 2804 237,
265 2779 316 2799 an.
334 2772 389 2804 Vl,
406 2780 431 2799 c.
448 2773 490 2806 3.)

176 2865 197 2885 1.
217 2864 250 2885 Le
265 2865 324 2885 (ΠΙ-ε·
339 2865 468 2891 reproduit
484 2866 605 2886 ‹zi-dessus
619 2867 657 2886 est
672 2866 723 2887 seul
738 2866 797 2887 ecrit
813 2872 843 2887 en
858 2871 952 2891 rouge:
967 2867 1001 2887 les
1015 2869 1099 2887 anu-es
1113 2872 1153 2887 ru-
1204 2856 1205 2887 i

141 2899 251 2926 briques,
267 2905 365 2921 comme
382 2900 592 2926 precedemment.
610 2907 640 2922 ne
657 2903 713 2922 sont
730 2901 900 2927 representees
916 2907 965 2927 que
981 2907 1027 2927 par
1042 2902 1153 2922 l'indica-

142 2935 196 2955 ῑίοη
208 2935 305 2956 donnee
316 2940 347 2956 en
359 2940 444 2960 marge
455 2936 469 2956 ii
482 2935 571 2957 l'enere
583 2937 660 2960 noire.
672 2942 704 2958 nu
716 2936 857 2958 rubricator.
870 2937 908 2958 De
919 2937 999 2958 meme
1011 2943 1042 2958 nr
1053 2939 1153 2959 trouve-

144 2971 199 2991 t-on
210 2976 307 2991 aucune
319 2971 413 2992 initiale
424 2976 454 2993 en
466 2971 575 2993 couleur.

1302 1420 1314 1437 «
1334 1407 1490 1440 „Iohanni
1509 1407 1548 1439 de
1575 1407 1733 1444 villanis,
1755 1407 1873 1438 clerico
1892 1406 2091 1447 Bay'ocemis
2113 1407 2266 1437 (lion-sis.

1258 1461 1310 1492 De
1330 1464 1365 1492 te
1385 1461 1421 1492 in
1441 1479 1497 1493 —.
1519 1460 1603 1493 Dat.
1625 1460 1796 1500 Anagnie,
1819 1458 1868 1491 VI
1890 1460 1967 1491 idus
1987 1459 2151 1500 januarii,
2175 1469 2267 1491 anno

1258 1516 1370 1545 seuto.
1398 1526 1409 1542 »

1342 1670 1426 1695 3041
1737 1670 1871 1702 Anagni,
1898 1670 1932 1696 12
1956 1670 2078 1702 janvier
2103 1670 2188 1695 1250.

1302 1723 1496 1750 Electionem
1526 1723 1675 1751 Thomae,
1706 1722 1847 1749 canonici
1876 1725 1903 1748 et
1936 1723 2123 1749 thesaurarii
2155 1723 2271 1748 Lisino·

1260 1768 1368 1799 tensis,
1398 1768 1430 1793 iu
1460 1768 1642 1802 episcopum
1675 1767 1901 1793 Lismorensem
1933 1775 1949 1793 3
1980 1767 2061 1792 vices
2092 1767 2270 1800 gerentibus

1261 1812 1426 1838 Clonensis
1451 1812 1590 1845 episcopi
1615 1814 1644 1838 et
1669 1812 1814 1845 episcopo
1840 1812 2033 1837 Lechlinensi
2058 1812 2175 1837 factam
2201 1818 2271 1837 con-

1258 1856 1378 1885 firmat,
1411 1856 1555 1882 inhibens
1590 1864 1626 1882 ne
1660 1856 1728 1889 quis
1762 1856 1882 1882 dictum
1916 1856 2069 1882 Thomam
2102 1856 2267 1881 molestare

1259 1901 1385 1927 audeat.
1405 1900 1503 1933 (ΒΕΘ.
1522 1900 1571 1931 25,
1590 1900 1610 1926 f.
1630 1900 1698 1931 237,
1717 1907 1765 1926 an.
1785 1899 1839 1931 VI,
1858 1907 1882 1926 c.
1901 1901 1917 1925 -1
1933 1907 1940 1931 ;
1959 1900 2130 1926 ΡοττηΑετ
2148 1899 2269 1931 17748.)

1303 2002 1315 2018 ι(
1336 1989 1469 2025 leme,
1488 1989 1644 2030 episcopo
1662 1988 1883 2020 Lismorensi.
1904 1989 1995 2020 Olim
2014 1992 2053 2019 ut
2071 1988 2194 2019 asseris
2212 2006 2265 2019 -—.

1256 2042 1340 2074 Dat.
1368 2042 1538 2083 Anagnie,
1571 2042 1602 2073 II
1631 2042 1708 2073 idus
1734 2042 1897 2082 januarii.
1926 2051 2019 2072 anno
2047 2044 2159 2073 sexto.
2188 2053 2200 2069 η

1340 2209 1431 2235 3042
1735 2209 1870 2242 Anagni,
1895 2209 1931 2235 13
1954 2209 2077 2242 janvier
2099 2208 2186 2235 1260.

1300 2262 1462 2296 Religiosis
1497 2262 1624 2295 Maioris
1659 2262 1843 2289 Monasterii
1877 2262 2066 2288 Turonensis
2101 2269 2178 2296 quos
2212 2269 2266 2295 per

1258 2306 1371 2340 viginti
1396 2313 1494 2333 annos
1521 2308 1552 2332 et
1578 2306 1712 2340 amplius
1739 2314 1842 2333 comes
1866 2306 2022 2333 Blesensis
2048 2306 2266 2337 infestaverat,

1257 2349 1400 2383 indulget
1424 2352 1470 2383 ut,
1494 2350 1526 2376 in
1550 2350 1609 2377 hoc
1633 2351 1782 2384 temporis
1806 2351 1919 2385 spatio,
1944 2350 2028 2377 nulla
2052 2352 2161 2377 contra
2185 2351 2267 2384 ipsos

1258 2396 1363 2421 currat
1383 2394 1599 2429 praescriptio.
1619 2395 1716 2427 (Bm.
1737 2395 1786 2427 25,
1806 2395 1826 2421 f.
1848 2395 1916 2426 237,
1937 2402 1986 2422 an.
2007 2394 2062 2427 VI,
2082 2402 2107 2422 c.
2128 2395 2168 2427 5;
2188 2394 2268 2421 Por-

1257 2445 1362 2465 THAST
1379 2439 1502 2472 17756.)

1302 2549 1317 2568 ι
1342 2563 1361 2569 ..
1389 2537 1504 2569 abbati
1530 2540 1557 2568 el
1583 2538 1759 2569 conventui
1786 2537 1937 2578 Majoris
1962 2537 2169 2568 Munus-terii
2199 2536 2265 2567 Tu-

1256 2591 1421 2628 ronensis,
1468 2591 1510 2622 <nl
1553 2591 1746 2622 Romanam
1791 2590 1976 2621 Ecclesium
2021 2589 2114 2621 nullo
2157 2589 2264 2620 medio

1255 2644 1469 2686 pertinentis,
1513 2643 1644 2675 ordinis
1688 2644 1804 2675 Sancti
1847 2643 2031 2674 Benedicti.
2077 2642 2262 2673 Desideriis

1255 2697 1382 2728 vestris
1408 2696 1444 2728 in
1471 2696 1536 2727 hiis
1563 2696 1696 2728 aflectu
1725 2696 1887 2728 benivolo
1915 2697 2084 2727 debemus
2111 2704 2264 2726 annuere

1257 2759 1325 2791 que
1356 2759 1420 2781 vos
1450 2752 1486 2781 et
1517 2749 1773 2781 monasterium
1806 2752 1963 2780 vestrum
1996 2749 2097 2789 <ligne
2130 2747 2265 2788 possint

1204 2834 1205 2852 ἶ
1257 2811 1277 2834 3
1301 2802 1494 2844 dispendiis
1518 2811 1731 2843 preservare.
1758 2801 1847 2833 Sane
1873 2802 1996 2842 petitio
2022 2803 2138 2832 vestra
2164 2799 2264 2832 nobis

1256 2855 1418 2887 exhibita
1449 2855 1657 2886 continebat
1689 2855 1795 2896 quod,
1828 2855 1964 2886 dudum
1994 2854 2086 2885 inter
2116 2862 2189 2889 vos,
2222 2862 2266 2885 ex

1258 2911 1359 2950 parte
1390 2917 1472 2945 una,
1505 2910 1540 2939 et
1572 2906 1725 2940 nobilem
1756 2908 1896 2940 virum..
1929 2907 2095 2939 comitem
2126 2905 2265 2937 lllesen-

1258 2970 1343 2998 sem,
1369 2971 1413 2993 ex
1437 2960 1560 2997 altera,
1586 2960 1735 2993 materia
1760 2960 1985 2993 dissentionis
2009 2962 2143 2996 exorta.
2170 2958 2263 2991 idem
