2477 3512
978 258 1249 305 CINQUIEME
1276 260 1440 298 ANNEE
2222 271 2263 315 653

147 386 160 403 «
175 374 331 406 adiciens
347 374 443 415 quod
461 373 555 405 dicta
572 372 781 414 compositio
798 375 874 404 erat
891 372 987 404 utilis
1003 372 1157 407 ecclesie,

149 429 219 458 «ut
247 427 425 463 credebat,
456 426 495 463 si,
526 428 567 457 ut
595 425 692 457 facta
722 425 849 462 fuerat,
880 427 1092 462 servaretur,
1122 427 1159 456 et

148 492 161 508 «
175 489 280 521 super
298 479 364 510 hoc
384 479 478 510 idem
498 478 683 520 episcopus
703 480 880 519 oportune
899 480 936 509 et
954 478 1157 519 importune

146 531 306 563 «institit
330 531 427 573 apud
453 530 637 562 dominum
661 540 792 572 papam
816 533 852 562 et
874 530 1012 567 fratres,
1039 530 1097 561 din
1122 532 1158 561 et

149 584 422 626 «multipliciter
451 584 658 615 laborando.
692 584 851 625 Cumque
882 583 946 615 hee
977 587 1013 615 et
1045 583 1157 614 multa

147 637 243 670 «alia
266 639 385 679 partes
408 638 647 678 proponerent
669 646 788 668 eoram
811 636 922 673 nobis,
946 636 1093 667 tandem
1116 636 1158 667 de

147 690 348 722 «mandato
372 689 505 721 domini
528 699 618 731 pape
642 689 795 731 speciali,
821 689 937 720 dictus
959 689 1159 731 episcopus,

145 743 378 785 «compulsus
416 743 452 774 in
490 742 635 783 judicio,
675 741 839 773 exhibuit
878 742 1158 773 instrumentum

145 795 442 838 “compositionis
483 797 638 836 quatuor
678 794 808 836 sigillis,
850 795 940 836 regis
980 795 1160 837 videlicet,

145 848 329 890 «episcopi
361 851 396 880 et
430 848 608 880 dictorum
642 848 793 879 duorum
827 847 1156 879 archidiaconorum

146 901 377 943 «sigillatum,
399 901 500 942 cujus
521 903 623 932 tenor
642 900 722 932 talis
742 903 796 932 est
818 911 824 932 z

607 1004 737 1037 Estella,
760 1005 777 1032 6
800 1005 964 1032 decembre
987 1005 1075 1032 1255.

190 1070 204 1088 «
235 1059 273 1090 111
300 1058 441 1091 nomine
469 1058 585 1090 Patris
613 1061 649 1090 et
677 1058 755 1090 Filii
784 1062 819 1090 et
848 1059 1000 1100 Spiritus
1022 1059 1155 1096 Sancti,

146 1121 289 1144 «amen.
315 1112 388 1144 Nos
411 1111 648 1149 Theobaldus,
674 1112 739 1144 Dei
763 1112 876 1152 gratia
900 1122 962 1144 rex
986 1113 1156 1149 Navarre,

143 1157 365 1207 ‹Campanie
392 1167 429 1197 et
452 1164 534 1197 Brie
562 1175 679 1197 comes
706 1165 897 1207 palatinus,
921 1168 1046 1197 notum
1074 1165 1159 1197 faci-

145 1227 251 1250 «mus
279 1220 358 1250 tam
386 1218 610 1260 presentibus
641 1228 749 1260 quam
777 1218 909 1250 futuris
938 1219 1045 1260 quod,
1077 1228 1158 1250 cum

145 1280 278 1313 «super
297 1270 420 1303 multis
439 1274 476 1303 et
495 1271 602 1303 variis
623 1271 782 1303 articulis
801 1271 895 1303 inter
914 1271 1005 1303 clare
1026 1281 1159 1303 memo-

144 1323 221 1356 «rie
260 1323 518 1361 Theobaldum,
560 1324 625 1356 Dei
664 1324 778 1365 gratia
819 1325 1000 1366 qnondam
1040 1333 1157 1365 regem

145 1377 333 1409 «Navarre
365 1377 549 1413 illustrem,
585 1377 776 1419 Campanie
809 1380 845 1408 et
876 1378 956 1409 Brie
989 1377 1156 1409 comitem

146 1429 385 1472 «palatinum,
421 1430 617 1471 genitorem
652 1433 824 1467 nostrum,
861 1441 903 1461 ex
938 1441 1007 1462 una
1044 1433 1156 1472 parte,

146 1485 209 1514 «et
242 1483 481 1514 venerabilem
516 1486 655 1524 patrem
691 1483 848 1519 Petrum,
884 1483 1007 1514 eadem
1042 1484 1156 1524 gratia

146 1535 483 1577 «Pampilonensem
520 1536 736 1578 episcopum,
775 1546 836 1577 pro
872 1546 907 1567 se
943 1539 974 1567 ct
1013 1536 1157 1567 ecclesia

147 1601 159 1617 ι(
175 1588 448 1630 Pampilonensi,
491 1599 534 1620 ex
574 1589 697 1625 altera,
740 1589 944 1630 questiones
984 1589 1079 1621 varie
1123 1592 1158 1621 et

147 1642 421 1673 «contentiones
438 1645 560 1673 exorte
577 1641 738 1678 fuissent,
758 1644 904 1683 propter
921 1642 1015 1683 quod
1034 1643 1159 1684 damp-

147 1706 159 1722 «
175 1703 219 1726 na
239 1694 360 1736 gravia
379 1697 415 1726 et
434 1694 587 1736 pericula
607 1694 642 1725 in
662 1694 906 1736 spiritualibus
925 1698 960 1726 et
980 1698 1158 1737 tempora-

147 1759 160 1776 «
174 1747 266 1779 libus
288 1747 506 1785 acciderunt,
529 1748 677 1779 tandem
700 1758 762 1779 nos
785 1751 820 1779 et
843 1748 959 1779 dictus
981 1748 1159 1790 Pampilo-

148 1800 292 1832 «nensis
318 1800 514 1842 episcopus,
542 1801 772 1832 attendentes
799 1801 894 1842 quod
921 1811 965 1832 ex
990 1801 1097 1842 regali
1122 1804 1158 1834 et

147 1853 387 1885 «sacerdotali
408 1853 595 1885 concordia
616 1853 843 1885 subditorum
863 1853 939 1885 vita
962 1854 1050 1885 bene
1071 1855 1159 1896 regi-

149 1908 236 1938 «tur
258 1908 295 1938 et
317 1906 508 1948 tranquille
533 1905 744 1948 disponitur,
769 1907 814 1938 ad
838 1906 1008 1938 honorem
1033 1907 1098 1938 Dei
1122 1910 1158 1939 et

150 1958 424 2001 «gloriosissime
457 1959 651 1991 Genetricis
682 1959 758 2000 ejus
790 1959 1021 2001 omniumque
1053 1960 1159 1992 Sanc-

147 2015 294 2044 «torum
326 2013 371 2045 ad
403 2015 614 2054 perpetuam
645 2014 682 2044 et
713 2015 872 2044 nostram
904 2013 1002 2054 regni
1034 2013 1156 2050 nostri,

149 2065 263 2097 «dicti
291 2065 447 2108 episcopi
476 2075 611 2097 necnon
641 2065 784 2097 ecclesie
814 2065 1095 2107 Pampilonensis
1123 2069 1156 2098 et

147 2112 404 2150 «subditorum
445 2121 646 2150 nostrorum
687 2121 721 2150 et
763 2119 918 2160 ipsorum
960 2129 1083 2161 pacem
1123 2122 1157 2151 et

149 2171 487 2213 «tranquillitatem,
524 2171 595 2203 ut1
628 2182 690 2203 nos
723 2174 759 2203 et
797 2182 1013 2203 successores
1047 2173 1158 2203 nostri

149 2236 162 2252 «
177 2224 237 2266 qui
258 2234 320 2266 pro
342 2227 502 2266 tempore
522 2224 665 2261 fuerint,
689 2225 837 2265 benigne
858 2228 893 2256 et.
915 2225 1159 2257 favorabiliter

150 2289 162 2306 «
178 2277 486 2319 Pampilonensem
513 2277 696 2309 ecclesiam
722 2280 952 2319 protegamus
978 2281 1013 2309 ct
1040 2278 1159 2310 defen-

149 2330 304 2362 «damus
337 2333 372 2362 et
406 2329 687 2372 Pampilonensis
720 2331 864 2362 ecclesia
898 2331 933 2362 in
968 2334 1087 2362 nostra
1122 2334 1158 2362 et

149 2392 417 2415 «successorum
451 2386 654 2415 nostrorum
688 2383 879 2415 devotione
912 2394 1050 2426 semper
1082 2393 1158 2426 per-

145 2431 332 2473 «maneat,
360 2436 405 2468 ad
431 2435 522 2468 hanc
549 2436 775 2468 concordiam
801 2439 837 2468 et
863 2436 1157 2479 compositionem

150 2489 385 2522 «devenimus
417 2491 458 2521 ut
489 2489 525 2521 in
557 2489 727 2521 electione
760 2490 1079 2531 presentandorum
1112 2490 1156 2521 ad

150 2542 344 2574 «rectorias
368 2541 605 2579 ecclesiarum,
631 2552 694 2575 nec
718 2542 888 2574 violentia
914 2552 977 2574 nec
1001 2543 1158 2574 comina-

150 2594 228 2626 «tio
244 2594 313 2627 fiat
329 2594 582 2637 parrochianis,
602 2595 687 2637 quin
704 2595 812 2627 libere
829 2596 1023 2628 secundum
1042 2596 1157 2627 Deum

150 2657 241 2680 «sua
263 2647 434 2680 electione
458 2650 617 2685 utantur,
643 2651 679 2680 et
703 2649 808 2690 quod,
833 2651 968 2680 rectore
991 2648 1158 2680 instituto

151 2700 346 2733 «canonice
377 2711 439 2743 per
468 2701 685 2743 episcopum,
718 2701 806 2733 alius
838 2712 906 2733 non
940 2704 1095 2743 ponatur
1124 2702 1158 2733 in

151 2753 323 2786 «ecclesia
350 2754 414 2786 nisi
439 2757 554 2786 rector
577 2755 633 2786 ille
658 2757 820 2786 mortuus
845 2755 951 2786 fuerit
976 2755 1029 2786 vel
1056 2765 1160 2787 cano-

152 2819 165 2835 «
180 2807 255 2839 nice
276 2810 418 2839 amotus
438 2810 474 2839 et
495 2808 589 2849 quod
612 2807 714 2839 aliter
734 2807 889 2839 instituti
911 2810 1159 2839 amoveantur.

154 2860 274 2892 «Item
298 2861 405 2902 quod,
430 2863 570 2892 mortuo
594 2863 728 2893 rectore
751 2861 892 2893 ecclesie
915 2861 970 2893 vel
994 2861 1160 2893 canonice

184 2989 206 3010 1.
225 2988 288 3014 Reg.
303 2995 309 3010 :
326 2988 360 3010 in.

1263 376 1421 409 «amoto,
1448 375 1607 405 custodia
1632 375 1772 406 ecclesie
1797 375 1839 406 sit
1865 376 2017 417 episcopi
2043 378 2151 408 donec
2176 378 2263 410 alius

1262 426 1454 457 «canonice.
1497 428 1716 467 subrogetur.
1765 428 1853 459 Item
1897 430 1989 469 quod
2033 430 2200 462 violentia
2244 442 2262 462 a

1262 490 1274 505 «
1290 478 1412 510 clerico
1431 479 1522 510 facta
1544 480 1665 511 clerico
1684 480 1718 511 in
1738 490 1884 521 persona
1903 491 1964 512 sua
1984 492 2044 522 per
2061 483 2263 524 episcopum

1263 543 1274 557 «
1291 532 1495 572 corrigatur.
1548 533 1634 563 Item
1681 534 1775 574 qnod
1821 534 1963 564 heredes
2009 535 2265 575 compellantur

1262 596 1273 610 υ
1291 594 1351 624 per
1389 585 1543 625 jndicem
1584 586 1858 617 ecclesiasticum
1899 586 2101 618 satisfacere
2143 588 2263 619 ultime

1262 637 1467 668 «voluntati
1491 641 1527 669 ct
1550 638 1764 669 ordinationi
1788 639 1946 670 defuncti
1970 639 2123 680 legitime
2146 640 2263 677 sacte;

1262 690 1383 730 «qnod
1417 690 1443 721 si
1477 690 1662 721 dubitetur
1693 691 1720 721 si
1754 691 1877 722 ultima
1911 692 2076 723 voluntas
2108 693 2263 733 legitima

1262 754 1274 769 «
1289 742 1395 773 suerit
1416 743 1471 774 vel
1494 753 1574 777 tion,
1598 744 1639 774 de
1662 744 1726 774 hoc
1748 743 1856 776 etiam
1878 744 1911 775 in
1934 744 2008 775 foro
2030 745 2263 777 ecclesiastico

1261 798 1532 836 «cognoscatur.
1563 796 1651 826 Item
1679 796 1784 837 qnod,
1813 796 1870 827 11111
1897 797 2023 837 aliquis
2048 798 2156 829 habet
2182 808 2265 839 que-

1261 847 1396 879 «relam
1423 848 1465 879 ‹le
1491 848 1618 888 injuria
1646 848 1700 879 vel
1726 858 1761 879 re
1789 849 1909 879 mobili
1934 853 2056 881 contra
2083 850 2264 882 ecclesiam

1261 900 1343 931 «vel
1379 901 1633 932 monasterinm
1667 911 1726 931 seu
1761 911 1947 942 personam
1981 902 2265 939 ecclesiasticam,

1261 963 1407 984 «coram
1447 953 1565 994 judice
1606 953 1841 984 ecclesiastico
1884 955 2020 995 questio
2063 955 2265 987 ventiletur.

1261 1006 1392 1042 «Item,
1418 1006 1525 1037 etiam
1550 1006 1576 1037 si
1602 1006 1780 1047 querclam
1804 1007 1931 1037 habeat
1959 1008 2000 1038 de
2026 1018 2059 1038 re
2083 1007 2266 1045 immobili,

1261 1059 1482 1090 «dummodo
1514 1069 1582 1090 non
1613 1059 1655 1089 sit
1688 1062 1811 1090 contra
1842 1060 1956 1090 forum
1989 1062 2076 1091 terre
2107 1063 2142 1091 et
2173 1062 2265 1101 qnod

1262 1112 1455 1153 «predictis
1487 1112 1745 1153 possessoribus
1776 1112 1980 1152 hujusmodi
2012 1113 2144 1153 paratis
2175 1117 2266 1145 stare

1261 1164 1355 1205 «juri
1389 1175 1507 1196 coram
1538 1164 1655 1204 judice
1689 1165 1924 1196 ecclesiastico
1964 1166 2058 1197 nulla
2099 1166 2266 1197 violentia

1262 1217 1471 1253 «inferatur,
1502 1221 1535 1248 et
1567 1218 1662 1258 (1111111
1694 1228 1762 1248 111111
1792 1218 2029 1249 sustineamus
2059 1219 2106 1249 cis
2137 1220 2267 1250 violon-

1263 1271 1377 1302 «tiam
1419 1271 1535 1301 inferri
1578 1280 1638 1311 per
1677 1270 1813 1312 aliquos
1855 1271 1896 1301 de
1938 1272 2093 1302 dominio
2136 1276 2266 1303 nostro.

1263 1337 1273 1350 «ι
1295 1324 1383 1354 Item
1423 1324 1517 1364 quod
1557 1324 1700 1355 clericus
1739 1324 1793 1355 vel
1833 1334 1982 1365 persona
2020 1324 2266 1361 ecclesiastica,

1263 1389 1275 1404 α
1290 1376 1372 1408 licet
1396 1375 1611 1408 maleficium
1635 1377 1851 1414 committat,
1877 1386 1938 1418 per
1962 1376 2153 1409 secularem
2176 1377 2269 1419 judi-

1263 1439 1367 1461 «cem
1392 1439 1462 1461 non
1489 1430 1714 1471 dampnetur,
1741 1430 1801 1461 sed
1827 1439 1888 1471 per
1911 1429 2066 1470 judicem
2091 1430 2268 1462 ecclesias-

1263 1482 1401 1514 «ticum
1429 1482 1474 1514 ad
1504 1492 1609 1523 quem
1637 1484 1776 1524 spectat
1804 1482 1871 1514 fiat
1900 1483 1942 1514 de
1970 1493 2009 1514 eo
2039 1483 2133 1524 quod
2162 1483 2268 1515 fuerit

1263 1535 1516 1572 «faciendum;
1555 1535 1583 1567 si
1621 1545 1683 1577 per
1718 1535 1874 1576 judicem
1912 1536 2104 1567 secularem
2142 1539 2268 1578 captus

1264 1588 1409 1625 «fuerit,
1435 1588 1545 1628 judici
1570 1588 1804 1619 ecclesiastico
1831 1588 1875 1619 ad
1902 1598 2007 1629 quem
2032 1591 2171 1630 spectat
2196 1589 2268 1620 sine

1264 1650 1390 1672 «mora
1421 1640 1486 1682 [et]
1515 1640 1727 1672 difficultate
1754 1641 1934 1671 reddatur.
1966 1641 2054 1672 Item
2081 1642 2175 1682 quod
2202 1642 2270 1683 pri-

1263 1705 1276 1722 «
1292 1693 1390 1725 mitie
1413 1694 1483 1725 sint
1505 1694 1645 1725 ecclesie
1669 1696 1703 1724 et
1727 1694 1821 1734 quod
1846 1694 1887 1725 de
1910 1694 1992 1735 ipsis
2016 1694 2101 1725 sient
2126 1694 2267 1730 fabrice,

1263 1747 1380 1783 «libri,
1417 1746 1540 1778 calices
1575 1750 1607 1778 et
1644 1746 1847 1787 hujusmodi
1883 1747 2075 1778 neccssaria
2110 1747 2269 1779 ecclesia-

1263 1812 1275 1828 «
1291 1810 1379 1836 rum,
1403 1803 1437 1831 et
1459 1800 1553 1841 qnod
1575 1800 1790 1840 recipiantur
1811 1802 1844 1830 et
1867 1800 1901 1830 in
1923 1810 2006 1831 usus
2027 1800 2168 1831 ecclesie
2189 1811 2269 1831 con-

1263 1866 1273 1880 «
1291 1856 1479 1884 vertantur
1507 1863 1566 1894 per
1586 1852 1662 1883 illos
1684 1853 1743 1893 qui
1765 1853 1923 1893 predicta
1946 1853 2058 1884 facere
2081 1863 2270 1885 consueve-

1262 1919 1274 1935 ‹<
1290 1909 1370 1937 runt
1397 1909 1429 1937 et
1457 1906 1551 1947 quod
1576 1905 1666 1936 circa
1692 1906 1753 1936 hec
1780 1905 1914 1936 nullum
1940 1908 2136 1946 prestemus
2160 1906 2268 1947 impc-

1263 1959 1500 1990 «dimentum.
1533 1959 1620 1989 Item
1649 1958 1742 1999 qnod
1770 1961 1922 1989 rectores
1948 1958 1983 1989 in
2010 1958 2162 1989 ecclesiis
2190 1969 2267 2000 par-

1262 2012 1502 2043 «rochialibus
1534 2011 1700 2042 canonice
1732 2011 1977 2047 instituantur,
2011 2011 2083 2042 sive
2115 2022 2134 2042 a
2168 2011 2267 2042 nobis

1262 2078 1273 2093 «
1289 2065 1362 2096 sive
1407 2075 1425 2096 a
1471 2074 1682 2105 quocunqne
1728 2064 1795 2095 alio
1840 2064 1982 2095 ecclesie
2028 2065 2265 2095 detineantur.

1262 2118 1382 2149 «Item
1407 2118 1500 2159 quod
1525 2117 1605 2148 villa
1631 2118 1672 2148 de
1696 2117 1878 2157 Arimayn,
1903 2116 1957 2148 vel
1980 2117 2064 2148 illud
2090 2118 2182 2158 qnod
2207 2127 2267 2148 rex

1262 2170 1465 2206 «Sanctius,
1495 2171 1674 2212 quondam
1703 2171 1834 2211 recepit
1861 2180 1922 2211 pro
1942 2172 1953 2189 ¹
1981 2170 2186 2211 Ariamayn,
2215 2181 2268 2202 ec-

1263 2224 1391 2256 «clesie
1427 2223 1689 2265 Pampilonensi
1725 2234 1786 2264 per
1821 2233 1883 2255 nos
1918 2223 2138 2255 restituatur.
2179 2223 2267 2255 Item

1263 2290 1275 2306 «
1291 2278 1386 2319 quod
1408 2277 1514 2308 Judei
1538 2277 1580 2308 de
1602 2277 1879 2318 possessionibus
1902 2286 1990 2317 quas
2012 2277 2145 2308 habent
2167 2279 2266 2308 extra

1263 2330 1509 2362 «territorium
1534 2330 1804 2371 Pampilonense
1830 2330 1914 2361 dent
1940 2329 2093 2361 decimas
2117 2329 2267 2361 ecclesiis

1263 2382 1569 2426 «parrochialibus
1608 2383 1700 2414 infra
1739 2385 1852 2414 metas
1892 2392 2043 2424 quarum
2081 2383 2146 2414 site
2185 2385 2268 2414 sunt

1262 2436 1524 2479 «possessiones
1545 2436 1712 2478 predicte.
1738 2436 1827 2467 Item
1848 2436 1942 2477 quod
1964 2446 2025 2467 nos
2046 2435 2081 2466 111
2102 2446 2267 2477 personas

1262 2489 1543 2522 «ecclesiasticas
1577 2488 1691 2520 nullas
1723 2489 1895 2520 faciamus
1927 2489 2140 2520 exactiones.
2178 2489 2267 2520 Item

1262 2543 1383 2584 «quod
1415 2542 1599 2584 episcopus
1629 2545 1663 2573 ct.
1694 2545 1890 2573 conventus
1920 2542 2061 2573 ecclesie
2092 2542 2267 2582 Pampilo-

1261 2596 1406 2627 «nensis
1430 2596 1471 2626 de
1495 2596 1598 2626 rebus
1621 2595 1693 2626 suis
1717 2595 1874 2636 propriis,
1901 2595 1955 2626 vel
1979 2595 2021 2625 ad
2047 2595 2180 2625 victum
2205 2597 2264 2625 ant

1262 2659 1393 2681 «usum
1426 2658 1529 2679 suum
1562 2648 1701 2689 emptis,
1737 2658 1804 2679 non
1838 2648 1977 2679 solvant
2012 2647 2199 2688 pedagium
2232 2647 2265 2677 111

1263 2701 1446 2733 «dominio
1472 2704 1603 2737 nostro,
1629 2703 1664 2732 et
1688 2701 1715 2731 si
1741 2700 1961 2741 pedagiarins
1987 2703 2103 2730 noster
2127 2699 2265 2730 dubitet

1263 2757 1412 2785 «utrum
1444 2764 1496 2785 res
1528 2754 1599 2784 sint
1630 2753 1783 2794 episcopi
1815 2753 1869 2784 vel
1901 2755 2097 2784 conventus
2130 2752 2266 2793 proprie

1263 2817 1351 2839 «seu
1377 2807 1421 2839 ad
1447 2806 1583 2838 victum
1608 2806 1663 2837 vel
1690 2816 1792 2837 nsum
1817 2815 1920 2837 snum
1945 2808 2159 2846 comparate,
2187 2804 2267 2835 reti-

1264 2873 1277 2889 «
1292 2862 1376 2892 neat
1396 2859 1537 2901 gagium
1558 2869 1619 2901 pro
1640 2859 1799 2900 pedagio,
1820 2859 1870 2890 ita
1891 2859 1985 2900 quod
2007 2857 2185 2900 quamcito
2206 2867 2267 2899 per

1297 2989 1319 3010 1.
1338 2989 1400 3015 Reg.
1414 2995 1421 3011 z
1435 2988 1505 3015 quod.
