2477 3512
143 287 203 318 766
861 281 1119 315 REGISTRES
1141 279 1478 314 D'ALEXANDRE
1498 279 1546 313 IV

143 392 185 422 ad
208 391 449 421 deliberandum
472 390 503 419 in
526 389 668 428 capitulo
690 389 776 428 quod
798 397 893 427 super
915 388 975 418 hiis
997 388 1151 417 deberent

142 445 258 479 facere,
284 445 379 483 prout
404 444 531 481 spectat
556 442 596 471 ad
622 450 706 476 eum,
732 443 855 470 certum
880 441 1054 470 terminum
1080 450 1151 479 pre-

142 497 277 531 fixisset,
309 496 420 525 eodem
451 495 554 533 priore
584 494 726 533 legitimo
756 493 987 532 impedimento
1018 494 1151 523 detento

143 551 325 588 nequeunte
358 547 544 586 hujusmodi
577 547 799 576 deliberationi
830 546 862 575 in
895 546 982 576 dicto
1013 546 1151 575 termino

142 603 304 636 interesse,
320 602 386 639 ipse
402 601 496 639 prior,
511 600 552 629 ad
569 600 627 629 lioc
642 599 728 628 dicto
743 599 895 637 capitulo,
910 599 1008 628 alium
1024 608 1151 637 compe-

142 657 265 684 tentem
303 653 477 683 terminum
503 652 691 690 assignavit,
719 661 814 690 quem
841 651 945 689 major
971 660 1044 689 pars
1071 651 1149 680 dicti

142 707 275 746 capituli
306 706 504 745 preveniens,
537 705 624 734 dicto
654 705 757 743 priore
788 705 931 738 absente,
963 713 1019 733 nec
1050 704 1148 734 etiam

141 762 323 798 expectato,
348 759 421 788 licet
444 758 539 788 vellet
564 766 693 787 causam
718 757 941 786 rationabilem
961 766 1147 795 proponere,

143 815 273 851 propter
301 821 399 850 quam
429 811 534 840 dictus
564 809 704 850 P[etrus}
734 810 765 839 in
796 810 862 848 ipsa
893 810 1022 839 ccclesia
1053 809 1148 848 recipi

141 874 204 895 non
230 865 379 898 debebat,
404 873 477 893 cum
503 863 621 902 recepit
646 864 684 892 de
708 863 804 897 facto,
830 872 902 891 cum
928 863 967 891 de
989 863 1059 900 jure
1084 871 1147 892 non

140 920 258 956 posset,
286 918 317 947 in
344 917 533 947 canonicum
560 918 592 945 et
618 916 649 945 in
676 916 818 949 fratrem,
852 916 883 944 in
910 915 1009 953 ipsius
1036 915 1148 953 prioris

140 970 352 1009 prejudicium
369 979 431 999 non
448 969 609 999 modicum
633 972 665 998 et
688 977 881 1007 gravamen;
907 970 1038 1006 propter
1061 968 1147 1007 quod

139 1024 224 1053 idem
238 1024 324 1062 prior
337 1023 378 1053 ad
393 1025 535 1052 nostram
550 1022 643 1051 <luxit
658 1022 895 1060 providentiam
910 1022 1146 1055 recurrendum,

140 1077 231 1106 nobis
258 1076 422 1106 humiliter
447 1075 630 1114 supplicans
656 1077 693 1104 ut
720 1074 934 1112 receptionem
961 1074 1147 1112 hujusmodi

140 1130 185 1159 sic
203 1131 425 1168 presumptam
445 1128 562 1157 irritari
581 1137 637 1166 per
664 1127 818 1157 discretos
836 1127 960 1165 aliquos
977 1127 1148 1156 mandare-

139 1191 220 1212 mus.
242 1181 395 1218 Quocirca
415 1181 607 1210 mandamus
626 1180 790 1219 quatinus,
809 1179 934 1209 vocatis
953 1179 1008 1218 qui
1027 1179 1147 1209 fuerint

139 1235 294 1264 evocandi
335 1236 395 1263 etc.
432 1233 553 1272 usque,¹}
580 1233 752 1262 observari.
781 1232 892 1262 Testes
933 1235 994 1261 etc.
1032 1242 1143 1272 usque,

139 1287 313 1326 perhibere.
352 1287 443 1323 Quod
471 1286 497 1315 si
531 1295 594 1315 non
623 1295 733 1315 omnes
768 1288 850 1315 etc.:
893 1285 969 1315 Dat.
998 1285 1145 1320 Viterbii,

138 1341 243 1370 idibus
269 1340 418 1378 januarii,
445 1348 530 1368 anno
557 1341 683 1378 quarto.
712 1350 723 1365 »

216 1561 304 1587 2454
596 1561 733 1593 Viterbe‚
746 1561 782 1588 13
795 1562 957 1589 decembre
974 1560 1062 1591 1257.

179 1610 272 1636 Dicto
297 1610 402 1643 priori,
427 1609 557 1636 officiali
582 1611 613 1635 et
635 1609 857 1637 Bartholomeo
882 1612 919 1638 de
942 1612 1069 1643 Barthe,
1095 1618 1144 1638 ca-

139 1650 251 1676 nonico
276 1649 532 1681 Nivernensibus,
558 1650 689 1676 mandat
714 1652 749 1676 ut
774 1650 811 1676 de
835 1652 943 1677 eadem
967 1651 1145 1685 receptione

141 1690 308 1716 veritatem
329 1689 500 1722 inquirant.
523 1689 620 1722 (Bm.
643 1689 691 1721 25,
712 1689 732 1717 f.
758 1690 823 1719 121,
845 1698 895 1718 an.
921 1691 972 1723 IV,
994 1698 1019 1718 c.
1041 1690 1103 1724 42.)

179 1786 191 1801 α
215 1797 245 1809 ..,
267 1775 368 1813 priori
392 1774 499 1804 Sancti
522 1774 692 1809 Martini..‚
717 1775 860 1814 officiali,
885 1778 911 1805 et
933 1776 1146 1807 Bartholomeo

138 1827 174 1856 de
204 1827 328 1862 Barlhe,
361 1827 508 1857 canonico
540 1827 797 1858 Nivernensibus.
831 1829 882 1858 Ex
913 1832 1005 1867 parte
1038 1830 1146 1860 dilecti

138 1879 229 1913 filii..,
259 1880 372 1918 prioris
401 1880 551 1910 secularis
580 1881 709 1910 ecclesie
738 1882 776 1910 de
807 1882 986 1921 Sancergio‚
1026 1883 1148 1912 Bituri-

138 1933 240 1962 censis
259 1933 401 1967 diocesis,
420 1932 483 1962 fuit
501 1933 702 1972 propositum
720 1943 827 1964 coram
846 1935 947 1969 nobis,
967 1935 1053 1974 quod
1072 1944 1146 1965 cum

138 1985 213 2015 olim
230 1985 334 2015 eidem
356 1988 389 2015 et
405 1985 546 2024 capitulo
563 1995 620 2016 suo
637 1987 809 2026 recipiendi
825 1988 968 2022 Petrum,
986 1985 1145 2023 clericum,

138 2040 253 2067 natum
275 2038 363 2068 Petri
385 2039 423 2067 de
444 2039 610 2077 Mornayo,
633 2040 743 2070 militis
765 2063 772 2074 ,
794 2040 827 2069 in
848 2041 979 2071 ecclesia
1001 2041 1145 2080 predicta

138 2090 171 2120 in
195 2091 385 2120 canonicum
409 2094 441 2120 et
464 2091 496 2120 in
520 2091 668 2126 fratrum,
694 2102 757 2122 non
782 2093 933 2123 obstante
956 2096 1083 2124 statuto
1108 2095 1147 2123 de

138 2146 226 2173 certo
241 2144 468 2173 canonicorum
483 2153 615 2174 numero
628 2145 813 2183 juramento
828 2149 886 2176 aut
900 2147 1147 2177 confirmatione

139 2196 228 2226 Sedis
245 2197 429 2235 Apostolice
447 2206 502 2226 seu
520 2207 713 2236 quacunque
729 2198 886 2228 firmitate
903 2199 965 2229 alia
982 2201 1145 2235 roborato,

138 2258 194 2287 per
223 2251 349 2279 nostras
379 2250 504 2279 litteras
533 2251 781 2280 concesserimus
810 2251 1011 2287 facultatem,
1042 2253 1147 2291 major

138 2309 211 2340 pars
228 2301 306 2331 dicti
322 2302 465 2340 capituli,
482 2302 551 2341 ipso
567 2303 666 2333 inscio
683 2313 740 2333 nec
756 2313 796 2333 ex
812 2307 903 2342 parte
919 2305 1061 2344 ipsorum
1079 2306 1148 2344 ejus

137 2362 232 2392 super
252 2354 312 2384 hoc
333 2355 486 2393 requisito
507 2364 649 2390 assensu,
669 2366 866 2396 quamquam
882 2358 1000 2397 requiri
1015 2359 1149 2388 comode

139 2406 309 2444 potuisset,
332 2410 390 2436 aut
412 2417 505 2436 suum
529 2409 736 2446 postmodum
759 2412 923 2448 prestante
946 2420 1147 2447 consensum,

140 2459 206 2488 imo
233 2468 332 2497 quam
360 2460 423 2489 cito
451 2461 492 2489 ad
520 2461 589 2498 ejus
616 2462 747 2491 devenit
774 2463 925 2492 notitiam
942 2464 1148 2499 reclamante,

140 2512 278 2540 eundem
309 2512 469 2546 clericum,
503 2522 565 2542 non
598 2514 719 2552 absque
749 2515 829 2553 juris
860 2516 1004 2554 ejusdem
1036 2517 1149 2555 prioris

139 2564 316 2602 prejudicio
350 2567 383 2594 et
417 2568 617 2604 contemptu,
660 2567 691 2596 in
726 2568 858 2598 fratrem
893 2571 925 2598 et
959 2570 1149 2600 canonicum

140 2626 213 2646 eum
229 2620 427 2655 receperunt.
445 2618 549 2655 Quare
578 2620 668 2649 nobis
698 2621 860 2650 humiliter
886 2622 1082 2660 supplicavit
1110 2626 1147 2653 ut

141 2677 214 2698 cum
246 2669 374 2699 collatio
406 2671 642 2708 prebendarum
665 2673 764 2710 ipsius
797 2674 925 2703 ecclesie
957 2677 989 2703 et
1021 2675 1150 2705 canoni-

141 2730 250 2750 corum
267 2723 408 2760 receptio
424 2723 456 2752 in
473 2724 584 2753 eadem
602 2725 642 2753 ad
660 2724 764 2763 ipsum
782 2728 814 2754 et
831 2726 953 2756 dictum
971 2728 1149 2765 capitulum

141 2774 356 2804 communiter
386 2776 544 2813 pertinere
575 2780 736 2811 noscatur,
769 2779 935 2816 providere
965 2780 1025 2809 sibi
1056 2789 1151 2819 super

142 2826 201 2854 hoc
218 2829 350 2864 paterna
362 2828 575 2858 sollieitudine
586 2838 778 2859 curaremus.
792 2831 946 2867 Quocirca
957 2833 1149 2862 mandamus

142 2878 295 2916 quatinus
316 2881 441 2910 vocatis
465 2882 520 2920 qui
543 2881 662 2911 fuerint
685 2884 840 2913 evocandi
875 2887 935 2913 etc.
960 2894 1071 2923 usque,
1095 2886 1150 2915 ol)-

141 2930 270 2959 servari.
309 2932 419 2962 Testes
457 2936 566 2963 autem
602 2937 662 2964 etc.
688 2935 779 2972 Quod
812 2936 837 2965 si
861 2946 924 2966 non
952 2946 1061 2967 omnes
1089 2940 1149 2967 etc.

143 2982 218 3011 Dat.
252 2983 398 3018 Viterbii,
432 2986 537 3015 idibus
572 2987 758 3022 decembris,
792 2997 877 3018 anno
910 2990 1016 3019 tertio.
1051 3002 1063 3017 »

1340 389 1428 416 2455
1765 389 1903 421 Viterbe,
1916 388 1952 415 18
1962 388 2085 423 janvier
2107 387 2184 415 1258

1300 438 1495 465 Sententiam
1533 438 1572 464 ab
1610 437 1661 469 H„
1692 437 1780 464 tituli
1817 437 1950 464 Sanctae
1981 436 2115 463 Sabinae
2139 436 2267 470 presby-

1259 479 1324 504 tero
1363 478 1525 509 cardinali,
1563 477 1593 503 in
1624 484 1718 504 causa
1755 484 1836 511 quae
1873 477 1955 503 inter
1984 476 2163 508 Guisonem,
2193 482 2267 510 prae

1259 518 1397 550 positum
1423 517 1569 544 ecclesiae
1596 516 1817 548 Frislariensis,
1843 515 2047 549 Maguntinae
2072 515 2213 547 diocesis,
2232 522 2268 542 ac

1259 556 1516 590 Windckyndum
1540 557 1577 582 de
1600 556 1761 588 Waldeke,
1785 556 1971 582 canonicum
1995 555 2268 582 padeburnensem

1259 603 1352 630 super
1378 596 1517 629 ejusdem
1546 596 1755 622 Frislariensis
1783 595 1931 622 ecclesiae
1958 595 2175 629 praepositura
2200 601 2267 620 ver-

1258 636 1394 667 tebatur,
1415 636 1512 662 latam
1532 636 1709 667 confirmat,
1730 635 1934 661 instrumenti
1954 642 2046 668 super
2063 634 2121 661 hoc
2132 634 2267 660 confecti

1258 677 1399 702 tenorem
1419 675 1634 709 praesentibus
1652 675 1800 701 inserens.
1820 675 1917 708 (Rae.
1937 674 1985 706 25,
2004 675 2025 702 f.
2046 673 2113 705 121,
2141 681 2190 700 an.
2213 673 2266 705 IV,

1257 722 1282 742 c.
1303 715 1371 746 43.;
1392 715 1621 746 RODENBERG,
1639 716 1662 741 t.
1690 714 1750 746 111,
1778 716 1818 741 n0
1836 714 1920 747 473.)

1296 820 1308 835 «
1337 809 1494 847 Mayistro
1530 808 1672 843 Guismri,
1702 808 1858 847 preposito
1883 808 2004 838 ecclesie
2033 806 2266 841 Frislariensis,

1255 861 1446 899 Mayuntine
1463 861 1604 891 diocesis.
1626 861 1673 890 Ea
1695 870 1756 900 que
1775 861 1897 899 judicio
1917 860 1967 890 vel
1996 860 2166 890 concordia
2193 861 2267 895 etc„

1254 913 1455 943 communiri.
1473 914 1552 943 Cum
1568 913 1678 952 itaque
1703 914 1735 943 in
1762 922 1858 943 causa
1884 922 1946 952 que
1971 913 2161 942 vertebatur
2184 912 2268 942 inter

1254 968 1285 995 te
1308 975 1346 995 ac
1368 966 1631 1004 Windekyndum
1655 966 1694 995 (le
1718 966 1881 1000 Waldeke,
1898 966 2089 995 canonicum
2104 965 2268 995 Padebur-

1254 1027 1394 1053 nensem,
1460 1028 1556 1057 super
1615 1019 1817 1057 prepositura
1872 1018 2097 1052 Frislariensis,
2169 1026 2267 1056 quam

1253 1073 1389 1109 uterque
1415 1073 1561 1100 vestrum
1588 1071 1628 1100 ad
1657 1080 1689 1101 se
1716 1073 1862 1109 spectare
1890 1071 2030 1105 dicebat,
2059 1073 2133 1109 post
2159 1070 2267 1100 varios

1255 1132 1420 1161 processus
1446 1123 1574 1153 habitos
1600 1124 1631 1153 in
1658 1124 1781 1158 eadem,
1809 1124 1962 1153 dilectum
1988 1123 2092 1153 filium
2119 1125 2266 1153 nostrum

1256 1176 1309 1210 H„
1324 1176 1412 1205 tituli
1428 1176 1545 1206 Sancte
1560 1176 1676 1206 Sabine
1691 1176 1905 1215 presbiterum
1920 1176 2125 1210 cardinalem,
2141 1183 2268 1205 conces-

1254 1229 1387 1258 serimus
1407 1229 1554 1267 partibus
1581 1229 1774 1263 auditorem,
1803 1229 1888 1258 idem
1916 1229 2096 1263 cardinalis,
2133 1228 2269 1267 cognitis

1254 1290 1347 1311 cause
1371 1282 1493 1311 meritis
1516 1284 1549 1311 et
1569 1281 1650 1320 juris
1673 1282 1784 1311 ordine
1807 1282 1990 1316 observato,
2014 1290 2052 1312 ac
2073 1290 2091 1311 a
2115 1281 2207 1311 nobis
2230 1281 2269 1310 de

1254 1335 1497 1373 pronuntiando
1520 1337 1553 1364 et
1575 1335 1804 1364 sententiando
1826 1344 1923 1373 super
1945 1335 2005 1364 hoc
2027 1334 2156 1373 speciali
2178 1342 2269 1363 man-

1254 1387 1332 1417 dato
1354 1390 1493 1426 recepto,
1516 1390 1549 1417 te
1572 1390 1605 1417 et
1626 1387 1728 1426 partis
1751 1388 1882 1417 alterius
1913 1390 2120 1426 procuratore
2142 1395 2270 1426 presen—

1253 1440 1351 1474 tibus,
1380 1440 1474 1475 dixit,
1502 1440 1730 1479 pronuntiavit
1756 1443 1789 1470 et
1816 1441 1995 1470 declaravit
2032 1439 2270 1470 sententialiter

1253 1493 1475 1531 supradictam
1499 1493 1737 1532 preposituram
1761 1502 1835 1523 cum
1858 1493 1985 1531 juribus
2009 1496 2042 1523 et
2065 1492 2270 1532 pertinentiis

1252 1546 1317 1575 suis
1336 1546 1377 1575 ad
1395 1548 1429 1575 te
1447 1546 1607 1584 pertinere
1626 1547 1665 1576 de
1682 1547 1763 1585 jure,
1783 1555 1821 1576 ac
1840 1546 1995 1585 quicquid
2015 1547 2054 1576 de
2072 1546 2125 1575 illa
2143 1545 2269 1575 factum

1251 1601 1301 1628 est
1316 1599 1349 1628 in
1365 1608 1501 1637 persona
1518 1601 1575 1628 tua
1593 1599 1798 1633 confirmans,
1817 1602 1850 1628 et
1878 1599 2002 1628 dictum
2027 1601 2269 1638 procuratorem

1251 1651 1352 1690 ipsius
1371 1652 1409 1681 V.
1426 1652 1497 1690 (sic)
1516 1652 1644 1681 nomine
1664 1661 1701 1682 ac
1720 1661 1778 1691 per
1796 1661 1870 1681 eum
1889 1651 2053 1691 prefatum
2072 1652 2122 1681 W.
2143 1653 2271 1681 senten-

1251 1704 1374 1734 tialiter
1400 1713 1553 1734 amovens
1582 1713 1600 1734 a
1627 1705 1829 1743 prepositura
1865 1705 2033 1743 jamdicta,
2074 1704 2135 1734 sibi
2174 1713 2271 1743 super

1253 1766 1289 1787 ea
1307 1757 1402 1787 duxit
1417 1760 1611 1796 perpetuum
1628 1757 1791 1787 silentium
1808 1758 2052 1796 imponendum,
2068 1757 2271 1787 infructihus

1253 1810 1412 1849 perceptis
1426 1819 1466 1840 ex
1480 1811 1549 1849 ipsa
1564 1811 1767 1849 prepositura
1782 1813 1815 1840 et
1829 1810 1861 1840 in
1876 1810 1992 1849 viginti
2006 1810 2122 1840 marcis
2144 1810 2270 1849 argenti

1253 1862 1449 1893 Coloniensis
1466 1872 1523 1902 pro
1547 1863 1694 1902 expensis
1718 1872 1736 1893 a
1768 1866 1801 1893 te
1830 1863 1862 1893 in
1882 1863 1938 1892 lite
1964 1863 2070 1898 factis,
2102 1863 2271 1893 taxatione

1252 1916 1433 1954 prehabita,
1450 1918 1483 1945 et
1497 1916 1683 1954 juramento
1699 1919 1820 1950 secuto,
1837 1916 2002 1955 prefatum
2026 1918 2268 1955 procuratorem

1252 1969 1401 2007 jamdicti
1427 1969 1478 1998 W.
1509 1969 1637 1999 nomine
1677 1978 1714 1998 ac
1741 1969 1848 2008 ipsum
1875 1969 1925 1998 W.
1954 1969 2015 1998 tibi
2043 1969 2269 1999 nichilominus

1254 2022 1523 2060 condempnando
1552 2024 1650 2061 prout
1683 2021 1716 2051 in
1733 2022 1951 2051 instrumento
1969 2021 2098 2060 publico
2122 2021 2269 2052 confecto

1253 2074 1369 2104 exinde
1388 2083 1425 2104 ac
1443 2074 1543 2113 ipsius
1562 2075 1732 2104 cardinalis
1750 2075 1877 2114 signato
1895 2074 1997 2113 sigillo
2025 2074 2149 2113 plenius
2167 2074 2270 2104 conti-

1254 2129 1359 2157 netur.
1381 2127 1448 2157 Nos
1468 2127 1567 2166 igitur
1604 2127 1669 2157 tuis
1690 2127 1981 2166 supplicationibus
2001 2127 2158 2162 inclinati,
2180 2127 2267 2166 quod

1253 2180 1296 2209 ab
1314 2180 1427 2209 eodem
1446 2179 1600 2210 cardinali
1619 2189 1714 2219 super
1732 2180 1792 2210 hoc
1810 2179 1935 2210 factum
1954 2182 2013 2214 est,
2033 2189 2097 2210 non
2116 2180 2268 2210 obstante

1254 2233 1471 2271 appellatione
1494 2233 1536 2262 ab
1559 2233 1628 2271 ipsa
1674 2233 1837 2262 sententia
1861 2233 1902 2262 ad
1927 2242 1984 2262 nos
2008 2241 2026 2262 a
2050 2235 2143 2271 parte
2166 2232 2268 2262 altera

1254 2285 1456 2324 interposita,
1477 2294 1576 2324 quam
1595 2288 1784 2324 reputamus
1802 2285 1964 2320 frivolam,
1984 2288 2092 2314 ratum
2111 2285 2268 2315 habentes

1255 2340 1288 2367 et
1313 2340 1453 2377 gratum,
1480 2338 1513 2367 id
1540 2338 1735 2367 auctoritate
1762 2338 1939 2376 apostolica
1967 2337 2197 2367 confirmamus
2235 2339 2269 2367 et

1255 2390 1412 2429 presentis
1452 2390 1579 2429 scriptis
1620 2390 1800 2429 patrocinio
1847 2391 2083 2420 communimus
2121 2393 2267 2420 tenorem

1255 2443 1463 2472 instrumenti
1487 2443 1631 2481 ejusdem
1656 2443 1858 2481 presentibus
1882 2443 1921 2472 de
1944 2443 2043 2473 verbo
2066 2443 2107 2472 ad
2131 2443 2266 2472 verbum

1255 2496 1351 2525 inseri
1372 2495 1527 2525 facientes
1551 2495 1606 2534 qui
1628 2495 1704 2525 talis
1727 2498 1786 2525 est.

1734 2573 1874 2605 Viterbe,
1887 2573 1904 2599 5
1915 2572 2086 2599 novembre
2098 2572 2184 2599 1257.

1297 2635 1308 2650 «
1336 2623 1371 2652 In
1398 2623 1527 2652 nomine
1552 2623 1692 2652 Domini.
1719 2624 1832 2652 Amen.
1860 2623 1939 2653 Orta
1963 2623 2158 2661 jamdudum
2182 2622 2267 2652 inter

1255 2688 1267 2702 α
1284 2675 1416 2705 dilectos
1434 2675 1466 2704 in
1481 2675 1607 2705 Christo
1617 2675 1808 2714 magistrum
1824 2675 2008 2709 Guisonem,
2027 2674 2266 2713 Maguntinum,

1255 2739 1266 2754 t<
1283 2730 1316 2757 et
1337 2728 1591 2757 Windekindum
1613 2728 1652 2757 de
1674 2728 1838 2762 Waldeke,
1863 2728 2146 2757 Padeburnensem
2168 2735 2263 2756 cano-

1255 2791 1266 2807 «
1284 2780 1381 2814 nicos,
1404 2789 1500 2819 super
1522 2780 1723 2819 prepositura
1742 2780 1956 2810 Frislariensis
1975 2780 2115 2815 ecclesie,
2133 2780 2268 2818 Magun-

1255 2845 1266 2859 κ
1285 2833 1350 2862 tine
1371 2833 1514 2867 diocesis,
1531 2833 1666 2862 materia
1687 2833 1875 2872 questionis,
1893 2835 1966 2871 post
1980 2832 2086 2862 varios
2102 2840 2267 2871 processus

1254 2897 1266 2912 «
1284 2886 1412 2915 habitos
1422 2886 1453 2915 in
1470 2886 1593 2920 eadem,
1605 2886 1754 2915 dominus
1765 2886 1853 2924 Papa
1871 2894 1927 2915 nos
1938 2885 2071 2914 fratrem
2083 2885 2266 2923 Hugonem,

1256 2951 1266 2965 α
1283 2938 1371 2967 tituli
1390 2939 1506 2968 Sancte
1529 2939 1645 2968 Sabine
1662 2938 1876 2977 presbiterum
1895 2938 2100 2972 cardinalem,
2118 2937 2151 2966 in
2175 2946 2267 2976 ques-

1254 3002 1266 3017 «
1285 2991 1370 3020 tione
1401 2991 1587 3028 hujusmodi
1610 2991 1766 3021 concessit
1791 2991 1937 3029 partibus
1957 2990 2148 3020 auditorem.
2170 2989 2266 3019 Dicto
