2477 3512
936 270 1208 316 CINQUIEME
1234 270 1401 307 ANNEE
2185 282 2227 312 33

111 391 184 418 nos,
224 381 351 413 vestris
389 381 707 423 supplicationibus
745 381 914 417 inclinati,
965 382 1116 413 auetori-

110 437 185 466 tate
209 434 310 465 vobis
334 435 550 475 presentium
574 435 796 475 indulgemus
822 437 860 465 ut
886 435 927 465 de
952 444 1115 475 persona-

110 487 215 521 tibus,
247 487 480 527 dignitatibus
509 490 544 518 et
575 487 701 518 officiis
729 488 870 519 ecclesie
900 487 1113 528 supradicte,

109 549 188 571 cum
220 540 437 576 vacaverint,
472 540 614 581 possitis
646 543 750 581 prout
789 541 833 572 ad
866 551 930 572 vos
962 540 1111 582 pertinet

109 593 280 629 ordinare,
313 595 345 624 et
377 602 417 624 ea
449 593 604 634 personis
634 593 782 634 ydoneis
813 594 945 635 absque
976 596 1114 625 eontra-

109 645 261 677 dictione
280 645 446 682 conferre,
469 655 538 677 non
558 646 785 677 obstantibus
805 646 970 688 predictis
988 646 1114 677 litteris

109 700 426 739 quantumcunque
464 698 510 729 sit
547 699 687 730 illarum
725 699 939 730 auctoritate
979 708 1115 740 proees-

107 761 195 787 sum,
222 751 414 782 dummodo
437 761 506 782 non
528 751 573 782 sit
595 761 657 793 per
677 752 742 783 1100
765 752 907 793 plenum
928 752 985 793 jus
1011 752 1113 783 alicui

107 804 161 835 vel
194 803 370 845 aliquibus
401 804 627 845 acquisitum,
660 814 719 836 seu
752 805 934 845 quibusvis
965 805 1040 836 aliis
1073 805 1113 836 de

107 859 222 888 cetero
262 857 494 898 impetrandis
535 867 605 888 non
646 857 858 889 facientibus
898 858 1039 899 plenam
1079 861 1113 889 et

109 919 311 951 expressam
331 910 371 941 de
392 910 614 951 presentibus
633 910 860 942 mentionem.
882 911 976 942 Nulli
996 914 1113 942 nostre

109 963 340 994 concessionis
366 965 432 994 etc.
461 963 544 994 Dat.
572 963 741 1004 Anagnie,
771 964 871 995 nonis
899 964 991 1000 maii,
1020 974 1112 995 anno

109 1015 246 1057 quinto.
271 1028 283 1044 »

163 1173 166 1174 ⁷
186 1177 275 1202 2872
640 1178 774 1211 Anagni,
800 1178 836 1204 10
860 1178 921 1204 mai
946 1178 1032 1204 1259.

148 1230 226 1257 Cum
251 1230 422 1257 diffinitiva
447 1231 575 1257 divortii
591 1231 758 1263 sententia,
779 1231 985 1264 impotentiae
1009 1238 1114 1262 causa,

107 1274 189 1301 inter
212 1275 393 1301 Johannam
419 1277 449 1302 et
476 1276 636 1308 quondam
663 1275 852 1302 Gaufriduin
878 1276 914 1301 de
941 1276 1010 1307 Dol,
1036 1275 1115 1301 111111-

107 1320 172 1345 tem
201 1319 433 1345 Xanctonensis
461 1320 590 1346 diocesis
618 1320 818 1353 promulgata
846 1322 937 1351 esset,
970 1319 1109 1345 concedit

106 1370 190 1397 papa
215 1363 318 1390 dictae
342 1363 508 1390 Johannae
533 1364 564 1389 111
589 1364 790 1390 matrimonio
816 1371 887 1389 cum
912 1364 1050 1389 Arnaldo
1076 1363 1112 1389 de

107 1407 213 1434 Monte
250 1407 379 1434 Anserio
416 1408 486 1434 inde
523 1410 686 1434 contracto
723 1408 904 1434 remanendi
941 1407 1111 1434 licentiam.

107 1459 170 1478 non
198 1451 346 1478 obstante
374 1452 468 1478 tertio
497 1453 529 1478 et
557 1454 671 1485 quarto
700 1452 983 1485 consanguinitatis
1012 1451 1110 1484 gradu

105 1496 188 1522 inter
224 1496 401 1529 praedictos
440 1496 627 1522 Gaufridum
664 1498 695 1522 et
733 1496 908 1522 Arnaldum
946 1495 1111 1522 existente.

106 1540 203 1571 (Bm.
222 1540 271 1572 25,
289 1540 310 1566 f.
330 1540 387 1567 204
405 1543 452 1572 v0,
470 1548 520 1566 an.
539 1540 576 1572 V,
595 1548 620 1566 c.
641 1540 722 1573 111.)

155 1633 167 1648 «
183 1619 304 1652 Nobili
322 1620 392 1652 viro
410 1619 563 1652 Arncildo
581 1620 619 1651 (Ie
635 1620 755 1651 ,Μοηίθ
772 1620 918 1651 Anserio
936 1622 963 1651 et
980 1620 1112 1652 ,1011011-

106 1683 158 1710 ne,
192 1673 289 1705 uxori
320 1673 405 1715 ejus,
437 1673 691 1705 Xanctonensis
723 1673 875 1705 diocesis.
909 1673 965 1704 Ex
1011 1676 1111 1715 parte

107 1728 225 1758 vestra
260 1745 315 1758 —.
354 1726 437 1758 Dat.
476 1726 645 1767 Anagnie,
684 1726 733 1758 VI
771 1726 849 1758 idus
886 1726 979 1763 maii,
1018 1736 1110 1758 anno

108 1779 244 1821 quinto.
270 1792 282 1807 »

185 1948 274 1974 28⁷3
658 1948 792 1982 Anagni,
817 1949 832 1974 7
856 1948 918 1975 mai
942 1948 1029 1975 1259.

146 2001 296 2035 Magistro
328 2001 496 2035 Radulpho
528 2002 565 2028 de
597 2001 719 2028 Peletot
749 2002 890 2035 indulget
922 2003 957 2028 ut
987 2003 1111 2035 praeter

106 2045 267 2073 ecclesiam
301 2046 330 2072 S.
365 2046 508 2072 Andreae
543 2046 580 2072 de
615 2045 772 2079 Saxt0p1‚
807 2045 1012 2072 Norwieensis
1047 2045 1111 2071 dio-

105 2090 192 2122 cesis,
219 2097 326 2116 curam
355 2090 531 2116 animarum
559 2090 730 2116 habentem
757 2097 852 2123 quam
879 2090 1015 2121 obtinet,
1043 2089 1110 2115 uni-

107 2142 178 2161 cum
196 2134 280 2161 aliud
298 2134 501 2161 ecclesiastim
521 2134 708 2161 beneficium
725 2134 848 2160 etiamsi
866 2135 905 2160 sit
924 2135 1110 2168 personatus

107 2179 156 2205 vel
182 2178 318 2212 dignitas
341 2181 371 2205 et
396 2179 527 2205 similem
567 2186 673 2205 curam
699 2179 826 2210 habeat,
851 2179 984 2212 recipere
1002 2178 1109 2212 possit.

106 2223 202 2256 (stim.
222 2224 270 2255 25,
290 2223 309 2249 f.
329 2223 384 2249 204
404 2227 450 2255 VO,
469 2231 518 2250 an.
539 2223 575 2255 V,
594 2231 619 2249 0.
642 2224 720 2256 112.)

152 2316 165 2331 α
192 2303 363 2344 ΛΙαῃίεΙΓο
392 2303 574 2345 Raclulplzo
603 2303 641 2335 (Ie
671 2303 803 2340 Pelrtol,
834 2304 949 2335 rectori
979 2303 1109 2335 ecclesie

107 2357 226 2389 Sancti
268 2357 403 2388 Andree
444 2357 482 2388 (te
525 2358 640 2398 Satop,
684 2357 914 2388 Norwicensis
956 2357 1107 2388 ‹tim-esis.

105 2409 272 2441 Volentes
307 2409 372 2441 tibi
408 2410 559 2451 gratiam
594 2429 649 2441 ——.
688 2409 771 2441 Dat.
802 2410 972 2451 Anagnie,
1010 2410 1108 2441 1101113

105 2462 199 2500 maii,
229 2472 322 2494 anno
352 2462 488 2504 quinto.
519 2476 531 2491 »

184 2622 273 2648 2874
656 2623 790 2656 Anagni,
814 2623 830 2649 7
854 2623 916 2649 inat
940 2623 1027 2650 1259.

147 2675 302 2710 Episcopo
323 2676 507 2702 Carnotensi
526 2676 694 2710 respondet
715 2677 799 2710 quod
819 2677 967 2710 magister
988 2677 1109 2708 Petrus,

106 2720 342 2747 archidiaconus
372 2720 570 2747 Pissiacensis
598 2720 629 2746 in
658 2721 785 2748 ecelesia
814 2721 1008 2753 Carnotensi‚
1037 2721 1108 2747 inde

105 2765 242 2791 decanus
260 2764 400 2798 ejusdem
418 2765 563 2791 ecclesiae
582 2765 772 2797 nominatus,
792 2773 853 2791 non
871 2767 987 2799 potest,
1006 2765 1108 2798 cujus—

105 2808 178 2835 dam
209 2808 421 2842 indulgentiae
453 2809 479 2835 ei
510 2809 594 2843 prius
626 2816 789 2836 concessae
820 2811 998 2843 praetextu,
1031 2810 1108 2836 duas

106 2852 275 2886 dignitates
297 2853 345 2879 vel
368 2855 553 2887 personatus
575 2853 605 2879 in
627 2853 788 2887 praedicta
810 2854 993 2881 Carnotensi
1015 2854 1109 2881 eccle-

105 2897 150 2924 sia
166 2897 307 2924 retinere.
326 2898 422 2931 (Bm.
441 2898 490 2929 25,
508 2898 527 2924 1.
546 2898 603 2924 204
620 2901 667 2929 v⁰‚
685 2905 734 2924 an.
752 2898 789 2930 V,
807 2906 831 2924 c.
852 2898 932 2932 113.)

136 2988 158 3008 1.
176 2988 266 3014 Saxtop
281 2988 343 3009 dans
358 2989 379 3009 le
394 2990 464 3009 texte
478 2989 552 3014 Satop
567 2989 630 3010 dans
645 2989 668 3010 la
683 2989 808 3015 rubrique.

1268 394 1279 409 «
1304 406 1322 412 ..
1349 381 1503 423 episcopo
1529 382 1739 413 (lm-nolensi.
1766 383 1872 415 Lecta
1897 393 2014 416 coram
2040 386 2139 417 nobis
2165 390 2225 418 tua

1223 437 1346 477 petitio
1386 437 1592 468 continebat
1631 438 1725 478 quod
1766 448 1827 469 nos
1866 438 1948 470 olim
1988 440 2114 471 dilecto
2153 442 2225 473 11110

1223 492 1389 533 magistro
1418 493 1532 529 Petro,
1561 493 1807 524 archidiacono
1835 494 2039 525 Pissiacensi
2060 496 2093 526 in
2121 497 2226 527 eccle-

1221 547 1270 578 sia
1295 547 1510 585 Carnotensi,
1534 558 1594 589 per
1615 551 1752 579 nostras
1773 548 1937 579 (luximus
1958 549 2093 581 litteras
2113 551 2227 582 indul-

1221 603 1375 644 gendum
1416 606 1455 634 ut
1495 604 1638 634 unicum
1678 606 1918 644 personatum,
1959 605 2067 636 etiam
2106 615 2225 637 curaui

1221 658 1419 689 animarum
1458 658 1659 695 habentem,
1700 661 1817 699 posset
1854 659 1960 690 libere
1999 660 2159 701 recipere,
2199 662 2225 691 si

1221 714 1286 745 sibi
1320 713 1485 745 canonice
1521 713 1718 749 offerretur,
1753 716 1788 744 et
1822 724 1901 745 cum
1936 714 2224 747 archidiaconatu

1222 769 1428 801 Pissiacensi
1449 768 1542 800 licite
1564 768 1723 799 retinere.
1748 769 1876 800 Verum
1898 779 1977 800 eum
2000 770 2091 801 idem
2114 770 2225 801 archi-

1222 825 1390 856 diaconus
1430 833 1542 865 nuper
1580 826 1784 865 assumptus
1832 824 1935 855 fuerit
1977 825 2009 855 in
2051 825 2223 857 decanum

1221 881 1380 921 ejusdem
1405 878 1545 911 ecclesie
1573 879 1807 913 CarnotensiS,
1836 889 1898 910 nos
1924 879 2101 911 consulere
2127 890 2225 911 cura-

1222 935 1304 966 visti
1324 937 1357 966 et
1379 944 1440 976 per
1459 936 1597 965 nostras
1618 933 1773 975 petivisti
1795 934 1931 965 litteras
1951 935 2086 965 edoceri
2108 938 2226 967 utrum

1221 990 1313 1021 idem
1336 989 1505 1030 magister
1526 999 1587 1030 per
1607 989 1866 1029 indulgentiam
1889 989 2092 1029 hujusmodi
2114 990 2222 1031 possit

1222 1046 1435 1076 decanatum
1469 1054 1549 1075 cum
1583 1044 1871 1075 archidiaconatu
1906 1044 1939 1074 in
1974 1044 2048 1085 ipsa
2082 1044 2225 1076 ecclesia

1222 1100 1382 1132 retinere.
1428 1099 1500 1130 Nos
1544 1099 1664 1140 itaque
1708 1099 1960 1130 consultationi
2007 1101 2063 1131 tue
2107 1099 2226 1131 taliter

1223 1155 1474 1196 respondemus
1498 1156 1602 1194 teque
1626 1153 1711 1185 seire
1734 1154 1899 1185 volumus
1922 1157 1957 1185 et
1982 1157 2097 1185 tenere
2131 1155 2225 1196 quod

1221 1209 1428 1241 intentionis
1464 1212 1581 1240 nostre
1617 1219 1686 1240 non
1721 1209 1841 1240 extitit
1878 1219 1939 1240 nec
1975 1209 2095 1240 existit
2131 1210 2224 1251 quod

1221 1265 1304 1308 ipse,
1339 1264 1555 1305 indulgentie
1589 1265 1744 1305 predicte
1778 1267 1953 1305 pretextu,
1988 1265 2106 1296 valeat
2139 1265 2226 1297 duas

1222 1320 1413 1361 dignitates
1443 1320 1497 1351 vel
1528 1322 1737 1361 personatus
1766 1320 1800 1350 in
1832 1320 1988 1361 predicta
2019 1320 2225 1351 Carnotensi

1220 1375 1362 1407 ecclesia
1405 1375 1564 1406 retinere.
1606 1375 1688 1406 Dat.
1731 1375 1899 1415 Anagnie,
1945 1375 1977 1405 II
2019 1375 2088 1406 kal.
2130 1375 2222 1412 maii,

1220 1441 1312 1462 anno
1337 1430 1473 1472 quinto.
1499 1443 1511 1458 »

1299 1607 1389 1633 2875
1753 1608 1886 1640 Anagni,
1912 1607 1947 1633 10
1970 1607 2032 1633 mai
2056 1607 2141 1633 1259.

1260 1661 1466 1691 Demetrium,
1486 1660 1671 1686 canonicum
1691 1660 1718 1686 S.
1740 1661 1835 1686 Marci
1854 1661 1891 1686 de
1911 1660 2005 1691 Urbe,
2025 1659 2064 1686 ad
2083 1659 2223 1685 officium

1217 1705 1399 1738 scriptoriae
1427 1705 1595 1737 omniaque
1624 1705 1776 1730 beneficia
1806 1704 2014 1730 ecelesiastica
2043 1704 2080 1730 de
2108 1703 2221 1737 quibus

1217 1749 1360 1782 privatus
1387 1749 1499 1780 fuerat,
1526 1748 1674 1775 restituit.
1702 1749 1799 1781 (Rea.
1828 1749 1876 1780 25,
1902 1749 1922 1775 f.
1950 1748 2007 1774 204
2035 1752 2081 1780 v⁰‚
2108 1755 2157 1774 an.
2185 1747 2221 1779 V,

1218 1801 1242 1819 c.
1267 1793 1347 1826 114.)

1263 1906 1275 1922 «
1301 1894 1469 1926 Demetrio
1488 1895 1510 1931 1,
1559 1894 1715 1936 scriptori
1762 1896 1883 1932 nostro,
1915 1893 2075 1925 curionico
2105 1893 2222 1925 Sancti

1218 1949 1332 1980 Marci
1361 1949 1400 1980 (Ie
1432 1949 1531 1981 Urbe.
1562 1951 1649 1981 Cum
1678 1950 1760 1981 olim
1789 1949 1824 1981 in
1853 1949 2016 1991 captione
2045 1948 2218 1985 Fulconis‚

1218 2005 1292 2036 nati
1313 2005 1439 2036 nobilis
1458 2005 1524 2036 viri
1545 2005 1728 2036 Gerardini
1747 2005 1897 2041 comitis,
1918 2004 2004 2036 civis
2022 2003 2221 2035 Bononien-

1217 2060 1272 2096 sis,
1305 2060 1489 2091 existentis
1520 2060 1614 2101 apud
1647 2060 1771 2091 Sedem
1803 2059 2054 2101 Apostfflicam,
2087 2069 2149 2100 pro
2180 2068 2219 2089 eo

1217 2116 1311 2156 quod
1352 2115 1481 2146 Paulus
1522 2115 1702 2152 Demetrii,
1734 2118 1891 2157 vpatruus
1930 2117 2023 2151 tuus,
2062 2113 2219 2145 Bononie

1217 2171 1382 2202 detentus
1406 2171 1531 2206 fuerat,
1557 2170 1770 2211 deliquisses,
1796 2169 1913 2201 officio
1937 2169 2117 2211 seriptorie
2142 2179 2219 2199 nos-

1218 2229 1267 2257 tre
1314 2235 1352 2256 3(-
1399 2226 1563 2257 omnibus
1610 2225 1789 2256 beneficiis
1834 2224 2076 2256 ecclesiasticis
2122 2224 2218 2255 fuisti

1217 2283 1386 2322 perpetuo
1423 2280 1636 2312 auctoritate
1674 2283 1792 2312 nostra
1830 2280 2000 2321 privatus,
2039 2279 2097 2311 sed
2135 2279 2217 2320 quia

1215 2346 1319 2377 super
1364 2336 1428 2367 hoc
1474 2336 1703 2377 postmodum
1750 2339 1783 2367 te
1833 2346 1893 2377 per
1937 2335 2217 2367 satisfactionem

1215 2400 1404 2432 congruam
1426 2391 1618 2427 correxisti,
1640 2401 1712 2427 nos,
1735 2391 1961 2422 attendentes
1982 2390 2077 2432 quod
2102 2399 2218 2421 exces—

1215 2457 1291 2478 sum
1325 2446 1527 2488 hujusmodi
1559 2446 1675 2487 justus
1706 2446 1770 2477 tihi
1804 2445 2068 2487 quodammodo
2101 2444 2217 2486 patrui

1216 2502 1314 2533 dolor
1345 2501 1508 2543 quamvis
1539 2501 1670 2542 injuste
1702 2501 1883 2542 suggessit,
1916 2503 1951 2532 10
1983 2501 2027 2532 ad
2059 2500 2216 2542 predicta

1215 2557 1373 2588 0111010111
1403 2559 1438 2588 et
1470 2556 1651 2593 beneficia,
1683 2566 1817 2588 necnon
1848 2557 1891 2587 ad
1923 2556 2055 2587 famam
2084 2555 2217 2596 integre

1214 2612 1444 2648 restituimus,
1473 2611 1507 2642 id
1536 2612 1636 2643 nobis
1663 2611 1900 2643 humanitatis
1926 2610 2111 2642 clementia
2139 2620 2216 2641 sua-

1216 2667 1331 2703 dente,
1362 2667 1395 2697 in
1425 2666 1525 2707 cujus
1554 2667 1787 2698 restitutionis
1816 2666 2031 2698 evidentiam
2062 2666 2123 2696 has
2153 2664 2215 2695 tihi

1215 2722 1380 2753 duximus
1413 2722 1549 2753 litteras
1579 2722 1821 2753 concedendas
1853 2721 1980 2762 quibus
2011 2723 2110 2751 tutus
2144 2719 2217 2750 uul-

1214 2778 1287 2809 lum
1317 2777 1358 2808 de
1387 2777 1585 2818 privatione
1614 2777 1770 2818 predicta
1799 2777 1833 2807 in
1862 2779 2041 2818 posterum
2071 2774 2215 2816 patiaris

1215 2833 1406 2874 objectum.
1448 2832 1531 2864 Dat.
1572 2832 1740 2873 Anagnie,
1783 2832 1830 2862 VI
1871 2832 1948 2862 idus
1988 2830 2080 2866 maii,
2122 2839 2213 2861 anno

1214 2888 1350 2930 quinto.
1379 2900 1391 2916 υ

1246 2990 1267 3009 1.
1286 2990 1347 3014 neg.
1363 2995 1369 3010 :
1383 2990 1511 3010 Dometrio.
