2477 3512
967 281 1172 320 SIXIEME
1197 281 1364 320 ANNEE
2161 290 2223 323 117

107 394 312 436 episcopum
330 396 365 425 et
383 394 580 436 capitulum
599 403 703 435 super
720 394 863 425 ecclesia
883 394 924 425 de
944 393 1112 425 W'albeke

108 447 152 478 ad
178 447 374 488 predictam
400 446 581 478 ecclesiam
606 448 762 477 vestram
789 446 890 488 pleno
915 446 991 487 jure
1016 455 1113 487 spec-

107 501 207 530 tante
241 502 318 531 orta
351 501 453 535 esset,
487 508 532 530 ex
564 499 686 535 altera,
722 499 870 530 materia
905 497 1110 539 questionis,

106 552 251 583 tandem
269 552 354 583 dicti
371 551 556 593 episcopus
571 554 607 583 et
623 552 831 593 capitulum,
849 551 1112 583 considerantes

106 604 201 644 quod
230 604 354 636 eadem
383 604 527 636 ecclesia
557 604 599 635 de
628 604 809 641 XValbeke,
841 614 902 645 per
930 602 1111 645 privilegia

106 656 204 688 Sedis
226 656 427 698 Apostolice
451 657 542 689 dicte
565 657 706 688 ecclesie
729 659 845 688 vestre
867 665 1042 692 concessa,
1066 656 1110 686 ab

105 708 261 750 ipsorum
287 712 363 741 erat
388 710 632 750 jurisdictione
659 719 800 752 prorsus
825 711 1002 751 exempta,
1030 718 1114 740 cun-

103 761 183 793 fessi
213 762 358 794 fuerunt
385 762 419 793 in
449 763 607 804 predicta
636 763 779 794 ecclesia
809 763 850 793 de
880 761 1047 793 Walbeke
1076 760 1109 792 in

107 815 362 856 temporalibus
389 818 424 847 et
450 815 692 857 spiritualibus
718 818 779 846 aut
807 814 1033 846 institutione
1056 811 1110 845 vcl

104 868 338 900 destitutione
382 868 552 910 prepositi
595 867 753 909 ejusdem
798 877 832 899 se
878 867 982 899 nichil
1027 867 1113 908 juris

102 921 242 958 habere,
276 924 382 963 prout
413 921 448 952 in
479 920 607 952 litteris
637 921 718 952 inde
744 920 925 957 confectis,
951 920 1111 962 sigillatis

100 973 221 1015 sigillis
246 974 437 1005 eorundem
462 973 616 1016 episcopi
641 976 677 1005 et
701 974 859 1016 capituli,
878 973 1013 1016 plenius
1030 984 1111 1005 con-

101 1026 246 1058 tinetur.
275 1027 347 1058 Nos
372 1026 493 1068 itaque
518 1026 644 1058 vestris
669 1027 988 1069 supplicationibus
1013 1027 1109 1058 incli-

100 1080 186 1116 nati,
212 1080 306 1121 quod
330 1090 435 1121 super
458 1080 522 1111 hiis
546 1080 590 1111 ab
614 1080 745 1111 eisdem
769 1080 932 1122 episcopo
956 1083 992 1111 et
1015 1080 1109 1122 capi-

100 1133 175 1177 tulo
193 1133 338 1174 provide
355 1133 491 1165 factum
507 1136 561 1164 est
577 1136 695 1165 ratum
712 1136 745 1164 et
765 1133 907 1165 firmum
925 1132 1107 1170 habentes,

99 1185 134 1217 id
156 1186 370 1218 auctoritate
391 1186 585 1228 apostolica
606 1186 859 1218 confirmamus
880 1189 915 1217 et
936 1186 1107 1228 presentis

98 1238 219 1281 scripti
257 1239 453 1281 patrocinio
490 1239 762 1275 communimus,
800 1242 959 1271 tenorem
996 1240 1107 1271 litter-

97 1302 175 1324 rum
208 1292 365 1334 ipsarum
400 1293 442 1324 de
475 1293 584 1324 verbo
619 1293 662 1324 ad
698 1293 847 1324 verbum
883 1293 1105 1334 presentibus

98 1345 201 1376 inseri
226 1345 396 1377 facientes
421 1346 479 1387 qni
506 1345 586 1377 talis
610 1348 662 1377 est
689 1357 696 1377 :

446 1450 648 1483 Halberstad,
671 1451 710 1477 30
733 1451 910 1485 septembre
936 1451 1022 1477 1259.

142 1520 156 1536 «
181 1508 366 1545 Volradus,
395 1508 459 1540 Dei
485 1508 598 1550 gratia
627 1509 937 1540 Halberstadensis
963 1509 1105 1541 ecclesie

102 1573 113 1588 (ι
125 1560 320 1603 episcopus,
339 1561 566 1593 Hermannus
580 1561 792 1603 prepositus,
810 1562 989 1593 Wibertus
1005 1562 1106 1594 deca-

97 1624 190 1646 «nus
217 1617 407 1656 totumque
435 1614 595 1656 ejusdem
623 1615 765 1647 ecclesie
793 1615 1002 1657 capitulum,
1031 1625 1105 1647 om-

97 1679 109 1695 «
124 1667 227 1699 nibus
246 1667 281 1698 in
301 1670 524 1710 perpetuum.
546 1668 694 1710 Propter
712 1667 900 1700 variabiles
919 1668 1104 1700 hominum

96 1720 339 1757 «voluntates,
380 1720 551 1763 presentis
589 1721 758 1763 temporis
798 1721 941 1753 brevem
978 1721 1103 1758 vitam,

95 1775 158 1804 «et
204 1773 367 1816 precipue
408 1776 552 1816 propter
592 1774 806 1806 oblivionem
848 1784 926 1816 que,
969 1775 1105 1806 ratione

97 1826 359 1868 «corruptionis
389 1829 515 1858 nature
544 1827 708 1864 humane,
738 1827 909 1859 virtutem
939 1828 1105 1859 memorie

95 1879 339 1917 «obscuravit,
368 1890 471 1922 opere
498 1880 651 1922 pretium
678 1883 731 1912 est
757 1890 808 1917 ea,
837 1890 904 1922 que
931 1883 1103 1923 perpetuo

95 1932 375 1964 «inviolabiliter
396 1933 575 1965 observari
599 1933 740 1971 debent,
765 1933 921 1965 roborari
944 1934 1104 1966 testimo-

95 1986 180 2017 «nio
222 1985 479 2028 scripturarum
522 1989 572 2024 ut,
615 1986 948 2029 supervenientibus
990 1987 1102 2024 novis,

95 2051 108 2067 (ι
122 2039 310 2080 preterrita
327 2042 513 2081 tamquam
529 2039 706 2081 presentia
722 2043 992 2081 cognoscantur.
1011 2040 1103 2072 Hinc

95 2094 175 2124 «est
203 2093 298 2134 quod
328 2095 454 2124 notum
481 2102 555 2124 esse
583 2093 748 2125 volumus
776 2096 851 2125 tam
879 2094 1103 2135 presentibus

94 2155 230 2187 «quam
260 2145 390 2177 futuris
420 2146 526 2188 quod,
558 2156 639 2178 cum
669 2146 719 2178 ita
749 2146 873 2178 fuisset
903 2146 1103 2188 antiquitus

95 2199 352 2230 «observatum
389 2202 428 2230 ut
462 2200 648 2242 episcopus
683 2200 1005 2237 Halberstadensis,
1042 2201 1103 2242 qui

94 2261 184 2293 «pro
207 2254 365 2294 tempore
388 2252 519 2290 extitit,
543 2253 579 2284 in
601 2253 708 2285 ramis
731 2253 935 2285 Palmarum
958 2253 1102 2286 veniens

95 2305 166 2336 «ad
206 2305 460 2337 monasterium
499 2306 809 2348 Quidelingeburg,
848 2307 892 2338 ad
931 2307 1104 2348 amplian-

95 2359 208 2390 «dum
243 2358 379 2390 cultum
415 2359 480 2390 Dei
515 2359 559 2390 ob
594 2359 830 2391 reverentiam
866 2359 933 2392 diei
968 2363 1101 2398 sancte,

94 2411 199 2443 «licet
230 2421 396 2443 numerus
416 2412 643 2443 evectionum
673 2412 798 2444 fuisset
823 2412 888 2444 sibi
910 2413 1102 2454 aliquando

95 2474 184 2506 «per
219 2465 457 2497 venerabilem
494 2465 707 2502 Conradum‚
746 2466 978 2498 Portuensem
1014 2467 1103 2508 epis-

94 2526 261 2558 «copum,
294 2520 379 2549 tunc
409 2517 566 2559 legatum
597 2518 695 2550 Sedis
725 2519 938 2561 Apostolice,
971 2520 1101 2551 consti-

94 2582 107 2598 «
122 2572 233 2607 tutus,
259 2573 379 2602 tamen
403 2581 464 2613 per
488 2571 621 2603 nobiles
644 2574 746 2608 terre,
771 2572 900 2604 milites
923 2575 959 2604 et
984 2573 1100 2614 plures

93 2623 217 2660 «alios,
250 2624 309 2665 qui
341 2624 384 2655 ad
416 2625 717 2666 sollempnitatem
748 2625 854 2666 huJ'us
885 2625 988 2667 d[i]ei
1019 2635 1100 2657 con-

94 2675 293 2713 «fluebant,
319 2677 458 2709 (lictum
483 2678 737 2709 monasterium
762 2678 953 2720 plurimum
977 2687 1102 2720 grava-

94 2728 250 2767 «batur;
275 2730 360 2762 item
385 2731 479 2772 quod
502 2731 537 2762 in
561 2731 652 2763 festo
677 2731 939 2763 Purificationis
962 2734 1099 2774 septem

95 2782 266 2815 «candele
291 2786 409 2815 nostre
433 2784 613 2816 dabantur
636 2784 788 2821 ecclesie,
813 2784 903 2816 ferto
927 2785 1014 2822 auri,
1040 2786 1099 2827 qui

95 2834 282 2867 «similiter
308 2839 425 2868 nostre
451 2836 592 2869 ecclesie
618 2847 637 2869 a
663 2837 737 2878 jam
763 2837 858 2870 dicto
885 2838 1099 2871 monasterio

95 2888 343 2921 «tradebatur.
369 2889 457 2929 Quia
481 2890 543 2921 hec
566 2890 684 2922 omnia
708 2891 922 2923 monasterio
947 2891 1100 2931 Quideli-

95 2941 248 2981 «geherg
277 2942 473 2984 dampnosa
502 2943 656 2980 fuerunt,
686 2953 726 2975 eo
756 2944 850 2985 quod
880 2943 914 2975 in
943 2944 1098 2986 prejudi-

97 2993 217 3025 «cium
250 2994 424 3027 libertatis
457 2996 661 3028 monasterii
695 2996 770 3029 lieri
804 2996 1029 3035 videbantur,
1063 3000 1099 3029 et

1221 393 1388 425 «ecclesie
1422 396 1539 426 nostre
1573 394 1738 426 utilitatis
1770 395 1948 427 modicum
1981 397 2221 433 conferebant,

1220 446 1296 477 «ita
1324 447 1489 478 duximus
1508 447 1549 478 de
1570 446 1799 488 prudentium
1819 447 1986 485 virorum,
2008 449 2221 485 clericorum,

1220 499 1427 536 «laicorum,
1452 499 1734 531 ministerialium
1757 500 1940 541 utriusque
1963 500 2102 532 ecclesie
2129 501 2223 542 [con-

1221 551 1339 593 «siliol
1365 552 1602 584 ordinandum
1628 555 1677 589 ut,
1704 553 1853 594 receptis
1877 562 1896 584 a
1922 553 2059 594 prefato
2085 563 2222 585 monas-

1219 605 1335 636 «terio
1370 605 1530 637 ducentis
1564 606 1689 637 marcis
1724 606 2033 638 Halberstadensis
2074 606 2221 647 argenti,

1220 658 1485 690 «relaxavimus
1519 659 1636 690 omnia
1672 659 1886 700 supradicta,
1924 669 1986 690 nos
2020 661 2053 690 et
2089 668 2223 690 succes-

1220 721 1340 743 «sores
1364 714 1502 743 nostros
1526 714 1645 743 tenore
1670 712 1885 753 presentium
1909 712 2105 753 obligantes
2128 711 2222 752 quod

1220 774 1308 795 «nec
1339 764 1406 805 jus,
1440 774 1501 796 ncc
1532 765 1836 801 consuetudinem,
1870 774 1931 796 nec
1963 764 2095 805 aliquid
2127 764 2222 796 aliud

1219 829 1231 845 «
1247 827 1458 858 quocunque
1486 817 1626 848 nomine
1653 817 1822 859 appellari
1850 817 1971 858 possit,
1999 819 2122 849 contra
2150 827 2224 849 mo-

1219 882 1231 898 «
1247 870 1440 902 nasterium
1487 870 1706 911 sepedictum
1752 880 1856 911 super
1902 870 2106 910 hujusmodi
2154 870 2223 901 ullo

1218 935 1229 950 υ
1246 933 1405 964 unquam
1445 925 1603 964 tempore
1642 923 1871 964 allegabunt;
1911 923 2075 954 omnibus
2113 923 2222 955 etiam

1217 976 1512 1017 «exceptionibus
1533 985 1600 1016 que
1620 975 1710 1007 circa
1731 979 1889 1007 tenorem
1910 976 2081 1017 presentis
2100 975 2221 1017 scripti

1216 1028 1323 1059 «oriri
1351 1031 1504 1070 possent,
1532 1028 1776 1060 renuntiantes
1803 1029 1943 1070 penitus
1968 1031 2004 1059 et
2029 1028 2063 1059 in
2092 1030 2220 1060 totum.

1215 1081 1424 1113 «Adicimus
1450 1084 1608 1122 preterea
1635 1082 1677 1112 de
1703 1082 1848 1113 cenobio
1876 1080 2055 1117 Walbeke,
2083 1081 2125 1112 de
2151 1091 2220 1122 quo

1214 1135 1433 1176 «aliquando
1479 1134 1571 1165 inter
1615 1135 1838 1166 antedictum
1884 1134 2139 1166 monasterium
2185 1136 2220 1165 et

1214 1187 1422 1219 «ecclesiam
1452 1190 1609 1218 nostram
1638 1190 1714 1218 orta
1744 1188 1860 1218 suerat
1889 1187 2037 1219 materia
2066 1187 2220 1227 questio-

1213 1239 1304 1276 «nis,
1326 1240 1420 1281 quod
1440 1240 1474 1271 in
1493 1240 1618 1272 eodem
1636 1240 1796 1277 cenobio,
1818 1250 1879 1271 nec
1899 1240 1933 1271 in
1953 1239 2219 1281 temporalibus,

1213 1302 1302 1324 «nec
1331 1293 1366 1323 in
1395 1292 1649 1334 spiritualibus,
1681 1303 1742 1325 nec
1771 1293 1806 1324 in
1836 1292 2004 1335 prepositi
2034 1292 2099 1324 loci
2128 1292 2219 1323 illius

1213 1345 1464 1377 «institutione
1498 1348 1561 1377 aut
1595 1346 1827 1378 destitutione
1861 1345 1962 1377 nobis
1996 1344 2100 1377 nichil
2132 1344 2220 1386 juris

1212 1398 1381 1440 «penitus
1403 1398 1552 1430 dicimus
1574 1401 1637 1430 aut
1659 1399 1826 1435 dicemus,
1850 1408 1911 1430 nec
1933 1398 2043 1430 etiam
2064 1397 2220 1440 preposi—

1212 1453 1297 1483 «tus
1333 1451 1451 1483 venire
1487 1452 1531 1483 ad
1567 1452 1745 1493 synodum
1781 1452 2006 1493 aliquatenus
2042 1453 2218 1487 teneatur,

1213 1504 1324 1546 «quia
1367 1504 1401 1536 in
1444 1505 1633 1546 privilegiis
1675 1504 1880 1536 monasterii
1922 1504 2220 1546 Quidelingeburg

1214 1557 1441 1589 «invenimus
1462 1558 1648 1589 cenobium
1670 1558 1838 1589 Walbeke
1860 1558 1904 1589 ad
1926 1558 1988 1589 hec
2010 1557 2127 1589 omnia
2150 1567 2219 1589 non

1214 1610 1362 1647 «teneri,
1390 1611 1450 1642 sed
1478 1611 1732 1643 monasterium
1760 1611 2058 1652 Quidelingeburg
2082 1610 2117 1642 in
2144 1619 2220 1652 pre-

1213 1676 1224 1691 «
1240 1663 1315 1694 fato
1358 1662 1572 1695 monasterio
1615 1664 1794 1700 Walbeke,
1838 1663 2141 1705 quemadmodum
2184 1662 2220 1694 in

1213 1716 1387 1748 «cenobio
1415 1717 1543 1748 Sancte
1570 1716 1678 1748 Marie
1710 1716 1841 1748 ordinis
1873 1716 1994 1748 Sancti
2022 1715 2218 1752 Benedicti,

1212 1769 1274 1801 «in
1296 1770 1428 1806 Monte,
1452 1770 1572 1801 Sancti
1595 1769 1800 1805 Wichberti‚
1823 1769 1954 1801 ordinis
1969 1769 2071 1801 Beati
2083 1769 2220 1810 Augus-

1212 1823 1316 1860 «tini,
1347 1825 1382 1854 et
1412 1823 1446 1854 in
1478 1823 1730 1859 Wonethusen,
1763 1823 1865 1864 pleno
1894 1822 1970 1863 jure
2000 1822 2155 1863 gaudeat
2183 1824 2219 1853 et

1213 1888 1225 1904 «
1240 1876 1445 1907 omnimoda
1460 1876 1636 1913 libertate,
1656 1876 1719 1907 hoc
1737 1875 1908 1916 adjuncto
1925 1875 2019 1916 quod
2038 1875 2220 1917 parrochie

1212 1929 1320 1961 «ville
1348 1929 1518 1961 Walbeke
1546 1929 1758 1971 prepositus,
1787 1928 1863 1965 loci,
1887 1928 1947 1969 qui
1972 1937 2034 1970 pro
2060 1930 2219 1970 tempore

1212 1995 1224 2010 «
1240 1982 1357 2020 fuerit,
1383 1982 1604 2014 sacerdotem
1630 1981 1788 2024 preficiet
1814 1981 1875 2024 qui
1900 1981 1945 2013 ab
1971 1981 2218 2013 archidiacono

1211 2048 1223 2064 «
1239 2036 1305 2067 loci
1331 2045 1452 2067 curam
1479 2035 1624 2077 recipiet
1651 2035 1862 2067 animarum.
1891 2034 2009 2075 Hujus
2035 2034 2084 2066 rei
2111 2036 2219 2066 testes

1212 2101 1224 2117 «
1239 2091 1323 2120 sunt
1362 2089 1589 2120 Hermannus
1626 2088 1837 2130 prepositus,
1858 2086 2078 2119 Wiclectus¹
2115 2087 2217 2119 deca-

1212 2151 1317 2178 «nus,
1346 2141 1574 2173 Burchardus
1603 2141 1856 2177 vicedominus,
1888 2140 1983 2173 Cono
2007 2140 2049 2172 de
2072 2139 2216 2177 Diesolt,

1211 2195 1451 2236 «Rodulphus
1482 2194 1716 2237 portenarius,
1749 2193 1923 2226 Volradus
1954 2194 1995 2225 de
2033 2192 2216 2234 Kireberg,

1212 2261 1224 2276 «
1241 2248 1414 2288 Querinus
1432 2247 1446 2267 ²
1469 2248 1669 2290 prepositus
1693 2247 1813 2279 Sancti
1835 2246 2017 2283 Bonifatii,
2044 2246 2217 2278 Henricus

1211 2314 1223 2329 «
1239 2302 1281 2333 de
1304 2301 1516 2343 Regensten,
1542 2300 1774 2332 Widekindus
1789 2301 1832 2332 de
1849 2300 2056 2342 Nivenburg
2073 2299 2096 2337 ⁸,
2122 2299 2217 2331 Hen-

1210 2355 1329 2386 «ricus
1357 2355 1399 2386 de
1429 2354 1628 2396 Drondorp,
1659 2354 1886 2386 Hermannus
1913 2353 2129 2390 scolasticus,
2158 2352 2217 2384 Al-

1209 2408 1358 2439 «bertus
1386 2408 1428 2439 de
1456 2408 1672 2449 Aldenburg,
1699 2407 1888 2439 Bertoldus
1909 2407 1951 2438 de
1976 2406 2214 2447 Clectenberg,

1208 2461 1432 2493 «Cristianus
1460 2461 1501 2492 de
1530 2461 1705 2501 Scalberg‚
1736 2460 1972 2497 Hermannus,
2002 2459 2118 2496 Hodo,
2148 2459 2216 2491 Lu-

1208 2527 1220 2543 «
1237 2515 1383 2556 degerus
1405 2514 1518 2551 Struz,
1543 2514 1746 2546 Guntherus
1767 2514 1809 2545 de
1830 2513 2063 2549 Mannesvelt,
2086 2512 2215 2544 Ludol-

1209 2581 1221 2597 «
1236 2569 1292 2600 fus
1311 2569 1353 2600 de
1374 2568 1509 2604 Dalem,
1532 2568 1618 2600 Otto
1639 2567 1838 2610 prepositus
1858 2566 2085 2603 Wallebicon‚
2106 2566 2213 2598 Arino

1209 2622 1279 2654 «de
1299 2622 1519 2663 Heymburg,
1540 2620 1797 2652 Withmatinus
1816 2621 1858 2652 de
1876 2620 2040 2656 Barbuic,
2062 2620 2214 2651 Heiden-

1208 2675 1326 2707 «ricus
1354 2675 1397 2706 de
1425 2675 1637 2711 Schartvelt,
1668 2673 1874 2706 Heidericus
1901 2674 1943 2705 de
1971 2673 2210 2713 Tangenberg,

1205 2731 1351 2760 «nostre
1388 2728 1532 2770 majoris
1567 2727 1708 2760 ecclesie
1744 2727 1914 2759 canonici.
1952 2726 2046 2757 Laici
2082 2735 2165 2756 vero
2200 2735 2208 2756 t

1205 2781 1431 2813 «Fridericus
1467 2791 1583 2813 comes
1619 2781 1661 2812 de
1700 2781 1867 2821 lx'irberge
1886 2779 1909 2816 ⁴,
1948 2780 2132 2811 Wernerus
2168 2779 2210 2811 de

1279 2904 1448 2924 Romznmzno
1462 2910 1468 2924 :
1486 2904 1613 2925 Wickems.

1280 2939 1316 2960 Id.
1332 2945 1338 2959 :
1354 2938 1481 2959 Everlnus.

1280 2974 1316 2995 Id.
1334 2981 1338 2995 :
1355 2974 1500 2999 Nivenbero.

1279 3009 1314 3030 Id.
1331 3015 1336 3030 ε
1351 3009 1477 3034 Klrcberu.

1235 2904 1260 3030 :5⁵50N?
