2477 3512
967 273 1239 320 CINQUIEME
1264 273 1432 311 ANNEE
2214 282 2258 313 83

216 389 304 415 3007
670 388 804 422 Anagni,
828 388 844 415 7
868 395 949 414 mars
974 387 1059 413 1259.

182 443 344 477 Religiosis
377 443 413 468 de
446 442 644 468 Poenitentia
676 441 881 468 Jesu-Christi
912 442 948 467 ut
980 441 1143 473 apostatas

141 489 256 516 ordinis
289 486 569 517 excommunicare,
602 494 722 520 capere,
743 486 847 519 ligare,
867 485 1058 512 incarcerare
1082 485 1142 509 etc.

141 533 273 567 possint,
292 531 440 558 invocato
460 530 486 557 si
504 538 582 564 opus
602 530 695 557 tuerit
714 530 830 557 auxilio
850 529 968 556 brachii
988 527 1144 558 secularis,

141 576 293 604 concedit.
311 576 407 609 (Bm.
425 576 474 606 25,
490 575 511 601 t.
529 575 587 602 230
605 578 650 606 v0,
667 582 716 601 an.
735 575 771 605 V,
789 582 813 601 c.
832 574 913 607 235.)

187 678 199 695 ι
228 691 248 698 ..
279 666 463 707 9enerali,..
492 665 608 697 rectori
637 667 665 696 et
691 664 858 706 fratribus
885 663 924 695 de
953 663 1146 696 I'enitentia

141 719 226 751 Jesu
252 719 389 755 Christi,
414 718 545 750 ordinis
570 717 686 749 Sancti
710 717 912 758 Aayastini.
938 717 1147 748 Devotionis

140 774 255 804 vestre
287 771 448 813 precibus
478 790 532 802 —.
566 771 648 802 Dat.
682 770 851 811 Anagnie,
885 769 985 801 nonis
1017 770 1145 806 martii,

139 834 233 856 anno
256 825 392 866 quinto.
417 837 430 851 v>

217 963 305 988 3008
572 961 706 993 Anagni‚
732 961 767 987 13
791 961 953 988 decembre
979 963 1064 989 1259.

179 1016 306 1042 Cantori
336 1015 481 1042 ecclesiae
511 1014 540 1040 S.
572 1013 694 1040 Paulini
723 1014 920 1041 Treverensis
950 1016 1081 1042 mandat
1111 1018 1145 1043 ut

140 1060 327 1091 Rembaldo,
353 1059 474 1086 cantori
500 1057 645 1084 ecclesiae
671 1058 834 1090 Tu11ensis,
862 1060 969 1093 nepoti
995 1060 1147 1087 Tullensis

138 1104 286 1138 episcopi,
310 1103 459 1130 canonico
487 1102 685 1133 Virdunensi,
713 1103 750 1129 de
778 1103 884 1136 aliqua
911 1104 1064 1137 dignitate
1091 1112 1145 1131 seu

137 1150 308 1182 personatu
338 1147 388 1174 vel
419 1147 523 1174 officio
555 1148 585 1173 in
617 1147 730 1173 diocesi
761 1147 949 1174 Virdunensi
974 1149 1147 1175 secundum

137 1192 365 1220 continentiam
389 1191 567 1218 litterarum
591 1192 629 1217 N.
648 1191 733 1217 tituli
758 1192 786 1218 S.
806 1192 939 1218 Sabinae
966 1193 1149 1226 presbytero

139 1237 300 1268 cardinali,
325 1238 404 1263 tunc
428 1236 461 1262 in
486 1236 630 1269 partibus
657 1236 716 1262 illis
742 1236 779 1262 Α.
807 1236 894 1262 Sedis
920 1236 1034 1269 legato,
1061 1237 1148 1270 prius

138 1282 340 1312 directarum,
361 1280 537 1314 provideat.
560 1280 656 1313 (Rea.
679 1280 727 1312 25,
750 1281 770 1306 f.
793 1280 861 1312 231,
883 1288 933 1307 an.
956 1281 994 1313 V,
1016 1288 1040 1307 c.
1064 1281 1148 1314 236.)

183 1383 197 1399 <t
228 1395 248 1402 ..
280 1370 409 1402 cantori
440 1369 574 1401 ecclesie
605 1369 722 1402 Sancti
754 1369 900 1401 Paulini
935 1370 1148 1401 Treverensis

139 1422 361 1465 Significavit
381 1423 483 1454 nobis
502 1422 651 1454 dilectus
662 1442 717 1454 -—.
736 1423 819 1454 Dat.
839 1423 1010 1464 Anagnie,
1031 1423 1148 1455 idibus

138 1476 344 1508 decembris.
367 1489 379 1504 υ

217 1616 305 1642 3009
590 1617 724 1650 Anagni,
748 1617 765 1643 3
791 1617 954 1643 decembre
979 1617 1065 1643 1259.

180 1670 306 1696 Decano
334 1671 365 1696 et
392 1670 531 1703 capitulo
558 1669 806 1696 Lismorensibus
834 1670 1025 1697 sententiam
1056 1670 1148 1696 Inno-

137 1714 232 1741 centii
251 1721 353 1748 papae
375 1714 423 1740 ΙΙΙ
443 1721 507 1747 qua
526 1721 590 1740 esse
611 1714 840 1741 Lismorensem
860 1714 1021 1741 ecclesiam
1041 1715 1148 1741 cathe-

139 1758 258 1785 dralem
275 1758 437 1789 diffinivit,
455 1758 644 1785 auctoritate
661 1759 834 1792 apostolica
850 1759 1029 1785 confirmat.
1049 1759 1146 1792 (Rea.

141 1803 190 1835 25,
208 1803 229 1828 f.
248 1802 316 1834 231,
335 1809 384 1828 an.
404 1802 440 1834 V,
459 1810 483 1828 c.
503 1802 582 1834 237,
602 1803 773 1828 POTTHAST
793 1803 913 1836 17718.)

186 1904 198 1919 ‹<
230 1916 249 1922 ..
282 1890 406 1922 decano
437 1892 466 1922 et
495 1890 645 1932 capitulo
675 1890 963 1923 Lismorensibus,
996 1891 1049 1923 Ea
1080 1901 1148 1933 que

137 1944 270 1985 judicio
303 1963 358 1975 —.
392 1944 476 1975 Dat.
510 1944 681 1985 Anagnie,
719 1944 773 1975 III
807 1945 908 1976 nonis
941 1945 1147 1981 decembris,

138 2007 231 2029 anno
255 1996 392 2038 quinto.
418 2010 430 2024 »

220 2144 308 2170 3010
592 2146 727 2179 Anagni,
750 2146 767 2171 4
793 2146 956 2173 decembre
981 2147 1067 2173 1259.

179 2197 305 2224 Decano
330 2198 476 2225 ecclcsiae
502 2199 530 2225 S.
557 2199 671 2225 Aniani
696 2199 928 2226 Aurelianensis
955 2200 1084 2226 mandat
1114 2203 1148 2227 ut

142 2242 290 2274 magistro
312 2242 413 2269 Alano
436 2243 473 2269 de
495 2243 653 2275 Meflento,
675 2243 803 2270 officiali
826 2244 1005 2276 Morinensi,
1029 2245 1149 2271 dudum

141 2286 172 2311 in
199 2286 309 2319 maj0ri
334 2287 461 2313 ecclesia
486 2287 653 2314 Morinensi
677 2288 709 2313 in
734 2288 920 2315 canonicum
946 2291 1081 2322 recepto,
1110 2290 1147 2315 de

140 2330 318 2363 praebenda
355 2331 463 2357 debita
498 2331 673 2364 provideat,
709 2332 816 2358 nolens
852 2334 959 2359 tamen
996 2334 1149 2366 magistro

140 2374 280 2400 Dionisio
299 2375 459 2408 capellano
480 2375 515 2402 O.
529 2376 557 2401 S.
571 2375 701 2403 Adriani
722 2376 845 2402 diaconi
864 2377 1041 2408 cardinalis,
1062 2385 1150 2411 prae-

139 2419 292 2452 judicium
322 2419 447 2452 aliquod
476 2427 530 2453 per
558 2420 616 2446 hoc
645 2420 792 2453 generari.
822 2421 919 2453 (Res.
950 2422 998 2453 25,
1029 2423 1049 2448 f.
1080 2423 1150 2454 231,

139 2470 188 2489 an.
209 2463 243 2494 V,
260 2470 285 2488 c.
304 2464 386 2495 238.)

188 2563 201 2579 «
225 2575 244 2583 ..
269 2551 393 2583 decano
417 2551 549 2583 ecclesie
573 2552 690 2584 Sancti
714 2553 850 2585 Aniani
874 2554 1149 2588 Aurelianensis.

144 2603 367 2645 Significavit
411 2605 512 2636 nobis
556 2605 706 2638 dilectus
750 2625 804 2638 fl.
850 2607 933 2639 Dat.
979 2608 1149 2649 Anagnie,

147 2657 178 2688 11
205 2667 316 2688 nonas
341 2657 546 2693 decembris,
573 2668 665 2689 anno
692 2659 828 2700 quinto.
856 2674 867 2688 ι,

591 2807 725 2840 Anagni,
743 2808 781 2835 23
799 2808 963 2835 decembre
982 2809 1069 2835 1259.

183 2859 289 2886 Nobili
316 2859 382 2886 viro
411 2860 569 2892 Mauritio,
597 2861 661 2887 tilio
691 2861 857 2894 Guillclmi,
885 2863 916 2888 et
945 2861 1041 2893 Gilae,
1069 2862 1152 2889 filiae

144 2902 281 2929 Mauritii
303 2903 341 2930 de
363 2903 543 2935 Londoniis,
565 2904 726 2938 dispensat
748 2906 783 2931 ut
804 2905 835 2931 in
857 2905 1058 2933 matrimonio
1080 2912 1152 2932 con-

143 2949 257 2979 tracto,
296 2954 359 2974 non
397 2948 545 2975 obstante
584 2951 697 2982 quarto
736 2949 1019 2982 consanguinitatis
1057 2950 1150 2982 linea,

144 2998 303 3018 remanere
321 2991 453 3025 possint.
474 2993 571 3025 (Rae.
593 2993 642 3025 25,
662 2993 682 3019 f.
704 2993 773 3025 231,
793 3000 843 3020 an.
864 2993 902 3025 V,
921 3000 946 3020 c.
968 2993 1050 3027 239.)

1293 398 1305 413 «
1331 385 1453 417 Nobili
1480 385 1551 417 viro
1578 386 1761 423 Mamilio,
1789 386 1865 427 filio
1899 387 2083 424 Guillelmi,
2112 390 2139 419 et
2173 388 2256 427 Gile,

1195 452 1196 462 π
1246 438 1322 479 filie
1344 438 1511 470 Mauritii
1533 438 1572 470 de
1593 438 1795 475 Londoniis,
1820 439 1917 471 uoeori
1940 440 2023 480 ejus,
2049 441 2257 472 Ossoriensis

1247 491 1402 523 diocesis.
1424 491 1566 523 Intenta
1584 491 1709 523 salutis
1726 492 1891 533 operibus
1907 511 1962 523 —.
1982 493 2065 524 Dat.
2085 494 2257 531 Anagnia

1253 544 1286 575 X
1309 544 1378 576 kal.
1400 544 1565 584 januarii,
1589 554 1682 575 anno
1705 544 1843 585 quinto.
1868 557 1880 573 n

1334 702 1423 728 3012
1722 702 1857 735 Anagni,
1882 702 1916 728 11
1941 703 2068 729 octobre
2092 703 2178 730 1259.

1296 756 1409 783 Omnia
1433 756 1473 782 ab
1498 755 1534 782 O.
1560 755 1749 786 Tusculano,
1775 754 1804 781 S.
1831 755 2012 781 Penestrino
2037 756 2199 790 episcopis,
2224 764 2260 783 ac

1258 801 1295 826 R.
1317 800 1346 827 S.
1368 800 1478 833 Angeli
1498 800 1628 826 diacono
1649 799 1859 825 cardinalibus
1879 799 1974 831 facta,
1995 800 2048 833 qui
2069 801 2259 827 auctoritate

1256 844 1428 878 apostolica
1445 845 1654 878 spontaneam
1673 843 1911 876 Ratisponensis
1929 844 2074 870 ecclesiae
2091 844 2259 871 cessionem

1258 889 1297 916 ab
1313 888 1454 920 Alberto‚
1470 888 1615 922 episcopo
1631 887 1782 920 ejusdem,
1809 887 2038 921 pontificalium
2054 895 2112 914 usu
2127 890 2260 920 retento,

1257 934 1440 967 receperant
1463 932 1553 966 eique
1576 931 1787 965 provisionem
1811 931 1842 957 in
1867 931 2025 958 beneficiis
2049 932 2262 959 ecclesiasticis

1258 978 1290 1004 et
1311 977 1343 1003 in
1365 976 1454 1003 bonis
1476 975 1761 1009 Ratisponensibus
1784 976 1889 1009 quoad
1911 975 2025 1002 vixerit
2047 979 2263 1004 concesserant

1257 1021 1437 1052 confirmat,
1468 1020 1625 1047 dictorum
1656 1020 1863 1046 cardinalium
1893 1020 2071 1046 litterarum
2105 1020 2171 1046 1111
2201 1021 2262 1048 kal.

1256 1066 1394 1092 octobris
1430 1065 1506 1091 1259
1541 1064 1688 1091 datarum
1723 1065 1865 1090 tenorem
1899 1063 2045 1090 inserens.
2081 1064 2177 1097 (Rsso.
2213 1066 2263 1097 25,

1254 1111 1276 1137 t.
1295 1110 1364 1142 231,
1382 1117 1432 1136 an.
1452 1109 1489 1140 V,
1506 1116 1531 1135 c.
1550 1108 1630 1139 2403
1650 1108 1873 1140 RODENBERG,
1890 1110 1914 1134 t.
1936 1108 1995 1140 ΙΙΙ,
2013 1112 2049 1134 n⁰
2066 1109 2148 1142 499.)

1300 1211 1312 1225 «
1340 1197 1487 1234 Athene,
1517 1197 1674 1238 episcopo
1702 1196 1872 1237 quondam
1900 1196 2156 1237 Ratisponensi.
2187 1197 2261 1236 Que

1254 1252 1297 1283 de
1326 1251 1497 1282 mandato
1526 1269 1581 1281 —.
1613 1250 1696 1281 Dat.
1727 1249 1898 1290 Anagnie‚
1929 1249 1960 1280 V
1987 1249 2066 1281 idus
2095 1250 2260 1287 octobris,

1255 1314 1349 1336 anno
1373 1304 1510 1345 quinto.
1536 1316 1548 1331 »

1336 1465 1424 1491 3013
1710 1463 1845 1497 Anagni‚
1870 1463 1904 1490 11
1929 1463 2058 1490 octobre
2082 1463 2168 1490 1259.

1295 1518 1450 1553 Episcopo
1460 1517 1607 1551 Pragensi
1618 1519 1649 1544 et
1658 1517 1768 1544 abbati
1786 1517 1824 1544 de
1845 1516 1929 1549 PlaZ,
1950 1516 2112 1550 Pragensis
2124 1515 2263 1548 diocesis,

1256 1563 1390 1590 mandat
1414 1564 1450 1589 ut
1475 1561 1673 1596 praedictum
1698 1561 1864 1588 Albertum
1889 1561 1921 1587 in
1945 1560 2172 1594 possessionem
2197 1567 2262 1586 orn-

1256 1608 1344 1634 nium
1369 1607 1428 1633 sibi
1453 1613 1672 1633 concessorum
1697 1606 1859 1631 inducant.
1887 1604 1983 1638 (REG.
2010 1604 2059 1637 25,
2084 1605 2105 1631 f.
2132 1604 2188 1631 231
2215 1607 2262 1636 v0,

1256 1659 1306 1679 an.
1328 1651 1366 1682 V,
1386 1651 1468 1682 d.c.;
1489 1650 1664 1676 PoTTnAsr
1685 1649 1806 1682 17677.)

1302 1751 1314 1767 «
1341 1764 1361 1770 ..
1389 1738 1545 1780 episcopo
1571 1736 1741 1778 Praqensi
1768 1738 1819 1768 et..
1848 1736 1963 1768 abbati
1990 1736 2028 1767 de
2054 1735 2149 1773 Plaz,
2176 1736 2266 1767 Pra-

1257 1792 1370 1833 qensis
1384 1791 1537 1823 diocesis.
1555 1791 1629 1830 Que
1644 1791 1686 1822 de
1701 1790 1871 1821 mandato
1886 1808 1941 1821 ——.
1956 1789 2040 1821 Dat.
2057 1792 2097 1820 ut
2110 1789 2145 1820 in
2160 1788 2265 1820 alia.»

1340 1943 1429 1969 3014
1749 1943 1884 1976 Anagni‚
1906 1942 1924 1969 4
1947 1943 2075 1969 octobre
2098 1942 2185 1969 1259.

1300 1996 1412 2022 Eidem
1434 1996 1564 2022 Alberto
1588 1995 1730 2029 indulget
1753 1997 1799 2027 ut,
1823 1996 1975 2029 quamdiu
1998 1996 2036 2022 de
2058 2003 2090 2022 se
2112 2003 2267 2029 conquae-

1258 2040 1401 2067 rentibus
1423 2047 1528 2067 coram
1549 2040 1586 2066 A.
1609 2040 1696 2066 Sedis
1718 2040 1867 2073 delegatis
1888 2040 1983 2066 fuerit
2002 2040 2161 2073 justitiam
2181 2040 2267 2066 exhi-

1260 2084 1332 2111 bere
1356 2086 1498 2119 paratus,
1524 2084 1764 2121 Ratisponensis
1790 2084 1844 2118 qui
1867 2091 1924 2118 pro
1949 2085 2090 2118 tempore
2114 2084 2209 2111 suerit
2234 2086 2266 2112 et

1259 2126 1311 2155 alii
1330 2128 1467 2163 episcopi
1486 2129 1518 2155 in
1538 2136 1672 2162 quorum
1692 2128 1867 2155 diocesibus
1886 2128 2022 2162 provisio
2042 2128 2265 2155 beneficiorum

1259 2173 1318 2199 sibi
1340 2180 1558 2199 concessorum
1580 2172 1735 2204 consistit,
1758 2172 1790 2199 in
1812 2180 1844 2199 se
1867 2172 2077 2206 suspensionis
2099 2172 2149 2199 vel
2171 2172 2265 2199 inter-

1258 2217 1335 2244 dicti
1357 2219 1413 2244 aut
1434 2217 1768 2244 excommunicationis
1790 2217 1963 2244 sententias
1984 2217 2182 2251 promulgare
2202 2225 2265 2244 non

1257 2262 1380 2297 possint
1397 2269 1454 2288 nec
1472 2262 1531 2288 sibi
1549 2262 1722 2295 ingressum
1741 2261 1886 2288 ecclesiae
1906 2261 2079 2295 prohibere.
2099 2261 2196 2295 (Hm.
2216 2262 2266 2291 25.

1257 2308 1278 2333 t.
1296 2306 1351 2333 231
1370 2310 1418 2338 v⁰,
1435 2313 1484 2332 an.
1503 2306 1540 2338 V,
1557 2313 1582 2332 c.
1600 2305 1683 2339 241.)

1304 2406 1316 2422 «
1345 2393 1492 2431 Alberto,
1524 2393 1681 2435 episcopo
1710 2393 1879 2435 quondam
1909 2393 2165 2435 Ratisponensi.
2197 2394 2263 2424 Pro

1257 2447 1311 2478 tui
1334 2447 1452 2489 quiete
1476 2466 1531 2478 —.
1556 2447 1640 2478 Dat.
1666 2446 1835 2487 Anagnie,
1865 2447 1938 2477 IIII
1963 2457 2074 2479 nonas
2098 2447 2263 2483 octobris,

1259 2510 1351 2532 anno
1376 2500 1513 2542 quinto.
1538 2513 1550 2528 »

1341 2647 1431 2673 3015
1693 2646 1827 2680 Anagni‚
1852 2647 1888 2673 12
1911 2646 2073 2673 decembre
2097 2646 2183 2673 1259.

1302 2701 1453 2732 Roberto,
1490 2700 1585 2734 priori
1622 2701 1659 2726 de
1696 2699 1839 2729 Corbeni,
1876 2699 2082 2726 contrahendi
2117 2701 2264 2725 mutuum

1261 2752 1359 2779 usque
1384 2745 1424 2771 ad
1448 2752 1605 2770 summam
1629 2743 1882 2777 octingentarum
1906 2744 1958 2769 lib.
1985 2743 2054 2769 Par.
2079 2743 2263 2769 facultatem

1260 2789 1412 2816 concedit.
1431 2789 1528 2822 (Bm.
1546 2788 1594 2820 25,
1611 2788 1632 2814 f.
1650 2788 1705 2815 231
1724 2791 1770 2820 v0,
1788 2795 1837 2814 an.
1856 2788 1892 2819 V,
1909 2795 1934 2814 c.
1952 2788 2034 2820 242.)

1304 2891 1315 2907 «
1354 2878 1507 2915 Roberto,
1547 2877 1656 2919 priori
1696 2878 1735 2908 cle
1775 2876 1931 2914 Corbeni,
1972 2876 2102 2907 ordinis
2143 2874 2260 2907 Sancti

1257 2931 1442 2968 Benedicti,
1485 2930 1729 2962 Lamlunensis
1771 2930 1923 2961 diocesis.
1967 2930 2053 2961 Cum
2095 2929 2186 2960 sicut
2226 2928 2262 2959 in

1256 2987 1377 3015 nostra
1397 2983 1611 3025 proposuisti
1630 2983 1807 3024 presentia
1826 2982 2054 3018 constitutus,
2076 2991 2137 3022 pro
2157 2990 2262 3022 expe-
