<?xml version="1.0" encoding="UTF-8"?>
<!DOCTYPE html PUBLIC "-//W3C//DTD XHTML 1.0 Transitional//EN"
    "http://www.w3.org/TR/xhtml1/DTD/xhtml1-transitional.dtd">
<html xmlns="http://www.w3.org/1999/xhtml" xml:lang="en" lang="en">
 <head>
  <title>
</title>
<meta http-equiv="Content-Type" content="text/html;charset=utf-8" />
  <meta name='ocr-system' content='tesseract 3.04.00' />
  <meta name='ocr-capabilities' content='ocr_page ocr_carea ocr_par ocr_line ocrx_word'/>
</head>
<body>
  <div class='ocr_page' id='page_1' title='image "./lesregistresdegr02cathuoft_0525.png"; bbox 0 0 2477 3512; ppageno 0'>
   <div class='ocr_carea' id='block_1_1' title="bbox 1012 250 2283 299">
    <p class='ocr_par' dir='ltr' id='par_1_1' title="bbox 1012 250 2283 299">
     <span class='ocr_line' id='line_1_1' title="bbox 1012 250 2283 299; baseline 0.008 -11"><span class='ocrx_word' id='word_1_1' title='bbox 1012 250 1251 289; x_wconf 82' lang='lat' dir='ltr'><strong>SEPTIEME</strong></span> <span class='ocrx_word' id='word_1_2' title='bbox 1276 252 1444 290; x_wconf 82' lang='lat' dir='ltr'><strong>ANNEE</strong></span> <span class='ocrx_word' id='word_1_3' title='bbox 2220 266 2283 299; x_wconf 81' lang='lat'><em>139</em></span> 
     </span>
    </p>
   </div>
   <div class='ocr_carea' id='block_1_2' title="bbox 164 361 1174 561">
    <p class='ocr_par' dir='ltr' id='par_1_2' title="bbox 164 361 1174 561">
     <span class='ocr_line' id='line_1_2' title="bbox 214 361 1174 404; baseline 0 -10"><span class='ocrx_word' id='word_1_4' title='bbox 214 375 226 391; x_wconf 93' lang='lat'>«</span> <span class='ocrx_word' id='word_1_5' title='bbox 258 388 277 394; x_wconf 91' lang='lat'><em>..</em></span> <span class='ocrx_word' id='word_1_6' title='bbox 310 361 459 403; x_wconf 74' lang='lat' dir='ltr'><em>yenerali</em></span> <span class='ocrx_word' id='word_1_7' title='bbox 489 363 517 392; x_wconf 85' lang='lat' dir='ltr'><em>el</em></span> <span class='ocrx_word' id='word_1_8' title='bbox 548 361 716 393; x_wconf 80' lang='lat' dir='ltr'><em>uniuersis</em></span> <span class='ocrx_word' id='word_1_9' title='bbox 745 362 921 403; x_wconf 79' lang='lat' dir='ltr'><em>prioribus</em></span> <span class='ocrx_word' id='word_1_10' title='bbox 952 364 980 394; x_wconf 78' lang='lat' dir='ltr'><em>el</em></span> <span class='ocrx_word' id='word_1_11' title='bbox 1008 362 1174 404; x_wconf 77' lang='lat' dir='ltr'><em>fratribus</em></span> 
     </span>
     <span class='ocr_line' id='line_1_3' title="bbox 166 414 1173 455; baseline 0.001 -9"><span class='ocrx_word' id='word_1_12' title='bbox 166 415 298 446; x_wconf 80' lang='lat' dir='ltr'><em>ordinis</em></span> <span class='ocrx_word' id='word_1_13' title='bbox 326 415 428 446; x_wconf 78' lang='lat' dir='ltr'><em>Beate</em></span> <span class='ocrx_word' id='word_1_14' title='bbox 455 414 573 445; x_wconf 73' lang='lat' dir='ltr'><em>Ii1arie</em></span> <span class='ocrx_word' id='word_1_15' title='bbox 600 415 639 446; x_wconf 85' lang='lat' dir='ltr'><em>de</em></span> <span class='ocrx_word' id='word_1_16' title='bbox 666 415 786 446; x_wconf 69' lang='lat' dir='ltr'><em>illonte</em></span> <span class='ocrx_word' id='word_1_17' title='bbox 816 415 973 447; x_wconf 81' lang='lat' dir='ltr'><em>Carmeli.</em></span> <span class='ocrx_word' id='word_1_18' title='bbox 1005 416 1071 455; x_wconf 91' lang='lat' dir='ltr'><em>Qui</em></span> <span class='ocrx_word' id='word_1_19' title='bbox 1088 415 1102 435; x_wconf 84' lang='lat'>²</span> <span class='ocrx_word' id='word_1_20' title='bbox 1130 425 1173 447; x_wconf 91' lang='lat' dir='ltr'><em>ex</em></span> 
     </span>
     <span class='ocr_line' id='line_1_4' title="bbox 166 467 1170 509; baseline 0 -10"><span class='ocrx_word' id='word_1_21' title='bbox 166 468 360 509; x_wconf 83' lang='lat' dir='ltr'><em>apostolica</em></span> <span class='ocrx_word' id='word_1_22' title='bbox 398 486 452 499; x_wconf 74' lang='lat'><em>—.</em></span> <span class='ocrx_word' id='word_1_23' title='bbox 492 467 575 499; x_wconf 90' lang='lat' dir='ltr'><em>Dat.</em></span> <span class='ocrx_word' id='word_1_24' title='bbox 614 467 791 503; x_wconf 88' lang='lat' dir='ltr'><em>Laterani,</em></span> <span class='ocrx_word' id='word_1_25' title='bbox 835 468 887 499; x_wconf 94' lang='grc' dir='ltr'><em>ΙΙΙ</em></span> <span class='ocrx_word' id='word_1_26' title='bbox 926 468 995 500; x_wconf 87' lang='lat' dir='ltr'><em>kal.</em></span> <span class='ocrx_word' id='word_1_27' title='bbox 1034 468 1170 509; x_wconf 83' lang='lat' dir='ltr'><em>aprelis,</em></span> 
     </span>
     <span class='ocr_line' id='line_1_5' title="bbox 164 520 480 561; baseline -0.006 -10"><span class='ocrx_word' id='word_1_28' title='bbox 164 530 257 552; x_wconf 87' lang='lat' dir='ltr'><em>anno</em></span> <span class='ocrx_word' id='word_1_29' title='bbox 280 520 442 561; x_wconf 84' lang='lat' dir='ltr'><em>septimo.</em></span> <span class='ocrx_word' id='word_1_30' title='bbox 468 532 480 548; x_wconf 87' lang='lat'>»</span> 
     </span>
    </p>
   </div>
   <div class='ocr_carea' id='block_1_3' title="bbox 242 717 1085 749">
    <p class='ocr_par' dir='ltr' id='par_1_3' title="bbox 242 717 1085 749">
     <span class='ocr_line' id='line_1_6' title="bbox 242 717 1085 749; baseline 0 -5"><span class='ocrx_word' id='word_1_31' title='bbox 242 718 333 744; x_wconf 83' lang='grc'><strong>3256</strong></span> <span class='ocrx_word' id='word_1_32' title='bbox 627 719 677 744; x_wconf 90' lang='lat' dir='ltr'><em>Au</em></span> <span class='ocrx_word' id='word_1_33' title='bbox 700 718 829 749; x_wconf 88' lang='lat' dir='ltr'><em>Latran,</em></span> <span class='ocrx_word' id='word_1_34' title='bbox 853 718 870 744; x_wconf 88' lang='lat'><strong>9</strong></span> <span class='ocrx_word' id='word_1_35' title='bbox 893 717 975 744; x_wconf 88' lang='lat' dir='ltr'><em>avril</em></span> <span class='ocrx_word' id='word_1_36' title='bbox 998 717 1085 744; x_wconf 88' lang='grc'>1261.</span> 
     </span>
    </p>
   </div>
   <div class='ocr_carea' id='block_1_4' title="bbox 158 779 1165 856">
    <p class='ocr_par' dir='ltr' id='par_1_4' title="bbox 158 779 1165 856">
     <span class='ocr_line' id='line_1_7' title="bbox 201 779 1165 813; baseline -0.002 -6"><span class='ocrx_word' id='word_1_37' title='bbox 201 780 365 808; x_wconf 87' lang='lat' dir='ltr'><em>Guillelmo</em></span> <span class='ocrx_word' id='word_1_38' title='bbox 385 781 551 808; x_wconf 79' lang='lat' dir='ltr'><em>Mam-andi</em></span> <span class='ocrx_word' id='word_1_39' title='bbox 570 780 685 807; x_wconf 88' lang='lat' dir='ltr'><em>notarii</em></span> <span class='ocrx_word' id='word_1_40' title='bbox 704 779 845 806; x_wconf 85' lang='lat' dir='ltr'><em>officium</em></span> <span class='ocrx_word' id='word_1_41' title='bbox 865 779 1018 806; x_wconf 85' lang='lat' dir='ltr'><em>concedit.</em></span> <span class='ocrx_word' id='word_1_42' title='bbox 1039 779 1165 813; x_wconf 74' lang='lat' dir='ltr'><em>(PAms,</em></span> 
     </span>
     <span class='ocr_line' id='line_1_8' title="bbox 158 823 874 856; baseline -0.004 -4"><span class='ocrx_word' id='word_1_43' title='bbox 158 825 227 852; x_wconf 90' lang='lat' dir='ltr'><em>Bib.</em></span> <span class='ocrx_word' id='word_1_44' title='bbox 245 827 310 852; x_wconf 85' lang='lat' dir='ltr'><em>nat.</em></span> <span class='ocrx_word' id='word_1_45' title='bbox 327 833 383 852; x_wconf 91' lang='lat' dir='ltr'><em>ms.</em></span> <span class='ocrx_word' id='word_1_46' title='bbox 400 825 454 851; x_wconf 86' lang='lat' dir='ltr'><em>lat.</em></span> <span class='ocrx_word' id='word_1_47' title='bbox 471 824 550 851; x_wconf 88' lang='grc'>4038</span> <span class='ocrx_word' id='word_1_48' title='bbox 564 825 600 856; x_wconf 91' lang='grc' dir='ltr'><em>Β,</em></span> <span class='ocrx_word' id='word_1_49' title='bbox 616 824 636 850; x_wconf 88' lang='lat' dir='ltr'><em>f.</em></span> <span class='ocrx_word' id='word_1_50' title='bbox 654 824 691 850; x_wconf 89' lang='lat'><em>13</em></span> <span class='ocrx_word' id='word_1_51' title='bbox 707 827 753 855; x_wconf 75' lang='grc' dir='ltr'><em>νο,</em></span> <span class='ocrx_word' id='word_1_52' title='bbox 769 831 794 850; x_wconf 90' lang='lat' dir='ltr'><em>c.</em></span> <span class='ocrx_word' id='word_1_53' title='bbox 811 823 874 856; x_wconf 90' lang='lat'><strong>37.)</strong></span> 
     </span>
    </p>
   </div>
   <div class='ocr_carea' id='block_1_5' title="bbox 157 922 1165 1124">
    <p class='ocr_par' dir='ltr' id='par_1_5' title="bbox 157 922 1165 1124">
     <span class='ocr_line' id='line_1_9' title="bbox 205 922 1165 959; baseline 0 -4"><span class='ocrx_word' id='word_1_54' title='bbox 205 937 217 952; x_wconf 90' lang='lat'>«</span> <span class='ocrx_word' id='word_1_55' title='bbox 263 923 441 956; x_wconf 85' lang='lat' dir='ltr'><em>Guillelmo</em></span> <span class='ocrx_word' id='word_1_56' title='bbox 478 923 685 959; x_wconf 80' lang='lat' dir='ltr'><em>Maumndi,</em></span> <span class='ocrx_word' id='word_1_57' title='bbox 726 922 853 959; x_wconf 79' lang='lat' dir='ltr'><em>clerico,</em></span> <span class='ocrx_word' id='word_1_58' title='bbox 898 923 933 954; x_wconf 88' lang='lat' dir='ltr'><em>in</em></span> <span class='ocrx_word' id='word_1_59' title='bbox 972 923 1165 955; x_wconf 86' lang='lat' dir='ltr'><em>minoribus</em></span> 
     </span>
     <span class='ocr_line' id='line_1_10' title="bbox 159 976 1165 1016; baseline 0 -8"><span class='ocrx_word' id='word_1_60' title='bbox 159 976 339 1008; x_wconf 79' lang='lat' dir='ltr'><em>ordinibus</em></span> <span class='ocrx_word' id='word_1_61' title='bbox 374 976 563 1013; x_wconf 82' lang='lat' dir='ltr'><em>constituto,</em></span> <span class='ocrx_word' id='word_1_62' title='bbox 600 976 888 1016; x_wconf 70' lang='lat' dir='ltr'><em>Pelraqoricensis</em></span> <span class='ocrx_word' id='word_1_63' title='bbox 923 976 1075 1008; x_wconf 82' lang='lat' dir='ltr'><em>diocesis.</em></span> <span class='ocrx_word' id='word_1_64' title='bbox 1113 977 1165 1008; x_wconf 90' lang='lat' dir='ltr'><em>Ne</em></span> 
     </span>
     <span class='ocr_line' id='line_1_11' title="bbox 157 1029 1164 1065; baseline -0.001 -4"><span class='ocrx_word' id='word_1_65' title='bbox 157 1032 408 1062; x_wconf 78' lang='lat' dir='ltr'><em>contractuum</em></span> <span class='ocrx_word' id='word_1_66' title='bbox 436 1029 603 1060; x_wconf 85' lang='lat' dir='ltr'><em>memoria</em></span> <span class='ocrx_word' id='word_1_67' title='bbox 631 1048 685 1060; x_wconf 35' lang='grc' dir='ltr'><em>*ἡ</em></span> <span class='ocrx_word' id='word_1_68' title='bbox 714 1029 796 1060; x_wconf 82' lang='lat' dir='ltr'><em>Dat.</em></span> <span class='ocrx_word' id='word_1_69' title='bbox 826 1029 1002 1065; x_wconf 74' lang='lat' dir='ltr'><em>Laterani,</em></span> <span class='ocrx_word' id='word_1_70' title='bbox 1032 1030 1061 1060; x_wconf 80' lang='lat' dir='ltr'>V</span> <span class='ocrx_word' id='word_1_71' title='bbox 1086 1029 1164 1061; x_wconf 81' lang='lat' dir='ltr'><em>idus</em></span> 
     </span>
     <span class='ocr_line' id='line_1_12' title="bbox 158 1083 642 1124; baseline 0 -10"><span class='ocrx_word' id='word_1_72' title='bbox 158 1083 294 1124; x_wconf 81' lang='lat' dir='ltr'><em>aprelis,</em></span> <span class='ocrx_word' id='word_1_73' title='bbox 322 1092 414 1114; x_wconf 89' lang='lat' dir='ltr'><em>anno</em></span> <span class='ocrx_word' id='word_1_74' title='bbox 440 1083 602 1123; x_wconf 85' lang='lat' dir='ltr'><em>septimo.</em></span> <span class='ocrx_word' id='word_1_75' title='bbox 631 1095 642 1110; x_wconf 65' lang='grc' dir='ltr'>υ</span> 
     </span>
    </p>
   </div>
   <div class='ocr_carea' id='block_1_6' title="bbox 236 1285 1079 1317">
    <p class='ocr_par' dir='ltr' id='par_1_6' title="bbox 236 1285 1079 1317">
     <span class='ocr_line' id='line_1_13' title="bbox 236 1285 1079 1317; baseline 0.002 -6"><span class='ocrx_word' id='word_1_76' title='bbox 236 1286 325 1312; x_wconf 85' lang='grc'><strong>3257</strong></span> <span class='ocrx_word' id='word_1_77' title='bbox 516 1285 565 1311; x_wconf 80' lang='lat' dir='ltr'><em>Au</em></span> <span class='ocrx_word' id='word_1_78' title='bbox 588 1285 718 1317; x_wconf 81' lang='lat' dir='ltr'><em>Latran,</em></span> <span class='ocrx_word' id='word_1_79' title='bbox 741 1285 779 1312; x_wconf 88' lang='lat'><em>22</em></span> <span class='ocrx_word' id='word_1_80' title='bbox 803 1285 968 1313; x_wconf 77' lang='lat' dir='ltr'><em>decembre</em></span> <span class='ocrx_word' id='word_1_81' title='bbox 992 1286 1079 1313; x_wconf 87' lang='grc'><strong>1260.</strong></span> 
     </span>
    </p>
   </div>
   <div class='ocr_carea' id='block_1_7' title="bbox 152 1347 1162 1603">
    <p class='ocr_par' dir='ltr' id='par_1_7' title="bbox 152 1347 1162 1603">
     <span class='ocr_line' id='line_1_14' title="bbox 194 1347 1162 1376; baseline 0.002 -2"><span class='ocrx_word' id='word_1_82' title='bbox 194 1347 291 1374; x_wconf 89' lang='lat' dir='ltr'><em>Priori</em></span> <span class='ocrx_word' id='word_1_83' title='bbox 313 1349 344 1374; x_wconf 91' lang='lat' dir='ltr'><em>et</em></span> <span class='ocrx_word' id='word_1_84' title='bbox 365 1348 519 1374; x_wconf 85' lang='lat' dir='ltr'><em>fratribus</em></span> <span class='ocrx_word' id='word_1_85' title='bbox 543 1347 661 1373; x_wconf 81' lang='lat' dir='ltr'><em>heremi</em></span> <span class='ocrx_word' id='word_1_86' title='bbox 687 1347 935 1374; x_wconf 89' lang='lat' dir='ltr'><em>Camaldulensis</em></span> <span class='ocrx_word' id='word_1_87' title='bbox 958 1355 994 1375; x_wconf 88' lang='lat' dir='ltr'><em>ac</em></span> <span class='ocrx_word' id='word_1_88' title='bbox 1016 1349 1162 1376; x_wconf 90' lang='lat' dir='ltr'><em>omnibus</em></span> 
     </span>
     <span class='ocr_line' id='line_1_15' title="bbox 156 1391 1162 1425; baseline 0.002 -7"><span class='ocrx_word' id='word_1_89' title='bbox 156 1391 402 1419; x_wconf 88' lang='lat' dir='ltr'><em>Camaldulensis</em></span> <span class='ocrx_word' id='word_1_90' title='bbox 418 1391 534 1417; x_wconf 92' lang='lat' dir='ltr'><em>ordinis</em></span> <span class='ocrx_word' id='word_1_91' title='bbox 553 1391 762 1417; x_wconf 89' lang='lat' dir='ltr'><em>conventibus</em></span> <span class='ocrx_word' id='word_1_92' title='bbox 778 1391 921 1425; x_wconf 85' lang='lat' dir='ltr'>indulget</span> <span class='ocrx_word' id='word_1_93' title='bbox 939 1394 975 1419; x_wconf 91' lang='lat' dir='ltr'><em>ut</em></span> <span class='ocrx_word' id='word_1_94' title='bbox 990 1393 1023 1419; x_wconf 88' lang='lat' dir='ltr'><em>in</em></span> <span class='ocrx_word' id='word_1_95' title='bbox 1039 1393 1114 1420; x_wconf 90' lang='lat' dir='ltr'><em>locis</em></span> <span class='ocrx_word' id='word_1_96' title='bbox 1130 1396 1162 1420; x_wconf 87' lang='lat' dir='ltr'><em>et</em></span> 
     </span>
     <span class='ocr_line' id='line_1_16' title="bbox 154 1435 1160 1471; baseline 0.003 -9"><span class='ocrx_word' id='word_1_97' title='bbox 154 1436 298 1462; x_wconf 85' lang='lat' dir='ltr'><em>domibus</em></span> <span class='ocrx_word' id='word_1_98' title='bbox 318 1435 381 1462; x_wconf 90' lang='lat' dir='ltr'><em>suis</em></span> <span class='ocrx_word' id='word_1_99' title='bbox 401 1435 610 1469; x_wconf 87' lang='lat' dir='ltr'><em>exemptionis</em></span> <span class='ocrx_word' id='word_1_100' title='bbox 629 1435 777 1462; x_wconf 86' lang='lat' dir='ltr'><em>libertate</em></span> <span class='ocrx_word' id='word_1_101' title='bbox 793 1436 1018 1469; x_wconf 86' lang='lat' dir='ltr'><em>gaudentibus,</em></span> <span class='ocrx_word' id='word_1_102' title='bbox 1038 1438 1160 1471; x_wconf 84' lang='lat' dir='ltr'><em>possint</em></span> 
     </span>
     <span class='ocr_line' id='line_1_17' title="bbox 154 1479 1161 1515; baseline 0.002 -9"><span class='ocrx_word' id='word_1_103' title='bbox 154 1481 191 1506; x_wconf 87' lang='lat' dir='ltr'><em>de</em></span> <span class='ocrx_word' id='word_1_104' title='bbox 212 1487 295 1506; x_wconf 91' lang='lat' dir='ltr'><em>novo</em></span> <span class='ocrx_word' id='word_1_105' title='bbox 316 1481 497 1506; x_wconf 86' lang='lat' dir='ltr'><em>construere</em></span> <span class='ocrx_word' id='word_1_106' title='bbox 518 1479 656 1506; x_wconf 87' lang='lat' dir='ltr'><em>oratoria</em></span> <span class='ocrx_word' id='word_1_107' title='bbox 677 1481 708 1506; x_wconf 87' lang='lat' dir='ltr'><em>et</em></span> <span class='ocrx_word' id='word_1_108' title='bbox 729 1480 864 1513; x_wconf 87' lang='lat' dir='ltr'><em>capellas</em></span> <span class='ocrx_word' id='word_1_109' title='bbox 886 1482 917 1507; x_wconf 88' lang='lat' dir='ltr'><em>et</em></span> <span class='ocrx_word' id='word_1_110' title='bbox 938 1480 969 1507; x_wconf 92' lang='lat' dir='ltr'><em>in</em></span> <span class='ocrx_word' id='word_1_111' title='bbox 991 1481 1033 1507; x_wconf 90' lang='lat' dir='ltr'><em>eis</em></span> <span class='ocrx_word' id='word_1_112' title='bbox 1054 1489 1161 1515; x_wconf 89' lang='lat' dir='ltr'><em>parro-</em></span> 
     </span>
     <span class='ocr_line' id='line_1_18' title="bbox 152 1523 1162 1558; baseline 0.002 -8"><span class='ocrx_word' id='word_1_113' title='bbox 152 1524 271 1551; x_wconf 88' lang='lat' dir='ltr'><em>chianis</em></span> <span class='ocrx_word' id='word_1_114' title='bbox 296 1524 371 1558; x_wconf 91' lang='lat' dir='ltr'><em>ipsis</em></span> <span class='ocrx_word' id='word_1_115' title='bbox 397 1523 547 1557; x_wconf 83' lang='lat' dir='ltr'><em>subjectis</em></span> <span class='ocrx_word' id='word_1_116' title='bbox 573 1525 773 1550; x_wconf 79' lang='lat' dir='ltr'><em>sacramenta</em></span> <span class='ocrx_word' id='word_1_117' title='bbox 799 1524 977 1551; x_wconf 89' lang='lat' dir='ltr'><em>ministrare</em></span> <span class='ocrx_word' id='word_1_118' title='bbox 1003 1526 1162 1553; x_wconf 88' lang='lat' dir='ltr'><em>ecclesias—</em></span> 
     </span>
     <span class='ocr_line' id='line_1_19' title="bbox 153 1567 1118 1603; baseline 0 -7"><span class='ocrx_word' id='word_1_119' title='bbox 153 1568 226 1596; x_wconf 86' lang='lat' dir='ltr'><em>tica.</em></span> <span class='ocrx_word' id='word_1_120' title='bbox 243 1568 368 1602; x_wconf 74' lang='lat' dir='ltr'><em>(PAms,</em></span> <span class='ocrx_word' id='word_1_121' title='bbox 383 1568 453 1594; x_wconf 89' lang='lat' dir='ltr'><em>Bib.</em></span> <span class='ocrx_word' id='word_1_122' title='bbox 472 1569 537 1594; x_wconf 88' lang='lat' dir='ltr'><em>nat.</em></span> <span class='ocrx_word' id='word_1_123' title='bbox 556 1575 612 1594; x_wconf 80' lang='lat' dir='ltr'><em>mS.</em></span> <span class='ocrx_word' id='word_1_124' title='bbox 630 1568 685 1594; x_wconf 89' lang='lat' dir='ltr'><em>lat.</em></span> <span class='ocrx_word' id='word_1_125' title='bbox 706 1567 784 1594; x_wconf 84' lang='lat'>4038</span> <span class='ocrx_word' id='word_1_126' title='bbox 800 1568 836 1600; x_wconf 88' lang='lat' dir='ltr'><em>B,</em></span> <span class='ocrx_word' id='word_1_127' title='bbox 854 1569 874 1595; x_wconf 84' lang='lat' dir='ltr'><em>f.</em></span> <span class='ocrx_word' id='word_1_128' title='bbox 894 1569 930 1595; x_wconf 89' lang='lat'><em>13</em></span> <span class='ocrx_word' id='word_1_129' title='bbox 949 1573 994 1601; x_wconf 73' lang='grc' dir='ltr'><em>νο,</em></span> <span class='ocrx_word' id='word_1_130' title='bbox 1011 1576 1036 1595; x_wconf 93' lang='lat' dir='ltr'><em>c.</em></span> <span class='ocrx_word' id='word_1_131' title='bbox 1055 1569 1118 1603; x_wconf 87' lang='lat'><strong>38.)</strong></span> 
     </span>
    </p>
   </div>
   <div class='ocr_carea' id='block_1_8' title="bbox 152 1663 1162 1918">
    <p class='ocr_par' dir='ltr' id='par_1_8' title="bbox 152 1663 1162 1918">
     <span class='ocr_line' id='line_1_20' title="bbox 198 1663 1162 1706; baseline 0.002 -11"><span class='ocrx_word' id='word_1_132' title='bbox 198 1677 210 1692; x_wconf 89' lang='lat'>«</span> <span class='ocrx_word' id='word_1_133' title='bbox 237 1689 256 1696; x_wconf 87' lang='lat'><em>..</em></span> <span class='ocrx_word' id='word_1_134' title='bbox 281 1663 391 1706; x_wconf 78' lang='lat' dir='ltr'><em>priori</em></span> <span class='ocrx_word' id='word_1_135' title='bbox 416 1665 445 1695; x_wconf 80' lang='lat' dir='ltr'><em>et</em></span> <span class='ocrx_word' id='word_1_136' title='bbox 467 1663 633 1705; x_wconf 72' lang='lat' dir='ltr'><em>fratribus</em></span> <span class='ocrx_word' id='word_1_137' title='bbox 658 1663 783 1695; x_wconf 80' lang='lat' dir='ltr'><em>heremi</em></span> <span class='ocrx_word' id='word_1_138' title='bbox 810 1664 1096 1702; x_wconf 80' lang='lat' dir='ltr'><em>Camaldulensis,</em></span> <span class='ocrx_word' id='word_1_139' title='bbox 1123 1675 1162 1697; x_wconf 88' lang='lat' dir='ltr'><em>ac</em></span> 
     </span>
     <span class='ocr_line' id='line_1_21' title="bbox 152 1716 1162 1758; baseline 0.001 -9"><span class='ocrx_word' id='word_1_140' title='bbox 152 1717 346 1755; x_wconf 84' lang='lat' dir='ltr'><em>abbatibus,</em></span> <span class='ocrx_word' id='word_1_141' title='bbox 373 1716 569 1753; x_wconf 48' lang='lat' dir='ltr'><em>abbatissis</em></span> <span class='ocrx_word' id='word_1_142' title='bbox 595 1716 771 1758; x_wconf 83' lang='lat' dir='ltr'><em>prioribus</em></span> <span class='ocrx_word' id='word_1_143' title='bbox 797 1719 825 1748; x_wconf 84' lang='lat' dir='ltr'><em>et</em></span> <span class='ocrx_word' id='word_1_144' title='bbox 851 1717 1069 1750; x_wconf 81' lang='lat' dir='ltr'><em>conventibus</em></span> <span class='ocrx_word' id='word_1_145' title='bbox 1097 1719 1162 1750; x_wconf 74' lang='lat' dir='ltr'><em>(Ia-</em></span> 
     </span>
     <span class='ocr_line' id='line_1_22' title="bbox 153 1769 1161 1807; baseline 0.001 -5"><span class='ocrx_word' id='word_1_146' title='bbox 153 1770 376 1802; x_wconf 80' lang='lat' dir='ltr'><em>maldulensis</em></span> <span class='ocrx_word' id='word_1_147' title='bbox 401 1769 543 1807; x_wconf 78' lang='lat' dir='ltr'><em>ordinis,</em></span> <span class='ocrx_word' id='word_1_148' title='bbox 571 1770 614 1801; x_wconf 89' lang='lat' dir='ltr'><em>ad</em></span> <span class='ocrx_word' id='word_1_149' title='bbox 638 1770 829 1801; x_wconf 82' lang='lat' dir='ltr'><em>Romanam</em></span> <span class='ocrx_word' id='word_1_150' title='bbox 856 1770 1042 1802; x_wconf 76' lang='lat' dir='ltr'><em>Ecclesiam</em></span> <span class='ocrx_word' id='word_1_151' title='bbox 1067 1772 1161 1804; x_wconf 87' lang='lat' dir='ltr'><em>nullo</em></span> 
     </span>
     <span class='ocr_line' id='line_1_23' title="bbox 154 1822 1159 1865; baseline 0.002 -10"><span class='ocrx_word' id='word_1_152' title='bbox 154 1823 263 1855; x_wconf 81' lang='lat' dir='ltr'><em>medio</em></span> <span class='ocrx_word' id='word_1_153' title='bbox 280 1822 541 1865; x_wconf 78' lang='lat' dir='ltr'><em>pertinentibus.</em></span> <span class='ocrx_word' id='word_1_154' title='bbox 562 1823 771 1854; x_wconf 76' lang='lat' dir='ltr'><em>Devotionis</em></span> <span class='ocrx_word' id='word_1_155' title='bbox 790 1826 906 1855; x_wconf 82' lang='lat' dir='ltr'><em>vestre</em></span> <span class='ocrx_word' id='word_1_156' title='bbox 924 1824 1087 1865; x_wconf 84' lang='lat' dir='ltr'><em>precihus</em></span> <span class='ocrx_word' id='word_1_157' title='bbox 1105 1844 1159 1857; x_wconf 64' lang='lat'><em>—.</em></span> 
     </span>
     <span class='ocr_line' id='line_1_24' title="bbox 153 1876 1161 1918; baseline 0.003 -11"><span class='ocrx_word' id='word_1_158' title='bbox 153 1876 236 1908; x_wconf 89' lang='lat' dir='ltr'><em>Dat.</em></span> <span class='ocrx_word' id='word_1_159' title='bbox 264 1876 442 1913; x_wconf 82' lang='lat' dir='ltr'><em>Laterani,</em></span> <span class='ocrx_word' id='word_1_160' title='bbox 470 1876 523 1907; x_wconf 88' lang='lat' dir='ltr'><em>XI</em></span> <span class='ocrx_word' id='word_1_161' title='bbox 551 1876 620 1907; x_wconf 83' lang='lat' dir='ltr'><em>kal.</em></span> <span class='ocrx_word' id='word_1_162' title='bbox 645 1876 810 1917; x_wconf 86' lang='lat' dir='ltr'><em>januarii,</em></span> <span class='ocrx_word' id='word_1_163' title='bbox 838 1886 930 1908; x_wconf 90' lang='lat' dir='ltr'><em>anno</em></span> <span class='ocrx_word' id='word_1_164' title='bbox 957 1877 1120 1918; x_wconf 79' lang='lat' dir='ltr'><em>septimo.</em></span> <span class='ocrx_word' id='word_1_165' title='bbox 1149 1895 1161 1911; x_wconf 89' lang='lat'>»</span> 
     </span>
    </p>
   </div>
   <div class='ocr_carea' id='block_1_9' title="bbox 182 2029 520 2056">
    <p class='ocr_par' dir='ltr' id='par_1_9' title="bbox 182 2029 520 2056">
     <span class='ocr_line' id='line_1_25' title="bbox 182 2029 520 2056; baseline 0 -5"><span class='ocrx_word' id='word_1_166' title='bbox 182 2031 204 2051; x_wconf 90' lang='lat'><em>1.</em></span> <span class='ocrx_word' id='word_1_167' title='bbox 222 2029 271 2051; x_wconf 86' lang='lat' dir='ltr'><em>Sic.</em></span> <span class='ocrx_word' id='word_1_168' title='bbox 286 2030 355 2051; x_wconf 85' lang='lat' dir='ltr'><em>Llsez</em></span> <span class='ocrx_word' id='word_1_169' title='bbox 369 2036 376 2052; x_wconf 86' lang='lat'><strong>:</strong></span> <span class='ocrx_word' id='word_1_170' title='bbox 391 2030 520 2056; x_wconf 81' lang='lat' dir='ltr'><em>Quoniam.</em></span> 
     </span>
    </p>
   </div>
   <div class='ocr_carea' id='block_1_10' title="bbox 1218 362 1236 2052">
    <p class='ocr_par' dir='ltr' id='par_1_10' title="bbox 1218 362 1236 2052">
     <span class='ocr_line' id='line_1_26' title="bbox 1218 362 1236 2052; baseline 0 0"><span class='ocrx_word' id='word_1_171' title='bbox 1218 362 1236 2052; x_wconf 95' lang='lat' dir='ltr'><em> </em></span> 
     </span>
    </p>
   </div>
   <div class='ocr_carea' id='block_1_11' title="bbox 1360 362 2199 399">
    <p class='ocr_par' dir='ltr' id='par_1_11' title="bbox 1360 362 2199 399">
     <span class='ocr_line' id='line_1_27' title="bbox 1360 362 2199 399; baseline 0.011 -11"><span class='ocrx_word' id='word_1_172' title='bbox 1360 362 1449 388; x_wconf 79' lang='lat'>3258</span> <span class='ocrx_word' id='word_1_173' title='bbox 1744 366 1793 392; x_wconf 87' lang='lat' dir='ltr'><em>Au</em></span> <span class='ocrx_word' id='word_1_174' title='bbox 1817 367 1945 399; x_wconf 88' lang='lat' dir='ltr'><em>Latran,</em></span> <span class='ocrx_word' id='word_1_175' title='bbox 1969 368 1986 394; x_wconf 82' lang='lat'>8</span> <span class='ocrx_word' id='word_1_176' title='bbox 2009 370 2088 395; x_wconf 88' lang='lat' dir='ltr'><em>avril</em></span> <span class='ocrx_word' id='word_1_177' title='bbox 2112 370 2199 397; x_wconf 86' lang='lat'>1261.</span> 
     </span>
    </p>
   </div>
   <div class='ocr_carea' id='block_1_12' title="bbox 1273 416 2280 625">
    <p class='ocr_par' dir='ltr' id='par_1_12' title="bbox 1273 416 2280 625">
     <span class='ocr_line' id='line_1_28' title="bbox 1318 416 2278 456; baseline 0.01 -15"><span class='ocrx_word' id='word_1_178' title='bbox 1318 416 1415 441; x_wconf 90' lang='lat' dir='ltr'><em>Priori</em></span> <span class='ocrx_word' id='word_1_179' title='bbox 1432 417 1616 450; x_wconf 84' lang='lat' dir='ltr'><em>provinciali</em></span> <span class='ocrx_word' id='word_1_180' title='bbox 1633 419 1663 444; x_wconf 86' lang='lat' dir='ltr'><em>et</em></span> <span class='ocrx_word' id='word_1_181' title='bbox 1681 419 1833 445; x_wconf 84' lang='lat' dir='ltr'><em>universis</em></span> <span class='ocrx_word' id='word_1_182' title='bbox 1850 420 1965 446; x_wconf 89' lang='lat' dir='ltr'><em>ordinis</em></span> <span class='ocrx_word' id='word_1_183' title='bbox 1984 421 2090 448; x_wconf 86' lang='lat' dir='ltr'><em>Sancti</em></span> <span class='ocrx_word' id='word_1_184' title='bbox 2109 424 2278 456; x_wconf 83' lang='lat' dir='ltr'><em>Augustini</em></span> 
     </span>
     <span class='ocr_line' id='line_1_29' title="bbox 1275 459 2280 498; baseline 0.01 -13"><span class='ocrx_word' id='word_1_185' title='bbox 1275 459 1426 486; x_wconf 88' lang='lat' dir='ltr'><em>fratribus</em></span> <span class='ocrx_word' id='word_1_186' title='bbox 1444 468 1498 493; x_wconf 90' lang='lat' dir='ltr'><em>per</em></span> <span class='ocrx_word' id='word_1_187' title='bbox 1516 461 1703 495; x_wconf 80' lang='lat' dir='ltr'><em>Hispaniam</em></span> <span class='ocrx_word' id='word_1_188' title='bbox 1721 463 1902 490; x_wconf 85' lang='lat' dir='ltr'><em>constitutis</em></span> <span class='ocrx_word' id='word_1_189' title='bbox 1920 464 2061 498; x_wconf 83' lang='lat' dir='ltr'><em>indulget</em></span> <span class='ocrx_word' id='word_1_190' title='bbox 2080 468 2114 492; x_wconf 89' lang='lat' dir='ltr'><em>ut</em></span> <span class='ocrx_word' id='word_1_191' title='bbox 2134 467 2171 493; x_wconf 90' lang='lat' dir='ltr'><em>de</em></span> <span class='ocrx_word' id='word_1_192' title='bbox 2190 468 2280 495; x_wconf 88' lang='lat' dir='ltr'><em>terris</em></span> 
     </span>
     <span class='ocr_line' id='line_1_30' title="bbox 1275 504 2276 545; baseline 0.008 -16"><span class='ocrx_word' id='word_1_193' title='bbox 1275 505 1305 529; x_wconf 93' lang='lat' dir='ltr'><em>et</em></span> <span class='ocrx_word' id='word_1_194' title='bbox 1322 504 1569 537; x_wconf 85' lang='lat' dir='ltr'><em>possessionibus</em></span> <span class='ocrx_word' id='word_1_195' title='bbox 1585 505 1648 531; x_wconf 86' lang='lat' dir='ltr'><em>suis</em></span> <span class='ocrx_word' id='word_1_196' title='bbox 1666 514 1742 540; x_wconf 88' lang='lat' dir='ltr'><em>quas</em></span> <span class='ocrx_word' id='word_1_197' title='bbox 1760 507 1891 540; x_wconf 88' lang='lat' dir='ltr'><em>propriis</em></span> <span class='ocrx_word' id='word_1_198' title='bbox 1908 509 2053 535; x_wconf 90' lang='lat' dir='ltr'><em>manibus</em></span> <span class='ocrx_word' id='word_1_199' title='bbox 2071 512 2126 536; x_wconf 89' lang='lat' dir='ltr'><em>aut</em></span> <span class='ocrx_word' id='word_1_200' title='bbox 2144 512 2276 545; x_wconf 89' lang='lat' dir='ltr'><em>sumpti-</em></span> 
     </span>
     <span class='ocr_line' id='line_1_31' title="bbox 1275 547 2278 586; baseline 0.01 -14"><span class='ocrx_word' id='word_1_201' title='bbox 1275 547 1332 573; x_wconf 88' lang='lat' dir='ltr'><em>bus</em></span> <span class='ocrx_word' id='word_1_202' title='bbox 1348 548 1455 574; x_wconf 84' lang='lat' dir='ltr'><em>colunt</em></span> <span class='ocrx_word' id='word_1_203' title='bbox 1472 548 1547 574; x_wconf 92' lang='lat' dir='ltr'><em>nulli</em></span> <span class='ocrx_word' id='word_1_204' title='bbox 1564 550 1718 582; x_wconf 84' lang='lat' dir='ltr'><em>primitias</em></span> <span class='ocrx_word' id='word_1_205' title='bbox 1735 550 1852 577; x_wconf 86' lang='lat' dir='ltr'><em>solvere</em></span> <span class='ocrx_word' id='word_1_206' title='bbox 1871 553 2049 579; x_wconf 79' lang='lat' dir='ltr'><em>teneantur.</em></span> <span class='ocrx_word' id='word_1_207' title='bbox 2067 553 2192 586; x_wconf 61' lang='lat' dir='ltr'><em>(Pinus,</em></span> <span class='ocrx_word' id='word_1_208' title='bbox 2209 555 2278 582; x_wconf 84' lang='lat' dir='ltr'><em>Bib.</em></span> 
     </span>
     <span class='ocr_line' id='line_1_32' title="bbox 1273 592 1609 625; baseline 0.009 -9"><span class='ocrx_word' id='word_1_209' title='bbox 1273 593 1338 617; x_wconf 87' lang='lat' dir='ltr'><em>nat.</em></span> <span class='ocrx_word' id='word_1_210' title='bbox 1355 592 1374 617; x_wconf 88' lang='lat' dir='ltr'><em>f.</em></span> <span class='ocrx_word' id='word_1_211' title='bbox 1394 592 1429 618; x_wconf 90' lang='lat'><em>13</em></span> <span class='ocrx_word' id='word_1_212' title='bbox 1444 596 1490 623; x_wconf 73' lang='lat' dir='ltr'><em>vo,</em></span> <span class='ocrx_word' id='word_1_213' title='bbox 1506 599 1530 618; x_wconf 89' lang='lat' dir='ltr'><em>c.</em></span> <span class='ocrx_word' id='word_1_214' title='bbox 1547 593 1609 625; x_wconf 83' lang='lat'><strong>39.)</strong></span> 
     </span>
    </p>
   </div>
   <div class='ocr_carea' id='block_1_13' title="bbox 1269 681 2282 883">
    <p class='ocr_par' dir='ltr' id='par_1_13' title="bbox 1269 681 2282 883">
     <span class='ocr_line' id='line_1_33' title="bbox 1319 681 2282 727; baseline 0.012 -18"><span class='ocrx_word' id='word_1_215' title='bbox 1319 693 1331 708; x_wconf 63' lang='grc' dir='ltr'>α</span> <span class='ocrx_word' id='word_1_216' title='bbox 1360 706 1379 712; x_wconf 90' lang='grc'><em>..</em></span> <span class='ocrx_word' id='word_1_217' title='bbox 1409 681 1519 722; x_wconf 85' lang='lat' dir='ltr'><em>priori</em></span> <span class='ocrx_word' id='word_1_218' title='bbox 1547 682 1752 723; x_wconf 78' lang='lat' dir='ltr'><em>provinciali</em></span> <span class='ocrx_word' id='word_1_219' title='bbox 1774 684 1803 714; x_wconf 81' lang='lat' dir='ltr'><em>el</em></span> <span class='ocrx_word' id='word_1_220' title='bbox 1826 683 1996 716; x_wconf 82' lang='lat' dir='ltr'><em>universis</em></span> <span class='ocrx_word' id='word_1_221' title='bbox 2019 685 2168 727; x_wconf 78' lang='lat' dir='ltr'><em>statibus</em></span> <span class='ocrx_word' id='word_1_222' title='bbox 2191 687 2282 720; x_wconf 80' lang='lat' dir='ltr'><em>here-</em></span> 
     </span>
     <span class='ocr_line' id='line_1_34' title="bbox 1270 732 2279 779; baseline 0.01 -16"><span class='ocrx_word' id='word_1_223' title='bbox 1270 732 1365 764; x_wconf 81' lang='lat' dir='ltr'><em>mitis</em></span> <span class='ocrx_word' id='word_1_224' title='bbox 1384 733 1516 765; x_wconf 80' lang='lat' dir='ltr'><em>ordinis</em></span> <span class='ocrx_word' id='word_1_225' title='bbox 1538 735 1655 767; x_wconf 81' lang='lat' dir='ltr'><em>Sancti</em></span> <span class='ocrx_word' id='word_1_226' title='bbox 1676 736 1867 777; x_wconf 71' lang='lat' dir='ltr'><em>Auqustini</em></span> <span class='ocrx_word' id='word_1_227' title='bbox 1887 748 1947 778; x_wconf 84' lang='lat' dir='ltr'><em>per</em></span> <span class='ocrx_word' id='word_1_228' title='bbox 1966 739 2135 779; x_wconf 87' lang='lat' dir='ltr'><em>Spaniam</em></span> <span class='ocrx_word' id='word_1_229' title='bbox 2156 742 2279 773; x_wconf 76' lang='lat' dir='ltr'><em>consti-</em></span> 
     </span>
     <span class='ocr_line' id='line_1_35' title="bbox 1269 786 2276 831; baseline 0.01 -15"><span class='ocrx_word' id='word_1_230' title='bbox 1269 786 1363 817; x_wconf 80' lang='lat' dir='ltr'><em>tulis.</em></span> <span class='ocrx_word' id='word_1_231' title='bbox 1397 786 1588 827; x_wconf 82' lang='lat' dir='ltr'><em>Religionis</em></span> <span class='ocrx_word' id='word_1_232' title='bbox 1620 788 1769 820; x_wconf 84' lang='lat' dir='ltr'><em>obtentu</em></span> <span class='ocrx_word' id='word_1_233' title='bbox 1802 790 1867 821; x_wconf 92' lang='lat' dir='ltr'><em>suh</em></span> <span class='ocrx_word' id='word_1_234' title='bbox 1893 809 1946 822; x_wconf 78' lang='lat'><em>—.</em></span> <span class='ocrx_word' id='word_1_235' title='bbox 1978 792 2060 823; x_wconf 86' lang='lat' dir='ltr'><em>Dat.</em></span> <span class='ocrx_word' id='word_1_236' title='bbox 2101 793 2276 831; x_wconf 81' lang='lat' dir='ltr'><em>Laterani,</em></span> 
     </span>
     <span class='ocr_line' id='line_1_36' title="bbox 1271 837 1920 883; baseline 0.003 -14"><span class='ocrx_word' id='word_1_237' title='bbox 1271 837 1322 870; x_wconf 93' lang='lat' dir='ltr'><em>VI</em></span> <span class='ocrx_word' id='word_1_238' title='bbox 1346 839 1424 870; x_wconf 91' lang='lat' dir='ltr'><em>idus</em></span> <span class='ocrx_word' id='word_1_239' title='bbox 1448 840 1577 881; x_wconf 86' lang='lat' dir='ltr'><em>aprilis,</em></span> <span class='ocrx_word' id='word_1_240' title='bbox 1602 850 1695 872; x_wconf 88' lang='lat' dir='ltr'><em>anno</em></span> <span class='ocrx_word' id='word_1_241' title='bbox 1719 842 1882 883; x_wconf 84' lang='lat' dir='ltr'><em>septimo.</em></span> <span class='ocrx_word' id='word_1_242' title='bbox 1908 855 1920 871; x_wconf 70' lang='grc' dir='ltr'><em>ι)</em></span> 
     </span>
    </p>
   </div>
   <div class='ocr_carea' id='block_1_14' title="bbox 1351 979 2194 1011">
    <p class='ocr_par' dir='ltr' id='par_1_14' title="bbox 1351 979 2194 1011">
     <span class='ocr_line' id='line_1_37' title="bbox 1351 979 2194 1011; baseline 0.006 -7"><span class='ocrx_word' id='word_1_243' title='bbox 1351 979 1441 1004; x_wconf 81' lang='grc'><strong>3259</strong></span> <span class='ocrx_word' id='word_1_244' title='bbox 1737 980 1786 1006; x_wconf 92' lang='lat' dir='ltr'><em>Au</em></span> <span class='ocrx_word' id='word_1_245' title='bbox 1810 980 1939 1011; x_wconf 89' lang='lat' dir='ltr'><em>Latran,</em></span> <span class='ocrx_word' id='word_1_246' title='bbox 1962 981 1979 1007; x_wconf 89' lang='lat'>9</span> <span class='ocrx_word' id='word_1_247' title='bbox 2003 982 2081 1008; x_wconf 88' lang='lat' dir='ltr'><em>avril</em></span> <span class='ocrx_word' id='word_1_248' title='bbox 2108 982 2194 1009; x_wconf 82' lang='lat'>1261.</span> 
     </span>
    </p>
   </div>
   <div class='ocr_carea' id='block_1_15' title="bbox 1267 1032 2279 1371">
    <p class='ocr_par' dir='ltr' id='par_1_15' title="bbox 1267 1032 2279 1371">
     <span class='ocr_line' id='line_1_38' title="bbox 1310 1032 2279 1063; baseline 0.006 -6"><span class='ocrx_word' id='word_1_249' title='bbox 1310 1032 1429 1058; x_wconf 85' lang='lat' dir='ltr'><em>Abbati</em></span> <span class='ocrx_word' id='word_1_250' title='bbox 1449 1033 1481 1058; x_wconf 89' lang='lat' dir='ltr'><em>et</em></span> <span class='ocrx_word' id='word_1_251' title='bbox 1501 1032 1673 1058; x_wconf 87' lang='lat' dir='ltr'><em>conventui</em></span> <span class='ocrx_word' id='word_1_252' title='bbox 1694 1033 1876 1059; x_wconf 86' lang='lat' dir='ltr'><em>monasterii</em></span> <span class='ocrx_word' id='word_1_253' title='bbox 1894 1033 2012 1060; x_wconf 88' lang='lat' dir='ltr'><em>Beatae</em></span> <span class='ocrx_word' id='word_1_254' title='bbox 2032 1034 2149 1062; x_wconf 86' lang='lat' dir='ltr'><em>Mariae</em></span> <span class='ocrx_word' id='word_1_255' title='bbox 2169 1036 2206 1063; x_wconf 90' lang='lat' dir='ltr'><em>de</em></span> <span class='ocrx_word' id='word_1_256' title='bbox 2227 1037 2279 1063; x_wconf 89' lang='lat' dir='ltr'><em>Se-</em></span> 
     </span>
     <span class='ocr_line' id='line_1_39' title="bbox 1272 1075 2279 1109; baseline 0.005 -8"><span class='ocrx_word' id='word_1_257' title='bbox 1272 1075 1355 1101; x_wconf 86' lang='lat' dir='ltr'><em>riaco</em></span> <span class='ocrx_word' id='word_1_258' title='bbox 1376 1075 1518 1108; x_wconf 81' lang='lat' dir='ltr'><em>indulget</em></span> <span class='ocrx_word' id='word_1_259' title='bbox 1538 1077 1573 1102; x_wconf 89' lang='lat' dir='ltr'><em>ut.</em></span> <span class='ocrx_word' id='word_1_260' title='bbox 1594 1076 1747 1109; x_wconf 87' lang='lat' dir='ltr'><em>capellam</em></span> <span class='ocrx_word' id='word_1_261' title='bbox 1769 1077 1876 1103; x_wconf 84' lang='lat' dir='ltr'><em>Sancti</em></span> <span class='ocrx_word' id='word_1_262' title='bbox 1895 1077 2008 1104; x_wconf 72' lang='lat' dir='ltr'><em>,Jacobi</em></span> <span class='ocrx_word' id='word_1_263' title='bbox 2028 1079 2065 1105; x_wconf 90' lang='lat' dir='ltr'><em>de</em></span> <span class='ocrx_word' id='word_1_264' title='bbox 2087 1079 2279 1107; x_wconf 87' lang='lat' dir='ltr'><em>Bollaineort</em></span> 
     </span>
     <span class='ocr_line' id='line_1_40' title="bbox 1267 1119 2279 1154; baseline 0.007 -10"><span class='ocrx_word' id='word_1_265' title='bbox 1267 1119 1299 1145; x_wconf 89' lang='lat' dir='ltr'><em>in</em></span> <span class='ocrx_word' id='word_1_266' title='bbox 1319 1119 1451 1150; x_wconf 86' lang='lat' dir='ltr'><em>Seriaco‚</em></span> <span class='ocrx_word' id='word_1_267' title='bbox 1467 1120 1506 1145; x_wconf 88' lang='lat' dir='ltr'><em>ab</em></span> <span class='ocrx_word' id='word_1_268' title='bbox 1520 1120 1648 1146; x_wconf 85' lang='lat' dir='ltr'><em>eeclesia</em></span> <span class='ocrx_word' id='word_1_269' title='bbox 1665 1120 1771 1146; x_wconf 83' lang='lat' dir='ltr'><em>Sancti</em></span> <span class='ocrx_word' id='word_1_270' title='bbox 1785 1121 1937 1154; x_wconf 86' lang='lat' dir='ltr'><em>Stephani</em></span> <span class='ocrx_word' id='word_1_271' title='bbox 1951 1122 1988 1148; x_wconf 94' lang='lat' dir='ltr'><em>de</em></span> <span class='ocrx_word' id='word_1_272' title='bbox 2003 1122 2136 1154; x_wconf 72' lang='lat' dir='ltr'><em>Setiam,</em></span> <span class='ocrx_word' id='word_1_273' title='bbox 2150 1124 2279 1151; x_wconf 89' lang='lat' dir='ltr'><em>Ambia-</em></span> 
     </span>
     <span class='ocr_line' id='line_1_41' title="bbox 1271 1163 2278 1202; baseline 0.007 -14"><span class='ocrx_word' id='word_1_274' title='bbox 1271 1163 1374 1189; x_wconf 82' lang='lat' dir='ltr'><em>nensis</em></span> <span class='ocrx_word' id='word_1_275' title='bbox 1394 1163 1534 1195; x_wconf 85' lang='lat' dir='ltr'><em>diocesis,</em></span> <span class='ocrx_word' id='word_1_276' title='bbox 1555 1164 1800 1197; x_wconf 82' lang='lat' dir='ltr'><em>dependentem,</em></span> <span class='ocrx_word' id='word_1_277' title='bbox 1821 1164 1852 1191; x_wconf 88' lang='lat' dir='ltr'><em>in</em></span> <span class='ocrx_word' id='word_1_278' title='bbox 1871 1172 1943 1191; x_wconf 85' lang='lat' dir='ltr'><em>suos</em></span> <span class='ocrx_word' id='word_1_279' title='bbox 1963 1173 2036 1192; x_wconf 87' lang='lat' dir='ltr'><em>usus</em></span> <span class='ocrx_word' id='word_1_280' title='bbox 2056 1167 2190 1194; x_wconf 90' lang='lat' dir='ltr'><em>retinere</em></span> <span class='ocrx_word' id='word_1_281' title='bbox 2208 1175 2278 1202; x_wconf 89' lang='lat' dir='ltr'><em>pos-</em></span> 
     </span>
     <span class='ocr_line' id='line_1_42' title="bbox 1271 1207 2277 1241; baseline 0.005 -8"><span class='ocrx_word' id='word_1_282' title='bbox 1271 1207 1344 1238; x_wconf 89' lang='lat' dir='ltr'><em>sint,</em></span> <span class='ocrx_word' id='word_1_283' title='bbox 1380 1207 1526 1240; x_wconf 88' lang='lat' dir='ltr'><em>quamvis</em></span> <span class='ocrx_word' id='word_1_284' title='bbox 1560 1207 1644 1239; x_wconf 89' lang='lat' dir='ltr'><em>olim,</em></span> <span class='ocrx_word' id='word_1_285' title='bbox 1679 1208 1867 1241; x_wconf 82' lang='lat' dir='ltr'><em>deprecante</em></span> <span class='ocrx_word' id='word_1_286' title='bbox 1902 1209 2066 1236; x_wconf 86' lang='lat' dir='ltr'><em>Guillelmo</em></span> <span class='ocrx_word' id='word_1_287' title='bbox 2106 1211 2204 1238; x_wconf 86' lang='lat' dir='ltr'><em>milite</em></span> <span class='ocrx_word' id='word_1_288' title='bbox 2239 1212 2277 1239; x_wconf 92' lang='lat' dir='ltr'><em>de</em></span> 
     </span>
     <span class='ocr_line' id='line_1_43' title="bbox 1270 1251 2276 1289; baseline 0.006 -12"><span class='ocrx_word' id='word_1_289' title='bbox 1270 1251 1393 1282; x_wconf 84' lang='lat' dir='ltr'><em>Caiaeo,</em></span> <span class='ocrx_word' id='word_1_290' title='bbox 1416 1252 1455 1278; x_wconf 87' lang='lat' dir='ltr'><em>ad</em></span> <span class='ocrx_word' id='word_1_291' title='bbox 1475 1252 1618 1278; x_wconf 80' lang='lat' dir='ltr'><em>eamdem</em></span> <span class='ocrx_word' id='word_1_292' title='bbox 1639 1252 1790 1285; x_wconf 85' lang='lat' dir='ltr'><em>capellam</em></span> <span class='ocrx_word' id='word_1_293' title='bbox 1809 1252 2001 1280; x_wconf 84' lang='lat' dir='ltr'><em>Balduinum</em></span> <span class='ocrx_word' id='word_1_294' title='bbox 2020 1254 2168 1281; x_wconf 87' lang='lat' dir='ltr'><em>clericum</em></span> <span class='ocrx_word' id='word_1_295' title='bbox 2188 1263 2276 1289; x_wconf 85' lang='lat' dir='ltr'><em>prae-</em></span> 
     </span>
     <span class='ocr_line' id='line_1_44' title="bbox 1268 1296 2275 1331; baseline 0.005 -10"><span class='ocrx_word' id='word_1_296' title='bbox 1268 1297 1455 1321; x_wconf 83' lang='lat' dir='ltr'><em>sentassent.</em></span> <span class='ocrx_word' id='word_1_297' title='bbox 1479 1296 1603 1327; x_wconf 53' lang='lat' dir='ltr'><em>(Pisais,</em></span> <span class='ocrx_word' id='word_1_298' title='bbox 1626 1296 1694 1322; x_wconf 84' lang='lat' dir='ltr'><em>Bib.</em></span> <span class='ocrx_word' id='word_1_299' title='bbox 1719 1298 1783 1322; x_wconf 86' lang='lat' dir='ltr'><em>nat.</em></span> <span class='ocrx_word' id='word_1_300' title='bbox 1808 1304 1864 1322; x_wconf 88' lang='lat' dir='ltr'><em>ms.</em></span> <span class='ocrx_word' id='word_1_301' title='bbox 1888 1297 1941 1323; x_wconf 84' lang='lat' dir='ltr'><em>lat.</em></span> <span class='ocrx_word' id='word_1_302' title='bbox 1966 1297 2043 1325; x_wconf 82' lang='grc'><strong>4038</strong></span> <span class='ocrx_word' id='word_1_303' title='bbox 2065 1298 2100 1330; x_wconf 85' lang='grc' dir='ltr'><em>Β,</em></span> <span class='ocrx_word' id='word_1_304' title='bbox 2124 1299 2143 1325; x_wconf 81' lang='lat' dir='ltr'><em>f.</em></span> <span class='ocrx_word' id='word_1_305' title='bbox 2170 1299 2206 1326; x_wconf 90' lang='grc'><em>13</em></span> <span class='ocrx_word' id='word_1_306' title='bbox 2228 1303 2275 1331; x_wconf 83' lang='lat' dir='ltr'><em>v0,</em></span> 
     </span>
     <span class='ocr_line' id='line_1_45' title="bbox 1267 1339 1373 1371; baseline 0.009 -7"><span class='ocrx_word' id='word_1_307' title='bbox 1267 1345 1291 1365; x_wconf 91' lang='lat' dir='ltr'><em>c.</em></span> <span class='ocrx_word' id='word_1_308' title='bbox 1312 1339 1373 1371; x_wconf 81' lang='lat'>40.)</span> 
     </span>
    </p>
   </div>
   <div class='ocr_carea' id='block_1_16' title="bbox 1266 1430 2275 1632">
    <p class='ocr_par' dir='ltr' id='par_1_16' title="bbox 1266 1430 2275 1632">
     <span class='ocr_line' id='line_1_46' title="bbox 1313 1430 2275 1466; baseline 0.005 -5"><span class='ocrx_word' id='word_1_309' title='bbox 1313 1443 1324 1457; x_wconf 88' lang='lat'>«</span> <span class='ocrx_word' id='word_1_310' title='bbox 1345 1455 1364 1461; x_wconf 92' lang='lat'><em>..</em></span> <span class='ocrx_word' id='word_1_311' title='bbox 1386 1430 1501 1462; x_wconf 86' lang='lat' dir='ltr'><em>abbali</em></span> <span class='ocrx_word' id='word_1_312' title='bbox 1521 1433 1549 1461; x_wconf 80' lang='lat' dir='ltr'><em>el</em></span> <span class='ocrx_word' id='word_1_313' title='bbox 1568 1432 1744 1463; x_wconf 76' lang='lat' dir='ltr'><em>conventui</em></span> <span class='ocrx_word' id='word_1_314' title='bbox 1764 1433 1961 1464; x_wconf 79' lang='lat' dir='ltr'><em>monasterii</em></span> <span class='ocrx_word' id='word_1_315' title='bbox 1981 1434 2083 1465; x_wconf 79' lang='lat' dir='ltr'><em>Beale</em></span> <span class='ocrx_word' id='word_1_316' title='bbox 2102 1434 2218 1466; x_wconf 84' lang='lat' dir='ltr'><em>Marie</em></span> <span class='ocrx_word' id='word_1_317' title='bbox 2237 1435 2275 1466; x_wconf 80' lang='lat' dir='ltr'><em>de</em></span> 
     </span>
     <span class='ocr_line' id='line_1_47' title="bbox 1268 1483 2274 1523; baseline 0.006 -10"><span class='ocrx_word' id='word_1_318' title='bbox 1268 1483 1413 1518; x_wconf 75' lang='lat' dir='ltr'><em>Seriaco.</em></span> <span class='ocrx_word' id='word_1_319' title='bbox 1462 1484 1786 1516; x_wconf 82' lang='lat' dir='ltr'><em>Premonslralensis</em></span> <span class='ocrx_word' id='word_1_320' title='bbox 1832 1486 1975 1523; x_wconf 80' lang='lat' dir='ltr'><em>ordinis,</em></span> <span class='ocrx_word' id='word_1_321' title='bbox 2024 1487 2274 1519; x_wconf 77' lang='lat' dir='ltr'><em>Ambianensis</em></span> 
     </span>
     <span class='ocr_line' id='line_1_48' title="bbox 1266 1536 2270 1578; baseline 0.007 -13"><span class='ocrx_word' id='word_1_322' title='bbox 1266 1536 1418 1568; x_wconf 74' lang='lat' dir='ltr'><em>diocesis.</em></span> <span class='ocrx_word' id='word_1_323' title='bbox 1443 1536 1534 1568; x_wconf 85' lang='lat' dir='ltr'><em>Sane</em></span> <span class='ocrx_word' id='word_1_324' title='bbox 1557 1540 1760 1578; x_wconf 82' lang='lat' dir='ltr'><em>presentata</em></span> <span class='ocrx_word' id='word_1_325' title='bbox 1784 1539 1885 1569; x_wconf 86' lang='lat' dir='ltr'><em>nobis</em></span> <span class='ocrx_word' id='word_1_326' title='bbox 1907 1558 1960 1570; x_wconf 27' lang='grc' dir='ltr'><em>ἡ.</em></span> <span class='ocrx_word' id='word_1_327' title='bbox 1985 1540 2068 1571; x_wconf 88' lang='lat' dir='ltr'><em>Dat.</em></span> <span class='ocrx_word' id='word_1_328' title='bbox 2094 1541 2270 1578; x_wconf 84' lang='lat' dir='ltr'><em>Laterani,</em></span> 
     </span>
     <span class='ocr_line' id='line_1_49' title="bbox 1266 1589 1875 1632; baseline 0.002 -13"><span class='ocrx_word' id='word_1_329' title='bbox 1266 1589 1297 1619; x_wconf 81' lang='lat' dir='ltr'>V</span> <span class='ocrx_word' id='word_1_330' title='bbox 1315 1589 1394 1619; x_wconf 83' lang='lat' dir='ltr'><em>idus</em></span> <span class='ocrx_word' id='word_1_331' title='bbox 1415 1590 1543 1630; x_wconf 82' lang='lat' dir='ltr'><em>aprilis,</em></span> <span class='ocrx_word' id='word_1_332' title='bbox 1565 1600 1658 1621; x_wconf 86' lang='lat' dir='ltr'><em>anno</em></span> <span class='ocrx_word' id='word_1_333' title='bbox 1678 1591 1841 1632; x_wconf 87' lang='lat' dir='ltr'><em>septimo.</em></span> <span class='ocrx_word' id='word_1_334' title='bbox 1863 1604 1875 1620; x_wconf 87' lang='lat'>»</span> 
     </span>
    </p>
   </div>
   <div class='ocr_carea' id='block_1_17' title="bbox 1350 1730 2192 1765">
    <p class='ocr_par' dir='ltr' id='par_1_17' title="bbox 1350 1730 2192 1765">
     <span class='ocr_line' id='line_1_50' title="bbox 1350 1730 2192 1765; baseline 0.008 -10"><span class='ocrx_word' id='word_1_335' title='bbox 1350 1730 1438 1756; x_wconf 85' lang='grc'><strong>3260</strong></span> <span class='ocrx_word' id='word_1_336' title='bbox 1704 1733 1753 1758; x_wconf 87' lang='lat' dir='ltr'><em>Au</em></span> <span class='ocrx_word' id='word_1_337' title='bbox 1777 1733 1906 1765; x_wconf 83' lang='lat' dir='ltr'><em>Lati-an,</em></span> <span class='ocrx_word' id='word_1_338' title='bbox 1929 1734 1946 1760; x_wconf 84' lang='lat'><strong>4</strong></span> <span class='ocrx_word' id='word_1_339' title='bbox 1970 1734 2082 1761; x_wconf 79' lang='lat' dir='ltr'><em>sevrier</em></span> <span class='ocrx_word' id='word_1_340' title='bbox 2106 1735 2192 1762; x_wconf 84' lang='lat'>1261.</span> 
     </span>
    </p>
   </div>
   <div class='ocr_carea' id='block_1_18' title="bbox 1265 1784 2267 1865">
    <p class='ocr_par' dir='ltr' id='par_1_18' title="bbox 1265 1784 2267 1865">
     <span class='ocr_line' id='line_1_51' title="bbox 1307 1784 2267 1820; baseline 0.006 -11"><span class='ocrx_word' id='word_1_341' title='bbox 1307 1784 1507 1810; x_wconf 82' lang='lat' dir='ltr'><em>Guillehnuin</em></span> <span class='ocrx_word' id='word_1_342' title='bbox 1540 1785 1668 1811; x_wconf 88' lang='lat' dir='ltr'><em>Guarini</em></span> <span class='ocrx_word' id='word_1_343' title='bbox 1700 1786 1730 1812; x_wconf 90' lang='lat' dir='ltr'><em>in</em></span> <span class='ocrx_word' id='word_1_344' title='bbox 1763 1787 1960 1820; x_wconf 87' lang='lat' dir='ltr'><em>capellanum</em></span> <span class='ocrx_word' id='word_1_345' title='bbox 1991 1795 2083 1814; x_wconf 89' lang='lat' dir='ltr'><em>suum</em></span> <span class='ocrx_word' id='word_1_346' title='bbox 2115 1789 2267 1815; x_wconf 88' lang='lat' dir='ltr'><em>admittit.</em></span> 
     </span>
     <span class='ocr_line' id='line_1_52' title="bbox 1265 1828 2117 1865; baseline 0.006 -12"><span class='ocrx_word' id='word_1_347' title='bbox 1265 1828 1389 1860; x_wconf 65' lang='lat' dir='ltr'><em>(Pmus,</em></span> <span class='ocrx_word' id='word_1_348' title='bbox 1404 1828 1472 1854; x_wconf 87' lang='lat' dir='ltr'><em>Bib.</em></span> <span class='ocrx_word' id='word_1_349' title='bbox 1490 1830 1554 1854; x_wconf 86' lang='lat' dir='ltr'><em>nat.</em></span> <span class='ocrx_word' id='word_1_350' title='bbox 1571 1836 1627 1855; x_wconf 84' lang='lat' dir='ltr'><em>mS.</em></span> <span class='ocrx_word' id='word_1_351' title='bbox 1644 1829 1698 1856; x_wconf 86' lang='lat' dir='ltr'><em>lat.</em></span> <span class='ocrx_word' id='word_1_352' title='bbox 1715 1829 1793 1856; x_wconf 81' lang='grc'>4038</span> <span class='ocrx_word' id='word_1_353' title='bbox 1807 1831 1843 1862; x_wconf 83' lang='grc' dir='ltr'><em>Β,</em></span> <span class='ocrx_word' id='word_1_354' title='bbox 1860 1831 1879 1857; x_wconf 82' lang='lat' dir='ltr'><em>f.</em></span> <span class='ocrx_word' id='word_1_355' title='bbox 1899 1831 1934 1857; x_wconf 87' lang='lat'><em>13</em></span> <span class='ocrx_word' id='word_1_356' title='bbox 1949 1835 1995 1863; x_wconf 70' lang='grc' dir='ltr'><em>νο,</em></span> <span class='ocrx_word' id='word_1_357' title='bbox 2012 1839 2037 1857; x_wconf 87' lang='lat' dir='ltr'><em>e.</em></span> <span class='ocrx_word' id='word_1_358' title='bbox 2054 1832 2117 1865; x_wconf 84' lang='lat'>41.)</span> 
     </span>
    </p>
   </div>
   <div class='ocr_carea' id='block_1_19' title="bbox 1262 1916 2271 2067">
    <p class='ocr_par' dir='ltr' id='par_1_19' title="bbox 1262 1916 2271 2067">
     <span class='ocr_line' id='line_1_53' title="bbox 1310 1916 2271 1955; baseline 0.006 -9"><span class='ocrx_word' id='word_1_359' title='bbox 1310 1929 1322 1945; x_wconf 86' lang='lat'>«</span> <span class='ocrx_word' id='word_1_360' title='bbox 1353 1916 1530 1948; x_wconf 80' lang='lat' dir='ltr'><em>Guillelmo</em></span> <span class='ocrx_word' id='word_1_361' title='bbox 1562 1918 1720 1955; x_wconf 88' lang='lat' dir='ltr'><em>Guarini,</em></span> <span class='ocrx_word' id='word_1_362' title='bbox 1746 1919 1875 1950; x_wconf 77' lang='lat' dir='ltr'><em>cantori</em></span> <span class='ocrx_word' id='word_1_363' title='bbox 1900 1920 2094 1951; x_wconf 81' lang='lat' dir='ltr'><em>Briualensi</em></span> <span class='ocrx_word' id='word_1_364' title='bbox 2120 1922 2148 1951; x_wconf 79' lang='lat' dir='ltr'><em>et</em></span> <span class='ocrx_word' id='word_1_365' title='bbox 2172 1930 2271 1952; x_wconf 83' lang='lat' dir='ltr'><em>cano-</em></span> 
     </span>
     <span class='ocr_line' id='line_1_54' title="bbox 1262 1969 2269 2014; baseline 0.006 -14"><span class='ocrx_word' id='word_1_366' title='bbox 1262 1969 1338 2000; x_wconf 89' lang='lat' dir='ltr'><em>nico</em></span> <span class='ocrx_word' id='word_1_367' title='bbox 1373 1970 1566 2002; x_wconf 83' lang='lat' dir='ltr'><em>Aniciensi.</em></span> <span class='ocrx_word' id='word_1_368' title='bbox 1604 1971 1737 2003; x_wconf 84' lang='lat' dir='ltr'><em>Meritis</em></span> <span class='ocrx_word' id='word_1_369' title='bbox 1773 1975 1832 2003; x_wconf 83' lang='lat' dir='ltr'><em>tue</em></span> <span class='ocrx_word' id='word_1_370' title='bbox 1868 1973 2057 2014; x_wconf 82' lang='lat' dir='ltr'><em>probitatis</em></span> <span class='ocrx_word' id='word_1_371' title='bbox 2092 1992 2146 2005; x_wconf 76' lang='lat'><em>—.</em></span> <span class='ocrx_word' id='word_1_372' title='bbox 2185 1974 2269 2007; x_wconf 72' lang='lat' dir='ltr'><em>Dat.</em></span> 
     </span>
     <span class='ocr_line' id='line_1_55' title="bbox 1266 2023 2203 2067; baseline 0.005 -14"><span class='ocrx_word' id='word_1_373' title='bbox 1266 2023 1442 2060; x_wconf 86' lang='lat' dir='ltr'><em>Laterani,</em></span> <span class='ocrx_word' id='word_1_374' title='bbox 1475 2024 1507 2055; x_wconf 91' lang='lat' dir='ltr'><em>II</em></span> <span class='ocrx_word' id='word_1_375' title='bbox 1536 2034 1647 2056; x_wconf 87' lang='lat' dir='ltr'><em>nonas</em></span> <span class='ocrx_word' id='word_1_376' title='bbox 1674 2025 1851 2061; x_wconf 85' lang='lat' dir='ltr'><em>februarii,</em></span> <span class='ocrx_word' id='word_1_377' title='bbox 1880 2035 1972 2056; x_wconf 92' lang='lat' dir='ltr'><em>anno</em></span> <span class='ocrx_word' id='word_1_378' title='bbox 2000 2026 2162 2067; x_wconf 88' lang='lat' dir='ltr'><em>septimo.</em></span> <span class='ocrx_word' id='word_1_379' title='bbox 2192 2040 2203 2055; x_wconf 73' lang='grc' dir='ltr'><strong>υ</strong></span> 
     </span>
    </p>
   </div>
   <div class='ocr_carea' id='block_1_20' title="bbox 776 2435 1642 2469">
    <p class='ocr_par' dir='ltr' id='par_1_20' title="bbox 776 2435 1642 2469">
     <span class='ocr_line' id='line_1_56' title="bbox 776 2435 1642 2469; baseline 0.001 -2"><span class='ocrx_word' id='word_1_380' title='bbox 776 2443 841 2467; x_wconf 69' lang='grc' dir='ltr'><em>ΠΝ</em></span> <span class='ocrx_word' id='word_1_381' title='bbox 865 2444 917 2467; x_wconf 71' lang='grc' dir='ltr'><em>οε</em></span> <span class='ocrx_word' id='word_1_382' title='bbox 940 2444 987 2467; x_wconf 77' lang='lat' dir='ltr'><em>LA</em></span> <span class='ocrx_word' id='word_1_383' title='bbox 1011 2435 1196 2467; x_wconf 64' lang='grc' dir='ltr'>ΒΕΡΤῙὲΜΕ</span> <span class='ocrx_word' id='word_1_384' title='bbox 1222 2446 1268 2468; x_wconf 84' lang='lat' dir='ltr'><em>ET</em></span> <span class='ocrx_word' id='word_1_385' title='bbox 1291 2437 1488 2469; x_wconf 60' lang='lat' dir='ltr'>DERNH&#39;ERE</span> <span class='ocrx_word' id='word_1_386' title='bbox 1512 2437 1642 2468; x_wconf 71' lang='grc' dir='ltr'>ΑΝΝὲΕ</span> 
     </span>
    </p>
   </div>
   <div class='ocr_carea' id='block_1_21' title="bbox 1038 2956 1841 2966">
    <p class='ocr_par' dir='ltr' id='par_1_21' title="bbox 1038 2956 1841 2966">
     <span class='ocr_line' id='line_1_57' title="bbox 1038 2956 1841 2966; baseline 0 0"><span class='ocrx_word' id='word_1_387' title='bbox 1038 2956 1841 2966; x_wconf 95' lang='lat' dir='ltr'><em> </em></span> 
     </span>
    </p>
   </div>
   <div class='ocr_carea' id='block_1_22' title="bbox 750 2970 1682 2997">
    <p class='ocr_par' dir='ltr' id='par_1_22' title="bbox 750 2970 1682 2997">
     <span class='ocr_line' id='line_1_58' title="bbox 750 2970 1682 2997; baseline 0.002 -6"><span class='ocrx_word' id='word_1_388' title='bbox 750 2970 928 2992; x_wconf 80' lang='lat' dir='ltr'>FONDERIE</span> <span class='ocrx_word' id='word_1_389' title='bbox 950 2971 998 2993; x_wconf 92' lang='lat' dir='ltr'><em>DU</em></span> <span class='ocrx_word' id='word_1_390' title='bbox 1021 2972 1107 2997; x_wconf 85' lang='lat' dir='ltr'><em>MlDI,</em></span> <span class='ocrx_word' id='word_1_391' title='bbox 1129 2973 1168 2995; x_wconf 78' lang='lat'><em>67.</em></span> <span class='ocrx_word' id='word_1_392' title='bbox 1183 2973 1242 2993; x_wconf 68' lang='lat' dir='ltr'><em>Rue</em></span> <span class='ocrx_word' id='word_1_393' title='bbox 1262 2974 1430 2993; x_wconf 70' lang='lat' dir='ltr'>MONTM132.1AN</span> <span class='ocrx_word' id='word_1_394' title='bbox 1446 2986 1476 2988; x_wconf 81' lang='lat'><strong>—</strong></span> <span class='ocrx_word' id='word_1_395' title='bbox 1490 2973 1682 2994; x_wconf 78' lang='lat' dir='ltr'>BORDEAUX</span> 
     </span>
    </p>
   </div>
  </div>
 </body>
</html>
