2477 3512
981 262 1184 302 SIXIEME
1210 262 1376 300 ANNEE
2172 272 2234 303 109

190 376 282 403 3085
626 376 761 410 Anagni,
786 375 822 403 17
846 375 924 403 avril
949 376 1035 403 1260.

150 429 292 464 Magistri
327 429 465 461 Martini,
501 429 654 463 capellani
689 429 853 463 apostolici
887 430 919 456 et
952 428 1119 462 Burgensis

94 468 257 501 ‘ecclesiae
278 473 398 505 decani,
419 473 604 500 electionem
624 472 656 499 in
676 472 817 506 ejusdem
838 472 983 499 ecclesiae
1003 472 1121 506 episco-

110 525 188 553 pum
216 517 418 548 contii-mam,
448 517 581 544 mandat
615 516 754 550 capitulo
783 516 934 550 Burgensi
966 517 1002 543 ut
1032 523 1122 550 prae·-

113 562 198 589 dicto
213 561 349 588 Martino
364 561 504 588 debitam
518 560 705 594 impendant
720 560 942 587 obedientiam.
959 559 1056 593 (REO.
1072 559 1121 592 25,

112 606 134 633 t.
151 606 221 638 244,
237 612 287 632 an.
304 605 360 637 VI,
376 612 401 632 c.
419 604 482 638 40.)

157 716 169 732 «
188 702 349 745 Capitulo
366 702 499 735 ecclesie
515 702 699 743 Buryensi.
719 702 883 734 Rationis
901 701 1010 733 oculis
1027 701 1122 733 intu-

111 759 210 789 entes
224 775 279 788 —-.
297 756 381 788 Dat.
398 755 570 797 Anagnie,
588 755 656 787 XV
671 754 740 787 kal.
758 754 852 792 maii,
871 765 963 786 anno
979 757 1091 786 sexto.
1108 773 1122 778 -
1173 785 1175 792 Α

194 928 283 954 3088
631 926 766 960 Anagni‚
791 926 827 953 17
850 926 928 953 avril
953 926 1040 953 1260.

151 980 239 1008 Clero
252 980 460 1014 Burgensium
474 979 614 1006 civitatis
628 981 659 1006 et
674 979 804 1006 diocesis
818 979 849 1006 in
864 987 889 1006 e.
905 987 946 1006 m.
961 980 1059 1013 (ΒΕΘ.
1074 980 1123 1015 25,

110 1025 131 1052 t.
150 1025 219 1057 244,
237 1032 288 1052 an.
307 1024 362 1057 VI,
381 1024 410 1051 d.
429 1024 470 1058 c.)

157 1133 170 1150 «
192 1120 286 1154 Clero
308 1122 541 1164 Burqensium
563 1122 710 1154 ciuitatis
732 1124 760 1153 el
781 1122 935 1154 diocesis.
959 1122 1123 1154 Rationis

111 1174 220 1206 oc'ulis
240 1174 421 1207 intuentes
442 1176 630 1207 commoda
651 1178 718 1207 etc.
742 1178 781 1207 ut
803 1176 837 1207 in
860 1176 927 1207 alia
950 1175 993 1207 de
1013 1175 1122 1207 verbo

111 1227 156 1259 ad
178 1228 327 1260 verbum
350 1238 460 1270 usque
482 1228 517 1260 in
538 1229 658 1260 finem.
684 1241 695 1257 »

192 1408 281 1434 8087
627 1408 764 1442 Anagni,
788 1408 825 1435 17
849 1408 928 1435 avril
954 1408 1040 1435 1260.

152 1461 272 1496 Populo
298 1461 507 1496 Burgensium
534 1461 673 1489 civitatis
703 1463 734 1488 et
763 1461 893 1488 diocesis
925 1461 1059 1488 mandat
1087 1463 1123 1488 ut

112 1505 189 1533 dicti
202 1505 292 1533 electi
305 1506 341 1532 ut
355 1505 490 1540 pastoris
504 1505 633 1533 monitis
646 1505 826 1532 intendant.
842 1505 939 1539 (Rau.
954 1505 1003 1537 25,
1018 1505 1039 1532 f.
1054 1505 1124 1537 244,
1175 1529 1177 1535 ,

110 1556 160 1576 an.
178 1549 235 1582 Vl,
252 1549 282 1577 d.
299 1549 340 1583 c.)

157 1659 170 1676 «
200 1646 334 1689 Populo
365 1647 598 1689 Burqensium
630 1647 777 1678 civitatis
808 1648 837 1678 et
867 1646 1020 1678 diocesis.
1054 1646 1125 1678 Ra-

111 1700 218 1732 tionis
239 1700 348 1732 oculis
369 1701 549 1733 intuentes
570 1720 625 1732 —.
649 1700 732 1732 Dat.
758 1703 795 1731 ut
818 1700 853 1731 in
876 1700 954 1731 alia.
980 1712 991 1728 n

194 1877 282 1904 3088
630 1877 766 1911 Anagni,
790 1877 828 1904 17
852 1876 931 1904 avril
956 1876 1042 1904 1260.

153 1931 233 1966 Regi
257 1930 410 1958 Castellae
434 1932 466 1958 et
491 1930 634 1964 Legionis
658 1930 859 1965 praedictum
883 1930 1018 1957 electum
1042 1937 1124 1957 com-

114 1976 255 2003 mendat.
272 1975 369 2009 (REO.
386 1975 435 2007 25,
450 1975 471 2002 f.
488 1975 557 2007 244,
572 1983 623 2002 an.
638 1975 694 2007 VI,
711 1975 740 2001 d.
756 1974 797 2008 c.)

157 2087 170 2103 «
201 2099 220 2106 ..
254 2073 379 2106 illustri
410 2074 480 2115 reyi
513 2073 655 2105 Castelle
685 2083 724 2105 ac
754 2073 927 2114 Leqionis.
961 2073 1125 2105 Rationis

112 2127 232 2160 oculos
257 2127 345 2168 (sic)
368 2127 549 2158 intuentes
570 2146 626 2158 —.
650 2127 733 2158 Dat.
758 2129 797 2158 ut
818 2126 853 2158 in
876 2127 955 2158 alia.
980 2139 992 2155 n

197 2301 286 2328 3089
633 2301 768 2335 Anagni‚
793 2301 830 2328 17
853 2301 932 2328 avril
956 2301 1043 2329 1260.

155 2354 295 2388 Reginae
312 2354 464 2381 Castellae
481 2361 516 2381 ac
533 2353 686 2388 Legionis,
703 2353 734 2380 in
751 2362 820 2381 e.m.
838 2355 936 2388 (Rau.
953 2355 1002 2387 25,
1019 2354 1039 2381 f.
1057 2355 1125 2385 244,

116 2406 166 2426 an.
185 2398 240 2432 Vl,
257 2399 287 2426 d.
305 2398 346 2433 c.)

162 2509 175 2525 «
201 2521 221 2529 ..
249 2495 374 2528 illustri
400 2496 515 2538 reqine
542 2495 681 2529 Castille
706 2498 734 2527 el
760 2496 933 2537 Leqionis.
962 2495 1125 2527 Rationis

117 2549 225 2581 oculis
247 2549 427 2582 intuentes
450 2569 504 2581 -.
530 2552 569 2581 ut
592 2549 626 2581 in
650 2549 729 2581 alia.
755 2562 767 2577 n

201 2736 290 2763 ³080
635 2737 770 2771 Anagni,
795 2737 831 2764 17
854 2737 933 2765 avril
957 2737 1043 2765 1260.

160 2789 271 2817 Eidem
292 2790 390 2817 electo
412 2790 544 2816 mandat
567 2791 602 2816 ut
623 2790 769 2816 ecclesiae
790 2790 849 2817 sibi
870 2791 1053 2818 commissae
1075 2798 1128 2818 cu-

119 2841 186 2861 ram
199 2833 329 2861 sollicite
344 2835 441 2868 gerat.
457 2834 554 2868 (REG.
571 2834 619 2865 25,
634 2834 654 2860 f.
671 2833 739 2866 244,
754 2841 803 2861 an.
820 2834 875 2867 Vl,
889 2835 919 2861 d.
934 2835 974 2869 c.)

165 2943 177 2960 «
208 2931 380 2972 Mayistro
413 2931 582 2970 Marlino,
617 2933 789 2974 Buryensi
822 2931 929 2965 electo.
964 2933 1128 2965 Rationis

119 2984 228 3016 oculis
252 2984 432 3016 intuentes
455 3003 510 3016 ——.
536 2985 618 3017 Dat.
645 2989 684 3017 ut
708 2986 741 3017 in
766 2985 845 3017 alia.
871 2998 884 3015 »

1310 375 1393 402 3091
1661 376 1796 409 Αῐιειςηί,
1820 377 1854 403 21
1880 377 2042 405 decembre
2066 378 2152 405 1259.

1269 428 1412 455 Personis
1439 429 1639 456 ecclesiaticis
1665 429 1869 455 Tornacensis
1896 430 2024 456 diocesis
2050 431 2170 458 fructus
2196 439 2235 458 ex

1229 472 1419 507 quibusdam
1439 473 1566 499 decimis
1585 480 1602 499 a
1620 472 1705 499 laicis
1725 473 1861 499 detentis
1880 480 1957 506 quas
1976 474 2006 500 in
2025 474 2135 507 pignus
2154 482 2235 502 rece-

1228 518 1352 550 perant,
1370 518 1534 550 perceptos
1552 517 1660 543 donat.
1680 517 1777 550 (REO.
1796 517 1845 549 25,
1864 517 1883 543 f.
1903 517 1971 549 244,
1990 525 2039 544 an.
2059 518 2113 550 VI,
2131 526 2156 545 c.
2175 519 2209 546 41
2228 528 2235 552 ;

1230 560 1402 587 ΡοττΗΑετ
1420 561 1542 594 17830.)

1275 664 1287 680 ι(
1314 677 1333 683 ..
1361 652 1554 694 episcopm..
1582 652 1706 683 decano
1733 654 1761 682 et
1786 652 1935 693 capitulo
1965 652 2236 684 Tornacensibus

1228 714 1267 736 ac
1311 704 1391 736 aliis
1437 704 1652 736 ecclesiarum
1697 707 1725 735 el
1769 705 2050 736 monasteriorum
2097 705 2237 747 prelatis

1229 767 1407 799 eorumque
1426 757 1598 799 capitulis,
1620 758 1838 789 conuentibus
1858 759 1886 789 et
1905 757 2054 799 colleqiis
2071 766 2110 789 ac
2124 757 2237 789 celeris

1230 810 1359 843 clericis
1383 811 1650 842 Tornucensium
1672 811 1818 842 ciuitatis
1839 813 1867 842 et
1887 811 2039 842 diocesis
2063 811 2117 842 Ex
2137 813 2237 852 parte

1230 867 1349 896 vestra
1378 864 1446 895 fuit
1474 863 1574 895 nobis
1602 864 1783 896 humiliter
1809 864 2049 905 supplicatum
2078 866 2128 900 ut,
2158 873 2235 896 cum

1230 927 1294 948 vos
1325 917 1407 948 olim
1440 917 1613 958 quasdam
1645 917 1799 948 decimas
1831 917 1994 948 detentas
2026 926 2045 948 a
2076 916 2172 948 laicis
2203 916 2238 947 in

1233 970 1424 1012 parrochiis
1452 970 1677 1002 ecclesiarum
1707 969 1844 1001 illarum
1874 970 1908 1001 in
1938 970 2066 1011 quibus
2093 969 2150 1010 jus
2179 978 2240 1010 pa-

1231 1026 1396 1055 tronatus
1420 1033 1479 1055 seu
1506 1023 1631 1055 altaria
1657 1023 1712 1054 vel
1739 1026 1876 1065 partem
1902 1023 2057 1064 aliquam
2082 1022 2239 1064 ipsarum

1232 1076 1449 1109 decimarum
1485 1076 1714 1113 obtinebatis,
1752 1076 1786 1107 in
1822 1076 1949 1117 pignus
1984 1075 2184 1117 receperitis
2219 1085 2239 1107 a

1231 1129 1328 1161 laicis
1345 1130 1569 1172 supradictis,
1588 1132 1623 1161 et
1641 1130 1777 1161 fructus
1795 1129 2020 1171 perceperitis
2037 1137 2082 1160 ex
2095 1128 2238 1166 eisdem,

1232 1183 1429 1225 prospicere
1454 1183 1489 1214 in
1515 1183 1580 1214 hac
1606 1185 1706 1224 parte
1731 1182 1832 1214 vobis
1857 1185 1892 1213 et
1917 1181 2140 1213 conscientiis
2163 1191 2240 1213 ves—

1230 1236 1294 1267 tris
1323 1236 1365 1267 (le
1394 1236 1613 1277 benignitate
1641 1236 1745 1267 solita
1774 1244 1988 1266 curaremus,
2018 1235 2106 1266 Cum
2134 1234 2241 1275 igitur

1231 1289 1435 1330 hujusmodi
1473 1289 1564 1320 bona
1600 1289 1671 1320 sint
1706 1288 1942 1320 ecclesiastica
1977 1290 2013 1319 et
2048 1287 2083 1318 in
2119 1290 2239 1319 nostra

1231 1343 1387 1385 plenarie
1428 1344 1607 1384 potestate
1648 1342 1857 1377 consistant,
1901 1351 1963 1372 nos
2003 1340 2164 1372 volentes
2204 1342 2240 1371 et

1231 1396 1430 1428 animarum
1463 1398 1662 1427 vestrarum
1695 1394 1802 1426 saluti
1834 1394 2014 1425 consulere
2046 1396 2081 1425 et
2112 1393 2240 1425 vestris

1231 1449 1554 1491 indempnitatibus
1600 1448 1795 1490 providere,
1841 1447 1942 1478 vobis
1988 1446 2160 1477 universis
2203 1448 2239 1477 et

1231 1503 1376 1544 singulis
1412 1502 1589 1544 predictos
1625 1502 1761 1532 fructus
1797 1502 1982 1542 perceptos
2017 1508 2061 1531 ex
2095 1499 2239 1531 decimis

1231 1555 1437 1596 hujusmodi
1476 1555 1670 1596 apostolica
1710 1553 1924 1585 auctoritate
1963 1553 2148 1589 donamus,
2187 1551 2238 1583 ita

1231 1609 1326 1650 quod
1348 1609 1425 1640 illos
1447 1608 1481 1639 in
1504 1610 1635 1639 sortem
1658 1607 1860 1638 nullatenus
1882 1605 2073 1637 teneamini
2095 1614 2240 1646 compu-

1231 1664 1318 1698 tare,
1346 1671 1407 1692 nec
1434 1671 1497 1692 vos
1521 1660 1575 1692 vel
1601 1669 1817 1691 successores
1841 1659 1950 1690 vestri
1975 1659 2020 1690 ad
2044 1657 2240 1689 restitutio-

1233 1725 1313 1747 nem
1340 1714 1543 1755 hujusmodi
1572 1714 1753 1744 fructuum
1780 1712 1993 1744 remaneatis
2020 1710 2240 1753 quomodoli-

1232 1768 1293 1800 bet
1325 1767 1482 1809 obligati,
1517 1766 1773 1798 constitutione
1806 1764 1924 1806 aliqua
1958 1774 2027 1795 non
2060 1764 2238 1796 obstante.
2274 1760 2277 1763 ⁴

1233 1821 1328 1853 Nulli
1361 1823 1479 1852 nostre
1510 1819 1713 1851 donationis
1744 1821 1811 1850 etc.
1845 1818 1928 1849 Dat.
1961 1817 2131 1858 Anagnie,
2166 1816 2239 1848 XII

1232 1874 1301 1906 kal.
1319 1873 1483 1915 januarii,
1504 1882 1596 1904 anno
1615 1874 1727 1903 sexto.
1749 1884 1761 1899 >v

1315 2032 1518 2058 3092-3093
1751 2030 1885 2064 Anagni‚
1910 2030 1946 2056 17
1970 2029 2048 2056 avril
2071 2028 2158 2056 1260.

1273 2086 1400 2113 Eisdem
1432 2085 1573 2118 indulget
1606 2086 1641 2111 ut
1673 2084 1850 2118 praedictos
1882 2083 2003 2109 fructus
2036 2090 2107 2109 suos
2139 2082 2240 2108 facere

1233 2131 1354 2166 possint
1383 2130 1441 2156 nisi
1469 2130 1546 2156 dicti
1573 2129 1643 2156 laici
1672 2129 1807 2155 decimas
1836 2127 2011 2154 redimeant
2040 2127 2239 2153 memoratas.

1230 2175 1327 2209 (Rau.
1345 2175 1394 2207 25,
1411 2174 1431 2201 f.
1449 2174 1507 2201 244
1523 2178 1569 2207 νο,
1587 2181 1636 2200 an.
1654 2173 1709 2204 VI,
1726 2180 1751 2199 c.
1769 2172 1804 2198 41
1835 2172 1905 2205 bis.)
1918 2171 1928 2188 ¹

1276 2279 1289 2295 «
1313 2266 1463 2297 Eisdem.
1491 2265 1547 2296 Ex
1571 2267 1671 2307 parte
1697 2265 1815 2295 vestra
1841 2282 1885 2284 —
1909 2261 2064 2293 remedio
2103 2268 2241 2292 curare-

1233 2329 1321 2352 mus.
1359 2320 1445 2351 Cum
1481 2318 1602 2359 itaque
1638 2316 1841 2358 hujusmodi
1877 2315 1969 2346 bona
2004 2313 2239 2346 ecclesiastica

1230 2373 1265 2404 in
1289 2375 1408 2404 nostra
1431 2371 1534 2413 plena
1557 2370 1787 2411 dispositione
1809 2368 2017 2404 consistant,
2040 2366 2142 2398 vobis
2164 2365 2240 2397 uni-

1231 2426 1322 2457 versi
1352 2428 1386 2456 et
1416 2424 1560 2465 singulis
1590 2423 1805 2454 auctoritate
1836 2420 2053 2463 presentium
2082 2419 2239 2459 indulge-

1231 2488 1310 2511 mus
1333 2480 1383 2515 ut,
1408 2478 1435 2509 si
1459 2477 1543 2509 dicti
1567 2475 1644 2507 laici
1669 2485 1687 2506 a
1711 2474 1812 2506 vohis
1836 2484 1905 2505 non
1928 2473 2126 2505 redimeant
2149 2471 2240 2503 deci-

1231 2541 1307 2563 mas
1328 2532 1554 2565 memoratas,
1578 2540 1619 2560 ne
1641 2531 1786 2570 propter
1806 2527 2013 2559 memoriam
2035 2524 2238 2566 hujusmodi

1230 2584 1332 2615 vobis
1357 2584 1413 2615 vel
1438 2583 1522 2614 locis
1548 2582 1674 2614 vestris
1700 2583 1818 2623 posset
1844 2579 1987 2621 aliquod
2014 2577 2238 2619 dispendium

1231 2637 1424 2673 imminere,
1461 2636 1565 2667 liceat
1600 2634 1701 2665 vobis
1737 2636 1771 2665 et
1807 2632 2065 2664 successoribus
2100 2629 2237 2665 vestris,

1231 2691 1342 2722 donec
1366 2690 1410 2721 ab
1434 2689 1482 2720 cis
1505 2689 1686 2729 redempte
1710 2687 1839 2718 fuerint
1865 2684 2069 2726 hujusmodi
2093 2682 2236 2718 decime,

1231 2744 1345 2775 facere
1386 2743 1522 2773 fructus
1563 2744 1691 2772 rcstros
1732 2740 1872 2770 interim
1914 2736 2155 2779 percipiendos
2195 2743 2239 2766 ex

1231 2797 1315 2838 ipsis
1352 2805 1480 2836 eosque
1519 2805 1587 2825 non
1626 2793 1817 2825 teneamini
1855 2793 2059 2832 computere
2096 2789 2129 2819 in
2167 2797 2239 2819 sor-

1230 2853 1303 2881 tem
1322 2868 1377 2880 —.
1399 2849 1481 2880 Dat.
1502 2847 1671 2887 Auagnic,
1694 2845 1761 2878 XV
1780 2846 1848 2876 kal.
1868 2844 1962 2880 maii,
1982 2852 2074 2874 anno
2094 2843 2206 2873 sexto.
2226 2853 2239 2870 n

1266 2961 1286 2981 1.
1305 2960 1344 2981 En
1363 2964 1448 2984 marge
1466 2960 1503 2979 est
1523 2959 1583 2978 ecrit
1602 2964 1608 2979 z
1626 2958 1680 2978 Due
1698 2957 1745 2977 alie
1763 2956 1868 2981 esusdem
1887 2954 1975 2975 tenoris
1993 2953 2090 2978 luerunt
2107 2950 2239 2976 revisitare»

1235 2996 1298 3022 (acta
1312 2995 1434 3016 additione
1450 2994 1519 3014 istius
1533 2993 1637 3013 clausule
1653 2999 1658 3013 :
1673 2992 1840 3013 constitutione
1853 2990 1935 3015 aliqua
1949 2990 1996 3010 ete.
