2477 3512
212 280 272 310 788
935 274 1193 308 REGISTRES
1215 273 1551 307 D’ALEXANDRE
1572 273 1620 306 1v

214 386 347 425 ejusque
370 386 510 424 prelatos
532 393 569 414 ac
592 393 738 423 proceros
761 383 910 422 gerimuS,
933 383 977 411 sic
1000 391 1057 412 nos
1080 382 1162 412 circa
1185 389 1222 412 ea

215 448 277 477 que
303 438 402 477 ipsius
429 437 515 476 regni
543 437 733 475 profectum,
761 445 797 465 ac
825 436 999 465 eorundem
1026 435 1223 473 prelatorum

216 494 249 521 et
269 500 434 530 procerum
447 490 600 519 honorem
612 489 797 527 respiciunt,
817 488 1000 526 redditjugi
1013 487 1224 517 meditatione

217 544 326 582 vigiles
355 546 387 572 et
416 542 573 572 indefessa
603 541 816 571 sollicitudine
845 541 889 570 sic
918 541 1071 573 intentos,
1101 542 1138 569 ut
1168 548 1225 569 nec

216 599 400 635 torpeamus
434 595 466 624 in
501 595 560 624 hiis
594 594 729 632 alicujus
764 593 953 632 negligentie
987 602 1132 631 sompno,
1169 600 1226 621 nec

216 651 465 688 quantecunque
494 647 684 677 attentionis
703 646 810 676 studio
829 646 1011 684 fatigemur,
1031 645 1108 684 quin
1128 645 1227 674 immo

216 703 300 731 inter
320 701 382 730 alia
404 710 465 739 que
487 700 578 729 nobis
600 700 831 729 consideranda
853 699 1033 732 imminent,
1055 700 1088 727 et
1109 697 1228 736 cogita-

215 754 302 784 tione
328 754 410 783 circa
428 754 485 782 hec
503 761 666 782 versemur
683 753 792 782 sedula
810 755 842 781 et
870 761 933 790 quo
952 751 1134 789 diligentius
1152 759 1229 788 pen-

215 816 324 837 samus
343 807 374 836 in
395 807 439 836 eis
458 815 495 835 eo
514 806 729 835 accendamur
747 804 924 834 ferventius
952 812 1024 842 erga
1054 804 1133 842 ipsa,
1162 812 1229 832 ma-

215 860 304 890 ximo
340 868 479 898 namque
517 858 672 888 desiderio
709 858 926 897 predictorum
963 857 1159 895 prelatorum
1197 858 1230 885 et

216 921 384 952 procerum
416 912 557 951 quietem
590 911 784 950 appetimus,
817 910 968 948 omnique
1012 909 1173 938 salubrem
1197 910 1230 937 et

217 974 405 1004 prosperum
445 965 531 1003 regni
563 964 679 1003 prefati
710 966 833 993 statum
865 962 1037 993 affectione
1069 962 1228 995 zelamur;

217 1021 251 1048 et
280 1018 354 1047 licet
384 1018 425 1047 ad
456 1017 581 1046 diversa
611 1019 643 1046 et
673 1017 773 1046 ardua
805 1025 843 1045 ex
881 1015 1083 1054 apostolatus
1121 1014 1229 1044 officio

217 1071 315 1101 variis
339 1070 571 1109 profundisque
595 1069 845 1108 cogitationibus
869 1068 1076 1098 intendamus
1091 1067 1228 1101 assidue,

220 1124 355 1154 istorum
379 1126 487 1152 tamen
512 1122 760 1152 considerationi
783 1131 820 1151 eo
844 1121 1003 1151 attentius
1026 1120 1230 1150 imminemus

220 1186 284 1216 quo
303 1176 424 1206 affectu
445 1175 559 1214 majori
578 1175 726 1213 angimur
745 1174 826 1204 circa
847 1174 899 1204 illa
919 1183 976 1212 pro
996 1174 1113 1212 quibus
1132 1173 1231 1202 etiam

221 1239 239 1259 a
265 1229 453 1268 pensatione
477 1228 687 1258 subducimur
710 1227 855 1257 aliorum.

261 1289 381 1317 Verum
412 1288 486 1326 quia
517 1287 734 1316 intelleximus
764 1287 861 1325 quod,
892 1286 1067 1324 instigante
1099 1284 1233 1314 humani

218 1341 341 1381 generis
389 1340 529 1374 inimico,
579 1340 686 1378 gravis
731 1339 814 1368 inter
859 1339 1018 1378 quosdam
1063 1347 1102 1367 ex
1155 1337 1232 1376 ipsis

220 1394 350 1433 prelatis
377 1403 416 1423 ex
443 1396 534 1432 parte
561 1402 635 1427 una,
669 1395 702 1422 et
729 1392 898 1422 nonnullos
926 1392 1060 1421 barones
1087 1391 1231 1429 ejusdem

220 1447 318 1486 regni,
339 1456 379 1476 ex
398 1447 509 1480 altera,
532 1446 617 1484 quod
640 1445 783 1475 dolentes
810 1444 985 1479 referimus,
1004 1444 1162 1473 discordia
1184 1446 1233 1473 est

221 1503 345 1534 exorta,
366 1508 438 1529 curn
457 1502 489 1528 et
508 1499 586 1528 dicti
604 1498 719 1537 prelati
738 1498 878 1537 quedam
897 1497 1041 1527 indebita
1060 1499 1092 1526 et
1110 1497 1231 1535 injusta

221 1556 329 1592 petere
355 1553 396 1582 ab
421 1552 498 1591 ipsis
523 1552 707 1584 baronibus,
733 1551 895 1590 iidemque
920 1551 1055 1580 barones
1080 1550 1232 1588 predictis

221 1605 352 1644 prelatis
384 1614 479 1644 super
511 1604 756 1643 quampluribus
796 1603 938 1633 articulis
979 1603 1073 1632 valde
1106 1602 1234 1632 molesti

222 1661 255 1688 et
284 1658 430 1697 injuriosi
457 1667 523 1687 esse
552 1658 711 1691 dicantur,
740 1666 797 1686 nos
824 1659 896 1686 toto
923 1656 1041 1685 mentis
1068 1656 1234 1694 cupientes

222 1711 343 1741 affectu
370 1713 406 1740 ut
433 1710 555 1740 dissidii
580 1709 682 1739 fornes
708 1710 919 1748 extinguatur
943 1709 976 1738 in
1002 1709 1056 1743 eis,
1090 1708 1235 1738 scandali

222 1764 355 1795 tollatur
374 1763 497 1794 occasio
528 1772 565 1793 ac
585 1763 688 1792 omnis
708 1762 864 1792 discordie
883 1762 1018 1791 materia
1038 1761 1167 1800 penitus
1181 1770 1234 1790 ex-

223 1813 372 1851 tirpetur,
392 1815 552 1851 quatenus
571 1811 750 1841 dilectionis
768 1814 800 1840 et
818 1811 906 1850 pacis
924 1810 1069 1840 contenti
1087 1810 1234 1844 nexibus,

224 1866 256 1895 in
276 1875 307 1895 se
320 1865 396 1904 ipsis
409 1874 542 1894 suavem
561 1866 593 1894 et
611 1864 772 1894 salubrem
790 1864 878 1902 pacis
896 1863 1038 1892 fructum
1054 1863 1086 1892 in
1100 1862 1236 1901 propriis

226 1919 399 1957 degustent
420 1917 608 1951 commodis,
630 1919 663 1946 et
684 1917 725 1946 ad
747 1917 825 1946 alios
847 1917 946 1955 ipsius
969 1916 1170 1945 dulcedinem
1192 1915 1236 1945 ef-

226 1971 366 2001 fundant
397 1970 601 2000 laudabiliter
624 1979 680 2008 per
703 1970 896 2008 exemplum,
922 1969 1034 1998 habito
1057 1978 1153 2007 super
1176 1968 1236 1997 hiis

226 2024 363 2054 fratrum
397 2026 580 2053 nostrorum
607 2032 680 2052 cum
706 2023 809 2052 multa
837 2022 1066 2051 deliberatione
1093 2021 1235 2056 consilio,

227 2078 376 2107 volumus
387 2079 419 2106 et
430 2076 627 2106 fraternitati
638 2078 693 2105 tue
705 2085 761 2114 per
771 2075 948 2114 apostolica
959 2075 1078 2113 scripta
1091 2074 1236 2104 districte

227 2130 431 2169 precipiendo
467 2129 660 2158 mandamus
696 2128 850 2167 quatinus
886 2128 955 2157 illos
991 2128 1142 2166 prelatos,
1180 2127 1236 2166 qui

227 2183 411 2221 hujusmodi
455 2182 706 2212 controversiam
750 2190 822 2211 curn
866 2181 1018 2219 predictis
1062 2180 1237 2210 baronibus

228 2237 344 2266 habere
364 2237 550 2269 noscuntur,
570 2235 611 2264 ad
631 2235 771 2273 aliquem
799 2243 1003 2263 communem
1031 2234 1147 2267 locum,
1182 2233 1237 2262 ubi

229 2289 340 2318 melius
382 2288 442 2317 tibi
482 2288 647 2317 videbitur
687 2287 847 2326 expedire,
890 2286 1085 2316 auctoritate
1127 2289 1238 2315 nostra

229 2350 415 2375 convocare,
445 2343 632 2379 certumque
660 2340 736 2378 ipsis
765 2340 848 2369 diem
878 2349 941 2378 quo
969 2339 1179 2378 personaliter
1206 2339 1239 2368 in

230 2395 341 2424 eodem
373 2394 441 2423 loco
474 2394 667 2423 conveniant
707 2393 867 2431 assignare
892 2401 1050 2431 procures,
1076 2392 1240 2430 requirens

230 2456 270 2477 ex
292 2450 383 2486 parte
408 2449 516 2476 nostra
541 2446 739 2475 carissimum
762 2446 793 2475 in
818 2445 944 2475 Christo
966 2445 1070 2474 filium
1093 2447 1239 2474 nostrum

231 2500 388 2529 illustrem
408 2507 512 2538 regern
531 2499 674 2532 Francie,
694 2499 781 2537 pacis
800 2501 833 2527 et
849 2498 975 2536 Justitie
1001 2498 1184 2532 zelatorem,
1203 2500 1240 2527 ut

232 2553 381 2582 omnibus
419 2552 478 2581 illis
517 2552 700 2585 baronibus,
740 2561 820 2590 quos
858 2551 1043 2589 hujusmodi
1083 2550 1242 2589 contingit

233 2606 407 2645 negotium,
427 2605 571 2634 districte
594 2605 750 2643 precipiat
768 2606 805 2633 ut
828 2604 974 2633 similiter
996 2604 1036 2632 ad
1060 2603 1241 2642 predictum

232 2659 337 2689 locum
381 2658 493 2687 eodem
526 2658 575 2686 die
607 2657 816 2695 personaliter
861 2657 1016 2686 studeant
1062 2656 1241 2688 convenire.

233 2712 412 2750 Postquam
434 2720 510 2740 vero
532 2713 601 2739 tam
624 2710 738 2748 prelati
762 2719 859 2748 quam
884 2710 1020 2739 barones
1044 2709 1179 2747 predicti
1201 2710 1243 2738 ad

232 2765 337 2794 locum
358 2763 566 2793 convenerint
587 2771 682 2801 quem
703 2763 744 2792 ad
766 2763 825 2792 hoc
846 2763 976 2792 duxeris
1008 2762 1242 2801 deputandum,

236 2820 282 2851 tu,
297 2817 328 2846 in
344 2816 435 2854 cujus
450 2816 542 2845 labiis
556 2815 696 2845 infusam
711 2824 777 2844 esse
794 2816 952 2844 credimus
967 2815 1079 2844 celitus
1093 2815 1242 2853 gratiam,

235 2872 271 2898 ut
282 2870 362 2899 scias
373 2869 584 2898 necessarium
595 2868 735 2907 proferre
746 2877 924 2897 sermonem
932 2870 1076 2906 ternpore
1083 2870 1243 2906 oportuno

243 2925 275 2951 et
287 2922 392 2960 quiex
404 2922 488 2951 dono
500 2921 607 2951 celesti
620 2921 704 2950 nosti
724 2921 904 2959 specialiter
925 2920 1155 2950 discordiarum
1176 2929 1242 2950 era-

236 2975 340 3004 dicare
352 2974 533 3013 zizania1m]
549 2977 581 3003 et
601 2983 702 3003 serere
714 2982 821 3003 semen
834 2974 931 3012 pacis,
944 2973 1130 3012 mutuisque
1141 2973 1240 3002 offen-

1330 381 1474 411 sionibus
1491 384 1684 420 provocatos
1700 382 1847 420 congruis
1870 382 2150 412 exhortationibus
2173 384 2206 411 et
2229 381 2341 411 iuduc-

1329 434 1472 464 tionibus
1519 434 1700 464 salubribus
1746 435 1956 473 complacare,
2003 437 2123 465 tractes
2167 434 2252 464 inter
2285 442 2340 464 eos

1331 487 1370 516 de
1387 496 1465 525 pace
1482 496 1519 516 ac
1536 487 1705 517 concordia
1723 487 1900 526 diligenter,
1918 496 2046 517 omnem
2063 488 2104 518 ad
2121 488 2191 522 hoc,
2208 490 2245 517 ut
2261 486 2340 517 ami-

1331 540 1441 569 cabilis
1462 540 1545 569 inter
1565 549 1618 570 eos
1639 540 1829 579 compositio
1850 541 2039 575 intercedat,
2061 540 2226 570 efficacem
2245 548 2341 579 opem

1331 595 1364 622 et
1385 601 1515 630 operam
1536 593 1730 628 adhibendo,
1761 593 1806 623 ita
1827 594 1913 632 quod
1934 602 1991 632 per
2016 595 2071 623 tue
2092 593 2254 632 diligentie
2273 594 2342 622 stu-

1333 645 1432 679 dium,
1458 646 1560 683 gratia
1587 648 1778 684 cooperante
1804 646 1924 680 divina,
1951 648 2047 684 prout
2083 646 2222 685 depulsis
2257 645 2339 676 odiis

1333 698 1532 737 objectisque
1572 699 1768 733 rancoribus,
1817 698 2019 739 pate[a]ntur
2057 708 2167 729 eorum
2207 699 2342 733 mentes.

1333 751 1543 781 concilientur
1571 752 1677 785 corda,
1707 754 1894 781 serenentur
1922 754 2062 791 pectora,
2091 754 2125 781 et
2156 751 2343 781 voluntates

1335 804 1532 833 unanimiter
1561 804 1732 839 socientur,
1764 807 1865 843 tuque
1924 813 2046 834 crescas
2075 804 2190 834 exinde
2221 803 2344 834 meritis

1336 857 1423 896 apud
1447 858 1562 891 Deum,
1586 866 1681 896 penes
1705 866 1761 887 nos
1783 858 1897 896 gratia,
1920 860 1953 887 et
1975 858 2061 896 apud
2085 857 2229 887 homines
2258 857 2343 887 clara

1336 910 1434 939 fama.

1380 970 1410 999 Si
1427 979 1514 1004 vero,
1532 971 1618 1009 quod
1635 970 1730 1005 absit,
1748 980 1813 1009 pax
1829 971 1913 1000 inter
1928 980 1991 1005 eos,
2009 973 2066 1000 tua
2083 970 2246 1000 mediante
2260 969 2346 1000 soni-

1337 1023 1479 1052 citudine
1501 1032 1564 1052 non
1585 1023 1705 1062 poterit
1726 1023 1903 1062 provenire,
1925 1033 1982 1053 nos
2003 1025 2168 1062 sperantes
2188 1031 2226 1052 ac
2246 1022 2345 1052 etiam

1337 1076 1542 1106 intendentes
1566 1076 1652 1115 quod
1677 1085 1716 1105 ex
1739 1079 1796 1106 tua
1821 1076 1903 1106 circa
1927 1077 2077 1115 prelatos,
2102 1078 2135 1105 et
2157 1075 2242 1115 regia
2271 1083 2345 1115 erga

1338 1129 1473 1159 barones
1502 1129 1587 1168 ipsos
1616 1129 1787 1163 coertione,
1818 1129 2033 1159 discordantia
2074 1129 2248 1159 eorundem
2277 1137 2348 1167 pre·

1337 1183 1479 1212 latorum
1496 1184 1529 1211 et
1547 1182 1704 1212 baronum
1722 1182 1818 1212 corda
1832 1182 2021 1212 necessitate
2038 1182 2193 1212 laudabili
2209 1180 2348 1212 reconci-

1338 1236 1458 1265 lientur
1481 1238 1514 1265 et
1538 1236 1735 1264 reducantur
1758 1236 1799 1264 ad
1824 1244 1947 1274 pacem,
1973 1235 2122 1265 volumus
2147 1237 2184 1264 ut
2207 1234 2348 1273 prelatos

1339 1289 1435 1328 ipsos,
1457 1289 1544 1327 quod
1565 1289 1606 1318 ab
1627 1288 1776 1318 omnibus
1797 1297 1859 1327 que
1879 1288 1999 1326 injuste
2019 1297 2057 1318 ac
2077 1288 2220 1317 indebite
2239 1296 2258 1317 a
2278 1296 2348 1326 pre-

1341 1343 1435 1372 dictis
1470 1342 1644 1372 baronibus
1678 1351 1731 1371 eos
1766 1344 1874 1380 petere
1903 1341 1962 1371 tibi
1990 1341 2182 1375 constiterit,
2218 1340 2349 1370 omnino

1342 1396 1510 1429 desistant,
1534 1395 1729 1424 auctoritate
1754 1397 1873 1429 nostra,
1899 1397 2022 1424 remoto
2046 1393 2217 1432 cujuslibet
2240 1393 2350 1432 appel-

1341 1448 1471 1478 lationis
1509 1448 1751 1487 impedimento,
1791 1448 1994 1486 compellens,
2034 1456 2097 1476 non
2135 1447 2286 1476 obstante
2322 1446 2349 1476 si

1340 1502 1418 1541 ipsis
1437 1501 1487 1531 vel
1507 1502 1649 1540 ipsorum
1669 1501 1763 1530 alicui
1783 1510 1800 1530 a
1822 1501 1901 1531 Sede
1921 1500 2106 1539 Apostolica
2126 1500 2168 1529 sit
2186 1499 2350 1529 indultum

1342 1555 1429 1594 quod
1454 1554 1612 1588 interdici,
1637 1554 1790 1592 suspendi
1814 1554 1865 1583 vel
1891 1553 2172 1586 excommunicari,
2199 1552 2351 1592 quodque

1342 1611 1433 1637 extra
1467 1616 1541 1637 suas
1569 1608 1708 1637 dioceses
1742 1609 1800 1636 aut
1833 1607 1895 1636 alia
1922 1609 2009 1636 certa
2036 1606 2105 1636 loca
2132 1605 2260 1635 evocari
2286 1613 2351 1635 non

1342 1661 1467 1700 possint
1495 1670 1551 1699 per
1577 1660 1702 1690 litteras
1729 1659 1923 1698 apostolicas
1951 1660 2079 1697 plenam
2107 1661 2140 1688 et
2167 1666 2350 1697 expressam

1342 1723 1406 1744 non
1440 1714 1594 1743 facientes
1628 1714 1666 1742 de
1699 1713 1825 1742 indulto
1858 1712 2044 1751 hujusmodi
2077 1712 2284 1746 mentionem,
2317 1713 2352 1740 et

1343 1766 1576 1797 constitutione
1592 1766 1631 1796 de
1648 1766 1773 1796 duabus
1790 1765 1884 1795 dietis
1900 1765 1986 1795 edita
2004 1766 2035 1795 in
2053 1765 2185 1795 concilio
2201 1764 2350 1803 generali,

1343 1828 1449 1859 regem
1465 1820 1608 1859 requiras
1624 1819 1761 1849 eundern
1773 1822 1809 1849 ut
1825 1819 1986 1857 predictos
2002 1819 2137 1848 barones
2147 1818 2188 1848 ab
2202 1817 2352 1848 omnibus

1343 1874 1518 1903 eorundem
1544 1872 1741 1912 prelatorum
1767 1872 2005 1906 vexationibus,
2031 1871 2156 1910 injuriis
2181 1873 2215 1900 et
2239 1870 2353 1900 moles-

1343 1927 1407 1961 tiis,
1431 1928 1591 1965 quantum
1613 1926 1654 1955 ad
1676 1934 1750 1955 eum
1772 1926 1923 1964 pertinet,
1946 1925 2067 1954 tradita
2089 1924 2150 1954 sibi
2171 1933 2189 1954 a
2212 1923 2352 1953 Domino

1344 1982 1507 2019 potestate
1525 1981 1719 2017 compescat,
1737 1979 1782 2008 ita
1801 1978 1898 2017 quod,
1925 1977 2100 2016 spiritualis
2117 1980 2150 2006 et
2166 1976 2354 2016 temporalis

1345 2035 1508 2072 potestate
1537 2032 1634 2071 gladii
1664 2032 1807 2070 partium
1836 2033 1944 2061 motus
1974 2031 2100 2060 illicitos
2130 2032 2162 2060 et
2191 2020 2352 2060 indebitos

1345 2088 1522 2120 coercente,
1542 2094 1607 2124 pax
1625 2087 1659 2114 et
1677 2084 1847 2115 concordia
1866 2085 1950 2114 inter
1968 2093 2032 2118 eos,
2051 2086 2182 2113 auctore
2201 2082 2352 2117 Domino,

1345 2139 1522 2169 necessario
1539 2138 1740 2168 reformetur.
1757 2138 1879 2167 Taliter
1894 2137 1993 2176 igitur
2009 2138 2197 2175 preceptum
2213 2138 2247 2166 et
2263 2144 2354 2166 man-

1345 2193 1459 2222 datum
1489 2200 1584 2230 super
1612 2192 1671 2221 hoc
1700 2190 1914 2229 apostolicum
1942 2190 2073 2219 studeas
2102 2189 2286 2228 adimplere,
2316 2190 2354 2218 ut

1346 2246 1384 2275 de
1400 2247 1551 2284 prompta
1566 2244 1667 2283 possis
1683 2244 1855 2274 devotione
1870 2253 1933 2272 non
1948 2243 2109 2272 immerito
2125 2241 2353 2272 commendari.

1345 2299 1421 2328 Dat.
1442 2298 1589 2332 Viterbii,
1617 2297 1724 2326 idibus
1744 2297 1862 2335 aprilis,
1883 2305 1968 2326 anno
1988 2299 2114 2335 quarto.
2136 2307 2148 2323 »

1430 2544 1520 2570 2525
1879 2542 2020 2573 Viterbe,
2033 2541 2072 2568 28
2084 2548 2168 2568 mars
2182 2540 2270 2568 1258.

1392 2607 1550 2641 Episcopo
1591 2604 1794 2636 Tornaoensi,
1836 2611 1874 2630 ne
1915 2603 2067 2630 defendat
2107 2603 2279 2636 quominus
2306 2602 2354 2629 bi-

1350 2647 1433 2680 gami
1468 2648 1500 2672 et
1535 2645 1706 2672 viduarum
1739 2644 1858 2675 mariti,
1882 2643 2058 2670 clericalem
2083 2643 2260 2669 deferentes
2283 2643 2356 2669 ton-

1349 2694 1466 2717 suram,
1486 2685 1618 2712 statutis
1635 2684 1730 2710 villae
1747 2683 1918 2716 Brugensis
1936 2683 2126 2716 sth'aceant
2143 2681 2355 2715 oneribusque

1349 2726 1566 2753 contribuant.
1608 2724 1706 2757 (REG.
1748 2723 1796 2754 25,
1834 2723 1855 2749 f.
1894 2723 1962 2754 134,
2010 2730 2060 2748 an.
2109 2721 2162 2754 IV,
2209 2729 2234 2748 c.
2276 2720 2353 2752 100;

1350 2766 1577 2795 Ronemneno,
1598 2766 1620 2791 t.
1647 2763 1706 2795 111,
1736 2765 1772 2789 n⁰
1794 2762 1878 2795 477.)

1391 2890 1402 2904 «
1434 2900 1462 2911 ..‚
1495 2877 1636 2915 episcopo
1670 2875 1866 2905 Tornacensi.
1898 2874 1948 2903 Ex
1978 2876 2069 2912 parte
2099 2873 2288 2903 dilectorum
2317 2871 2356 2901 fi-

1349 2931 1464 2961 liorum
1500 2930 1704 2959 scabinorum
1740 2931 1773 2958 et
1809 2927 2029 2957 universitatis
2064 2927 2139 2956 ville
2172 2924 2355 2964 Brugensis.

1350 2987 1405 3013 tue
1422 2983 1565 3017 diocesis,
1582 2982 1644 3011 fuit
1660 2981 1861 3020 propositum
1878 2989 1985 3010 coram
2002 2980 2093 3009 nobis
2109 2979 2196 3018 quod
2210 2975 2355 3008 nonnulli

2474 1014 2477 1037 „a
2469 629 2477 988 -Λ.Α.-.ι,.ι.-..“-ᾼ-
2474 597 2477 610 Α-
2475 574 2477 579 Α
2475 526 2477 543 Δ.
2474 491 2477 495 Δ
