2477 3512
953 273 1224 319 CINQUIEME
1251 273 1419 310 ANNEE
2205 277 2242 308 81

129 392 197 424 fusi
227 392 269 423 de
298 390 451 433 pretioso
480 398 625 430 corpore
654 387 904 428 Redemptoris
929 386 1136 418 meritorum

131 445 237 476 debet
252 443 386 485 acquiri
402 443 546 478 virtute,
563 442 656 472 inter
671 450 737 481 que
753 439 838 471 illud
854 449 927 471 esse
943 438 1138 480 pregrande

131 496 326 530 dinoscitur
357 495 451 536 quod
477 494 619 535 ubique,
645 494 705 524 sed
731 492 895 534 precipue
926 492 961 523 in
994 491 1140 523 Sancto-

130 559 208 581 rum
235 548 387 580 ecclesiis
414 547 583 588 majestas
609 545 781 577 Altissimi
809 544 1040 577 collaudetur.
1069 543 1140 574 Ro-

130 611 255 643 gamus
276 601 398 642 itaque
421 599 692 631 universitatem
716 601 872 630 vestram
894 600 930 629 et
952 597 1139 628 hortamur

130 655 167 687 in
204 654 369 690 Domino,
407 653 442 684 in
478 652 719 684 remissionem
754 651 856 683 vobis
893 649 1139 692 peccaminum

130 707 357 749 injungentes
381 705 551 747 quatinus
574 705 619 736 ad
643 704 898 736 monasterium
923 701 1043 734 Sancti
1067 701 1141 733 Sal·
1192 706 1193 751 J

132 760 266 792 vatoris
295 758 489 794 Fuldensis,
519 758 563 789 ad
592 758 793 789 Romanam
821 755 1015 788 Ecclesiam
1044 754 1139 785 nullo

132 813 248 845 medio
273 812 464 854 pertinens,
491 810 622 842 ordinis
648 810 768 841 Sancti
792 808 986 845 Benedicti,
1014 807 1140 839 Herbi-

131 865 284 908 polensis
316 864 473 901 diocesis,
505 862 728 905 imploraturi
760 872 779 894 a
812 862 965 894 Domino
997 861 1142 892 delicto-

130 928 209 951 rum
230 917 383 954 veniam,
407 917 442 948 in
465 915 668 947 humilitate
690 915 835 957 spiritus
857 914 1046 946 accedatis.
1068 914 1141 945 Nos

129 971 235 1008 enim,
254 973 295 1002 ut
313 969 441 1002 Christi
462 968 583 1001 fideles
602 968 702 1010 quasi
722 978 783 1010 per
801 968 933 1009 premia
953 967 1142 999 salubriter

130 1024 174 1057 ad
197 1023 323 1056 merita
345 1023 549 1059 invitemus,
575 1022 617 1053 de
640 1021 897 1062 omnipotentis
921 1020 984 1051 Dei
1008 1020 1142 1051 miseri-

130 1076 249 1109 cordia
278 1078 314 1108 et
340 1075 535 1107 Beatorum
565 1075 661 1106 Petri
690 1077 725 1106 et
756 1072 866 1110 Pauli,
898 1072 1140 1115 apostolorum

129 1129 218 1172 ejus,
235 1129 451 1161 auctoritate
467 1128 602 1165 confisi,
621 1128 785 1159 omnibus
802 1137 882 1159 vere
899 1126 1142 1168 penitentibus

129 1185 165 1215 et
188 1182 366 1219 confessis,
392 1181 452 1223 qui
476 1181 520 1213 ad
545 1181 681 1212 dictum
706 1180 961 1212 monasterium
985 1179 1020 1210 in
1044 1178 1142 1210 festi-

129 1235 305 1267 vitatibus
331 1235 525 1266 Beatorum
551 1233 738 1270 Bonifacii‚
770 1232 938 1274 Simplicii
968 1235 1004 1264 et
1033 1232 1142 1263 Faus-

129 1288 196 1321 tini
225 1288 423 1324 martirum,
456 1297 608 1329 quorum
637 1296 784 1328 corpora
813 1285 1063 1317 venerabiliter
1090 1295 1142 1316 re-

131 1341 319 1384 quiescunt
351 1340 495 1377 ibidem,
529 1349 570 1372 ac
602 1340 711 1371 etiam
744 1339 778 1370 in
812 1338 1052 1370 anniversario
1086 1337 1142 1370 die

131 1393 364 1426 dedicationis
384 1393 526 1425 ecclesie
546 1392 656 1434 ipsius
678 1392 882 1424 monasterii
904 1401 1012 1423 causa
1034 1391 1141 1423 devo-

130 1447 238 1479 tionis
253 1446 474 1483 accesserint,
490 1445 678 1478 annuatim
694 1447 838 1477 centnm
855 1444 927 1476 dies
944 1444 985 1475 de
1002 1443 1141 1485 injunc-

130 1502 168 1532 ta
195 1500 261 1532 sibi
288 1499 486 1542 penitentia
513 1497 785 1530 misericorditer
811 1497 1023 1529 relaxamus.
1053 1497 1137 1529 Dat.

130 1552 301 1595 Anagnie,
325 1552 360 1584 X
381 1552 460 1584 idus
482 1551 676 1583 decembris
695 1551 716 1587 1.
741 1560 834 1582 anno
857 1550 994 1592 quinto.
1018 1563 1031 1579 »

213 1725 302 1752 3003
567 1724 702 1759 Anagnl,
726 1724 763 1752 13
786 1723 949 1751 decembre
974 1723 1060 1750 1259.

173 1779 416 1813 Archiepiscopo
454 1778 672 1805 Ebredunensi
707 1785 801 1812 super
836 1777 965 1804 diversis
1002 1776 1141 1804 articulis

135 1823 298 1857 legationis
316 1823 458 1850 officium
476 1822 535 1849 sibi
551 1821 584 1849 in
601 1821 792 1849 Lombardia
810 1821 995 1848 commissae
1012 1822 1143 1855 tangen-

133 1867 219 1895 tibus
232 1867 411 1902 respondet.
425 1867 523 1901 (Rea.
537 1866 587 1899 25,
600 1866 621 1894 t.
636 1866 705 1899 230,
718 1873 769 1893 an.
784 1866 821 1899 V,
835 1873 860 1893 c.
875 1866 931 1893 231
948 1873 955 1897 ;
971 1865 1143 1892 ΡοττΗΑετ

135 1912 255 1944 17724;
273 1912 496 1944 ΒοοΕΝΒΕιω,
514 1913 537 1938 1;.
560 1911 619 1943 ΙΙΙ,
637 1915 674 1937 n0
691 1911 773 1944 503.)

179 2013 193 2031 «
216 2026 236 2035 ..
262 2001 515 2044 archiepiscopo
545 2000 795 2037 Ebredunensi,
828 1999 1021 2042 Apostolice
1046 1997 1144 2030 Sedis

133 2054 251 2096 leyalo.
284 2055 377 2087 Satis
405 2065 450 2087 ex
479 2055 611 2086 devota
640 2056 785 2085 tuarum
814 2053 902 2085 serie
931 2053 1143 2088 litterarum,

133 2108 219 2140 satis
255 2108 366 2140 etiam
401 2118 445 2140 ex
481 2110 602 2139 nostra
638 2109 758 2138 mente
793 2105 999 2147 collegimus
1036 2113 1144 2146 quam

133 2161 328 2203 implicitus
346 2163 382 2193 et
401 2160 579 2197 confusus,
600 2169 708 2201 quam
728 2158 949 2191 detestabilis
967 2161 1003 2190 et
1023 2158 1149 2199 damp-

135 2223 242 2246 nosus
262 2214 397 2246 dudum
416 2213 523 2245 fuerit
542 2216 579 2245 et
598 2213 644 2244 sit
662 2212 766 2244 hodie
786 2211 998 2243 Lombardie
1017 2213 1146 2248 status,

136 2277 204 2309 que
229 2267 265 2299 in
291 2267 357 2299 hoc
383 2266 565 2309 potissime
591 2266 708 2307 vigere
735 2265 931 2297 dinoscitur
956 2265 1051 2306 quod
1079 2263 1147 2296 dis-

135 2320 313 2363 pendiosis
334 2320 457 2351 litibus
478 2322 513 2351 et
535 2318 737 2361 periculosis
761 2318 954 2355 discordiis,
979 2327 1049 2349 non
1071 2317 1145 2349 sine

135 2373 272 2405 offensa
311 2373 377 2405 Dei
414 2372 623 2414 gravissima
661 2371 874 2413 implicetur,
915 2370 1017 2403 nobis
1055 2370 1147 2402 sicut

135 2429 172 2459 et
202 2426 417 2468 quibusdam
449 2425 621 2457 Romanis
651 2424 893 2466 pontificibus,
926 2424 1147 2465 predecesso-

135 2479 232 2511 ribus
261 2479 401 2516 nostris,
430 2478 664 2510 fundentibus
692 2479 838 2519 propter
865 2477 931 2508 hoc
959 2486 1040 2518 sepe
1068 2486 1147 2518 pro-

136 2532 249 2564 funda
282 2531 431 2574 suspiria
464 2534 500 2564 et
532 2531 642 2563 etiam
674 2530 872 2562 lacrimosa.
907 2529 1072 2562 Procedit
1104 2539 1147 2561 ex

136 2584 203 2617 hiis
227 2585 322 2627 quod
346 2587 382 2616 et
406 2594 511 2626 super
534 2583 732 2616 valitudine
756 2582 940 2624 corporali,
966 2586 1002 2613 et
1027 2582 1148 2614 multi-

139 2638 245 2670 moda
278 2637 392 2670 cordis
425 2637 601 2679 angustia,
637 2646 745 2678 quam
778 2636 844 2668 sub
878 2635 1072 2667 multorum
1107 2636 1149 2667 de

137 2691 299 2733 partibus
330 2691 396 2722 illis
429 2690 641 2722 detestanda
673 2689 830 2721 versutia
862 2688 1148 2730 frequentissime

138 2744 323 2786 pertulisse
349 2743 550 2781 dinosceris,
577 2743 643 2774 tibi
668 2743 826 2784 paternis
852 2742 1042 2773 affectibus
1068 2751 1149 2772 con—

138 2796 308 2834 dolemus,
334 2807 373 2828 ac
398 2796 507 2828 etiam
531 2799 567 2827 te
592 2795 703 2837 plenis
727 2795 762 2827 in
789 2794 942 2827 Domino
967 2794 1148 2836 prosequi-

170 2900 191 2921 1.
210 2899 258 2921 Sic.
275 2899 294 2920 11
309 2899 352 2924 n'y
366 2905 380 2920 a
394 2904 439 2925 pas
453 2899 483 2920 de
499 2899 523 2919 X
537 2898 580 2919 des
594 2898 645 2919 ides
659 2898 722 2919 dans
735 2897 758 2919 le
771 2897 907 2919 calendi-ter
920 2897 1025 2918 romain.
1040 2897 1076 2917 La
1090 2896 1149 2917 date

137 2936 175 2956 est
189 2935 254 2956 done
267 2934 374 2956 erronee.
390 2935 436 2955 Les
450 2934 502 2955 ides
516 2934 547 2955 de
560 2933 691 2954 decembre
705 2934 768 2954 vont
781 2933 816 2954 du
830 2933 845 2954 6
858 2939 891 2954 au
906 2933 936 2954 12
949 2932 980 2954 de
994 2938 1021 2953 ce
1035 2931 1106 2957 mois,
1122 2931 1146 2952 la

138 2970 197 2991 date
209 2970 244 2992 du
255 2970 390 2991 document
403 2971 441 2990 est
454 2970 518 2990 donc
531 2969 653 2995 comprise
666 2969 736 2990 entre
748 2973 788 2989 ees
801 2969 856 2994 sept
868 2968 944 2994 Jours.
960 2968 985 2989 St
997 2967 1048 2989 l'on
1061 2967 1149 2989 admet

139 3010 187 3031 que
196 3005 219 3026 le
230 3005 253 3026 X
264 3011 279 3026 a
289 3005 328 3026 616
338 3005 385 3026 mis
395 3010 458 3031 pour
467 3010 501 3026 un
512 3005 541 3030 V,
551 3004 597 3026 elle
607 3004 682 3026 serait
692 3003 726 3025 du
737 3004 759 3025 9.

1244 393 1323 415 mur
1341 384 1540 415 actionibus
1558 384 1753 425 gratiarum
1772 384 1866 424 quod
1886 386 2048 425 suscepte
2066 383 2252 424 legationis

1245 436 1403 468 officium
1430 447 1508 468 cum
1536 437 1631 468 omni
1659 436 1840 477 diligentia
1867 439 1902 467 et
1929 436 2061 467 virtute
2088 436 2251 477 prosequi

1245 489 1424 521 studuisti.
1465 491 1518 521 Ad
1557 490 1631 527 hec,
1663 490 1744 531 quia
1783 489 1958 520 instanter
1995 499 2034 520 ac
2074 489 2254 520 humiliter

1246 542 1404 583 petivisti
1432 546 1470 574 ut
1497 552 1601 584 super
1627 542 1773 573 diversis
1800 541 1956 572 articulis
1983 551 2070 582 quos
2097 542 2253 582 predicte

1192 609 1193 623 ι
1244 598 1305 626 tue
1337 595 1453 627 littere
1485 596 1729 631 continebant,
1765 594 1828 625 tibi
1862 596 2021 625 nostrum
2056 594 2253 635 beneplaci-

1245 650 1323 680 tum
1363 658 1537 690 exponere
1578 657 1790 683 curaremus,
1833 657 1895 678 nos
1934 647 2152 678 fraternitati
2193 649 2253 678 tue

1248 701 1416 733 duximus
1440 701 1726 742 respondendum
1755 700 1848 741 quod
1877 700 2088 731 beneficium
2115 699 2254 731 absolu-

1247 754 1353 785 tionis
1381 764 1441 796 per
1468 754 1649 795 quandam
1677 752 1874 792 religiosam
1903 762 2088 793 personam
2117 752 2253 783 Pelavi-

1247 807 1325 838 cino
1350 810 1385 838 et
1408 807 1513 838 Bosio
1539 807 1581 838 de
1607 806 1735 841 Doata,
1763 815 1801 836 ac
1827 805 1935 836 etiam
1961 804 2254 836 Cremonensibus

1247 860 1314 891 illis
1333 860 1393 901 qui
1410 862 1496 892 tunc
1514 861 1638 891 contra
1658 858 1838 900 quondam
1859 858 2034 899 perfidum
2053 860 2088 889 et
2106 857 2255 899 impium

1250 913 1434 945 Ezelinum
1466 912 1501 944 in
1533 910 1687 943 exercitu
1722 910 1935 946 existebant,
1969 913 2099 941 temere
2133 910 2257 951 presti-

1249 970 1340 1003 tum,
1365 976 1444 997 cum
1470 964 1604 996 nullam
1627 973 1732 1005 super
1754 964 1819 994 hoc
1842 965 2059 1005 potestatem
2083 962 2257 999 habuerit,

1250 1022 1286 1052 et
1310 1018 1464 1051 Ecclesie
1488 1018 1639 1049 formam
1663 1017 1697 1048 in
1722 1016 1839 1057 aliquo
1865 1026 1933 1047 uon
1959 1016 2118 1053 servarit,
2144 1015 2260 1047 fratri-

1251 1073 1317 1104 bus
1340 1071 1536 1103 Minoribus
1560 1073 1596 1102 et
1620 1069 1920 1101 Predicatioribus
1944 1068 2176 1110 pretermissis
2200 1078 2261 1109 per

1251 1134 1350 1167 quos,
1378 1125 1482 1166 juxta
1510 1123 1772 1155 ordinationem
1798 1124 1900 1153 tuam
1927 1121 2132 1163 hujusmodi
2159 1121 2260 1152 abso-

1250 1177 1338 1210 lutio
1362 1178 1485 1209 debuit
1508 1175 1721 1218 provenisse,
1745 1175 1884 1206 irritum
1904 1175 1915 1193 ¹
1937 1184 2021 1211 esse,
2046 1173 2259 1206 auctoritate

1251 1233 1371 1263 nostra
1403 1231 1581 1266 decernas,
1614 1238 1653 1260 ac
1684 1227 1770 1259 illud
1803 1226 1941 1269 publice
1973 1227 2159 1259 denunties
2191 1237 2260 1258 non

1249 1287 1379 1320 tenere,
1415 1283 1556 1325 proviso
1592 1282 1686 1323 quod
1721 1281 1748 1312 si
1783 1280 1932 1322 predicti
1968 1279 2190 1312 Pelavicinus
2224 1282 2260 1311 et

1248 1337 1374 1369 Bosius
1398 1336 1513 1368 redire
1539 1334 1651 1366 velint
1677 1335 1720 1365 ad
1748 1334 1960 1365 mandatum
1986 1333 2139 1364 Ecclesie
2164 1342 2261 1364 reve-

1249 1393 1369 1423 renter
1387 1392 1423 1421 et
1442 1389 1477 1420 in
1497 1388 1573 1429 ejus
1594 1387 1784 1419 devotione
1804 1386 1989 1428 persistere
2010 1395 2097 1427 pura
2118 1386 2199 1423 fide,
2221 1395 2261 1417 ac

1250 1443 1458 1475 societatem
1486 1451 1545 1473 seu
1574 1439 1899 1472 confederationem
1926 1439 2069 1480 penitus
2097 1438 2262 1480 abjurare

1251 1506 1359 1538 quam
1391 1505 1471 1527 cum
1502 1493 1698 1530 Manfredo,
1731 1493 1913 1534 quondam
1945 1492 2101 1533 principe
2131 1492 2262 1523 Taren-

1250 1550 1337 1586 tino,
1367 1558 1427 1580 seu
1456 1546 1641 1589 quibusvis
1669 1546 1745 1577 aliis
1773 1545 1838 1577 Dei
1866 1548 1901 1577 et
1930 1545 2083 1577 Ecclesie
2111 1544 2262 1576 inimicis

1251 1600 1529 1643 dampnabiliter
1567 1599 1733 1635 inierunt,
1775 1608 1911 1630 necnon
1951 1607 2056 1639 super
2094 1597 2160 1629 hiis
2199 1606 2262 1639 pro

1251 1655 1380 1698 quibus
1423 1663 1484 1695 per
1528 1652 1653 1684 Sedein
1696 1651 1939 1693 Apostolicam
1980 1649 2265 1682 excommunica-

1251 1708 1358 1741 tionis
1390 1706 1532 1738 vinculo
1565 1707 1650 1737 sunt
1683 1704 1834 1741 astricti,
1868 1703 2150 1735 satisfactionem
2183 1712 2264 1734 con-

1251 1771 1375 1804 gruam
1399 1758 1583 1802 impertiri,
1609 1760 1649 1789 tu
1673 1757 1732 1794 eis,
1758 1759 1899 1799 recepta
1924 1756 2020 1798 prius
2044 1756 2088 1788 ab
2114 1755 2198 1798 ipsis
2221 1755 2264 1788 de

1252 1815 1318 1847 hiis
1362 1811 1594 1846 observandis
1637 1811 1763 1842 idonea
1809 1810 1984 1847 cautione,
2031 1808 2264 1841 absolutionis

1253 1867 1466 1900 beneficium
1494 1866 1600 1907 juxta
1630 1864 1782 1895 formam
1813 1863 1967 1895 Ecclesie
1995 1862 2163 1903 largiaris,
2194 1861 2265 1893 fac-

1253 1923 1355 1953 turus
1379 1920 1413 1951 id
1439 1919 1556 1961 ipsum
1582 1917 1673 1949 circa
1699 1917 1950 1949 Cremonenses
1974 1918 2009 1947 et
2035 1924 2265 1957 quoscunque

1255 1974 1341 2007 alios
1381 1975 1444 2004 aut
1484 1970 1763 2004 communitates
1802 1969 1911 2001 etiam
1952 1967 2163 2000 Lombardie
2203 1976 2264 1999 seu

1255 2026 1409 2060 marchie
1442 2024 1633 2060 Tervisine‚
1669 2023 1787 2065 quoad
1820 2021 2198 2054 excommunicationis
2230 2021 2266 2053 et

1255 2079 1436 2113 interdicti
1470 2077 1666 2110 sententias
1700 2076 1934 2121 relaxandas;
1970 2075 1997 2107 si
2032 2077 2152 2106 tamen
2186 2073 2263 2115 ipsi,

1255 2134 1360 2176 juxta
1399 2131 1599 2174 predictum
1639 2130 1784 2161 modum
1823 2129 1868 2161 ad
1907 2129 2118 2160 mandatum
2156 2127 2266 2169 ipsius

1257 2186 1412 2219 Ecclesie
1454 2194 1535 2217 cuin
1578 2183 1699 2215 debita
1741 2182 1853 2215 velint
1895 2181 2098 2213 humilitate
2140 2180 2264 2212 redire,

1258 2240 1356 2273 Circa
1377 2237 1659 2271 satisfactionem
1680 2246 1764 2268 vero
1786 2234 2016 2277 prestandam
2037 2234 2082 2266 ab
2103 2233 2162 2271 eis,
2185 2241 2266 2265 cum

1257 2293 1319 2326 vix
1351 2295 1415 2325 aut
1448 2300 1633 2333 nunquam
1665 2299 1766 2332 posse
1799 2288 1984 2331 provenire
2017 2287 2192 2324 credatur,
2227 2295 2266 2318 ac

1257 2347 1366 2381 etiam
1387 2355 1492 2387 super
1511 2343 1705 2376 obtinenda
1726 2343 1865 2384 ydonea
1886 2341 2051 2374 cautione
2072 2339 2166 2383 quod
2200 2338 2267 2381 ipsi

1258 2400 1470 2432 mandatum
1500 2396 1654 2429 Ecclesie
1682 2396 1835 2428 fideliter
1863 2394 2117 2431 observabunt,
2148 2401 2268 2435 proce-

1258 2454 1321 2486 das
1351 2454 1458 2495 prout
1487 2453 1550 2483 tua
1582 2449 1744 2482 discretio
1776 2448 1901 2481 melius
1930 2447 2059 2479 viderit
2088 2446 2265 2488 expedire,

1258 2505 1479 2548 diligentiam
1511 2513 1618 2546 quam
1650 2502 1782 2545 poteris
1812 2501 2010 2539 habiturus,
2044 2502 2084 2532 ut
2114 2498 2267 2531 ecclesiis

1257 2562 1294 2593 et
1334 2558 1491 2602 personis
1531 2555 1776 2589 ecclesiasticis
1817 2555 1991 2587 bonorum
2032 2551 2266 2585 immobilium

1258 2613 1401 2645 omnino
1427 2621 1561 2643 necnon
1587 2612 1622 2641 et
1648 2609 1841 2645 mobilium,
1867 2608 1893 2639 si
1919 2617 1987 2649 qua
2012 2608 2148 2641 extant,
2174 2614 2268 2636 coni-

1259 2669 1382 2708 petens
1409 2664 1471 2696 siat
1499 2663 1689 2699 restitutio,
1717 2672 1783 2703 que
1810 2660 1957 2703 predicti
1987 2659 2205 2691 pelavicinus
2230 2660 2265 2688 et

1257 2719 1383 2751 Bosius
1407 2728 1466 2749 seu
1492 2715 1768 2749 communitates
1792 2714 1875 2746 olim
1899 2714 2030 2745 eisdem
2052 2711 2214 2743 Ecclesiis
2231 2712 2266 2742 et

1259 2771 1416 2815 personis
1453 2770 1610 2802 indebite
1649 2768 1885 2801 abstulerunt.
1926 2766 2117 2798 Providens
2155 2763 2264 2796 etiam

1260 2824 1445 2867 diligenter
1463 2823 1569 2866 quod,
1589 2822 1616 2853 si
1635 2831 1705 2864 qua
1723 2822 1798 2863 ipsa
1816 2820 1900 2862 juga
1918 2819 1972 2851 vel
1991 2828 2096 2850 onera
2114 2815 2266 2849 ecclesiis

1259 2881 1295 2910 et
1325 2876 1482 2919 personis
1512 2876 1641 2907 eisdem
1673 2874 1906 2916 imposuerint
1936 2873 2107 2904 hactenus
2137 2869 2192 2901 vel
2223 2869 2265 2901 de

1295 3000 1316 3020 1.
1336 3000 1397 3024 fleg.
1414 3005 1419 3019 :
1437 2999 1533 3019 iratum.
