2477 3512
945 311 1174 350 TROISIEME
1198 312 1342 350 ANNEE

134 394 233 425 iidem
255 394 374 424 fratres
407 395 637 436 magistrorum
666 396 760 435 atque
791 394 961 425 scolarium
986 394 1119 425 infesta—

139 451 278 481 tionibus
307 451 460 489 lacessiti,
492 454 525 482 et
544 450 798 481 insecutionibus
827 450 968 491 fatigati,
992 460 1119 491 compo·
1143 442 1145 491 '5

134 507 284 538 sitionem
301 507 459 547 quandam
481 518 551 537 cum
579 507 643 537 illis
670 507 700 537 in
721 506 967 547 derogationem
988 506 1118 537 ordina-

135 564 230 594 tionis
277 564 453 604 apostolice
505 563 690 600 subiissent,
747 572 803 592 nos
855 563 1118 603 compositionem

137 619 332 660 hujusmodi.
365 630 424 659 que
460 620 578 649 fratres
616 619 703 659 ipsos
732 618 918 649 escludebat
966 629 983 649 a
1024 618 1119 649 scolis

141 677 369 716 magistrorum
414 675 617 712 secularium,
658 675 888 715 reprobantes.
941 675 1119 705 ordinatio—

135 743 208 763 nem
223 733 336 774 ipsam,
359 733 388 762 in
410 732 501 772 cujus
528 732 714 771 contemptu
732 732 842 762 nostra
864 731 1121 772 vilipendebatur

938 787 1117 821 observari,

140 800 198 819 auc.
205 789 330 823 toritas,
382 786 602 817 mandavimus
643 786 873 818 inviolabiliter

141 845 343 876 cohercendi)
373 853 454 884 pena
497 843 605 873 debita
635 845 909 884 transgressores.
947 843 1010 884 Ipsi
1045 842 1146 874 veross

141 902 286 941 magistri
306 902 403 940 atque
435 900 578 930 scolares
599 910 669 930 cum
684 901 915 941 presumptioni
936 902 1118 941 peccatum,

137 959 270 998 peccato
296 958 527 996 contemptum,
540 958 572 986 et
594 957 790 997 contemptui
808 957 1014 998 pertinatiam
1033 956 1121 998 adje-

135 1014 268 1048 cissent,
305 1012 435 1043 tandem
463 1013 592 1042 nuntios
628 1016 657 1043 et
689 1016 917 1053 procuratores
944 1013 1120 1044 adsedem

133 1069 350 1111 Apostolicam
362 1068 578 1103 destinarunt,
596 1079 654 1109 per
667 1079 746 1108 quos
756 1069 795 1099 ad
808 1070 1010 1100 excusandas
1023 1080 1121 1100 excu-
1146 1097 1147 1103 ,

132 1125 277 1157 sationes
301 1135 375 1155 suas
404 1135 510 1156 corani
544 1125 631 1155 nobis
651 1131 684 1155 et
710 1125 866 1156 fratribus
896 1126 1016 1156 nostris
1036 1127 1121 1156 inter

131 1185 244 1213 cetera
264 1191 442 1222 proponere
463 1184 673 1217 curaverunt,
695 1182 776 1221 quod
805 1192 876 1212 cum
894 1182 953 1223 ipsi
980 1182 1018 1213 de
1044 1192 1120 1213 con-

131 1239 231 1269 sortio
264 1238 488 1268 universitatis
520 1238 747 1277 magistrorum
766 1240 797 1269 et
825 1239 997 1269 scolarium
1030 1239 1120 1269 Pari-

129 1295 304 1327 siensium.
324 1306 341 1325 a
363 1305 422 1333 qua
438 1294 565 1324 omnino
586 1299 793 1325 recesserant
813 1295 883 1335 ejus
906 1296 1120 1327 renuntiando

131 1351 327 1392 privilegiis.
351 1356 384 1381 et
410 1353 516 1381 actum
540 1351 741 1391 postmodum
763 1351 954 1382 dimittendo
977 1352 1117 1393 legendi,

130 1418 193 1438 non
214 1407 355 1438 debeant
376 1407 518 1448 reputari
540 1406 773 1438 ordinationem
794 1407 986 1448 predictam,
1007 1418 1067 1448 que
1087 1409 1119 1439 in

130 1465 380 1495 universitatem
404 1464 506 1504 ipsam
542 1464 746 1504 promulgata
775 1465 897 1499 extitit,
927 1464 1116 1499 observare,

129 1520 179 1550 vel
200 1520 376 1560 magistros
405 1522 459 1550 aut
490 1520 635 1550 scolares
665 1520 882 1562 predictorum
911 1522 1047 1551 fratrum
1078 1521 1117 1552 ad
1143 1523 1145 1545 ἶ

130 1577 363 1617 magistrorum
399 1577 594 1607 consortium
623 1577 672 1607 vel
708 1577 853 1618 ejusdem
892 1577 1116 1609 universitatis

122 1633 314 1673 collegium,
343 1633 381 1663 de
409 1643 469 1673 quo
507 1633 576 1673 jam
616 1644 689 1664 esse
726 1633 904 1671 desierant,
943 1634 1116 1666 admittere

129 1689 316 1720 nullatenus
331 1689 538 1727 tenebantur,
561 1692 671 1730 preter
687 1690 729 1725 id,
752 1690 833 1730 quod
863 1690 902 1721 ad
924 1692 1114 1722 societatem

127 1756 220 1776 nemo
240 1748 291 1776 est
312 1745 477 1786 cogendus
494 1746 627 1784 invitus,
640 1751 673 1777 ‹aet
691 1747 750 1787 ipsi
773 1747 892 1778 fratres
913 1747 1034 1778 duobus
1053 1759 1114 1779 non

124 1802 248 1833 debent
266 1803 503 1840 universitatis,
523 1802 674 1834 videlicet
700 1804 870 1834 scolarium
892 1806 1114 1836 etconventus

128 1858 389 1893 Predicatorum.
412 1859 559 1900 collegiis
584 1860 755 1893 contineri.
780 1861 937 1892 addentes
949 1862 1031 1902 quod
1050 1862 1114 1893 dis-

128 1925 186 1956 par
205 1916 347 1956 ipsorum
368 1916 529 1956 professio
553 1926 606 1947 eos
637 1916 740 1947 eidem
778 1918 981 1949 universitati
1008 1919 1115 1949 reddit

127 1972 328 2013 incongruos
348 1974 381 2002 et
399 1972 439 2003 ad
458 1973 648 2003 sustinenda
669 1974 768 2014 ipsius
789 1984 902 2009 onera,
920 1975 1013 2016 cujus
1034 1986 1114 2016 gau-

127 2027 243 2059 derent
262 2029 451 2064 commodis,
474 2028 573 2059 efficit
610 2031 811 2070 paupertatis
837 2030 981 2062 condicio
1014 2032 1115 2073 impo—

129 2086 249 2115 tentes.
273 2085 412 2125 Propter
432 2096 493 2126 quo
513 2096 639 2116 necnon
659 2088 691 2117 et
712 2087 776 2117 alia
796 2087 931 2126 quedam
950 2098 967 2118 a
989 2089 1115 2129 prefate

127 2139 344 2171 ordinationis
371 2141 568 2182 aliorumque
593 2142 817 2173 mandatorum
839 2147 1019 2175 nostrorum
1041 2155 1115 2175 ean-

128 2195 203 2226 dem
238 2197 471 2228 ordinationem
499 2199 757 2237 contingentium
799 2201 1041 2239 executoribus,
1076 2212 1114 2232 ne

128 2254 242 2283 contra
259 2253 345 2293 ipsos
383 2254 610 2294 procederent,
638 2256 744 2286 snm-:u
774 2266 829 2297 pro
863 2259 955 2297 parte
974 2258 1113 2299 ipsorum

129 2308 355 2347 magistrorinn
395 2316 429 2340 et
464 2310 634 2341 scolarium
673 2312 711 2342 ad
741 2312 857 2343 §edem
892 2314 1113 2354 Apostolicain

129 2364 315 2395 multotiens
336 2366 542 2406 appellaturi).
569 2368 796 2408 Proponebant
817 2380 940 2410 quoque
967 2371 995 2401 in
1027 2381 1113 2401 nian-

129 2419 213 2450 datis
226 2422 427 2461 apostolicis.
440 2432 500 2462 que
520 2425 633 2454 contra
653 2435 708 2454 eos
727 2428 971 2465 emanaverard,
991 2437 1024 2458 se
1036 2438 1112 2467 gra-

129 2481 223 2506 vatos
244 2477 376 2517 injuste.
401 2489 459 2518 per
482 2489 543 2519 que
571 2480 656 2521 ipsos
680 2482 783 2522 puniri
802 2483 951 2521 graviter
970 2486 1111 2521 constat,

126 2534 177 2572 qni
201 2534 382 2575 culpabiles
407 2545 465 2565 uon
483 2537 639 2571 existunt.
664 2541 697 2568 et
708 2539 884 2579 predictam
907 2541 1113 2582 compositio-

127 2600 210 2621 nem.
235 2601 328 2631 ‹1uain
349 2595 457 2632 partes
481 2595 892 2635 acceptaveiant,irritari,
916 2597 1111 2628 adultimuni

124 2657 227 2687 super
243 2647 303 2677 liiis
322 2648 482 2688 provideri
495 2649 553 2680 sibi
573 2651 754 2690 porScdem
767 2653 985 2692 .›tp‹›st.oli‹·aiii
1000 2657 1111 2694 postu-

126 2703 246 2734 lantes.
272 2704 332 2735 Sed
357 2704 639 2743 l'‹›rtiusallef.¹,·al›at
659 2711 792 2738 econtra
814 2709 962 2747 rebelles,
984 2721 1112 2741 eorum-

125 2759 198 2790 dem
225 2761 452 2801 magistrorum
479 2764 510 2792 ct
536 2763 705 2794 scolarium
732 2767 934 2797 ‹·‹.›ntuma‹·ia
953 2771 985 2797 et
1013 2768 1111 2807 perti-

128 2817 219 2847 nacia
235 2817 413 2858 divulgata,
437 2819 489 2858 qui
510 2830 568 2849 non
596 2819 696 2850 solum
719 2821 746 2851 in
772 2821 862 2851 nobis
886 2823 940 2853 sed
967 2824 1063 2854 otiam
1083 2824 1110 2854 in

130 2872 234 2903 felicis
270 2874 505 2905 recordationis
545 2875 566 2905 l.
610 2886 691 2916 papa
732 2877 964 2918 predecessore
1002 2882 1111 2911 nostro

127 2929 359 2960 auctoritatem
382 2930 671 2971 Sedistpostolico
691 2935 1111 2974 contempserunt,directis

128 2983 187 3013 sibi
209 2995 264 3025 pro
295 2987 462 3017 memorati
483 2986 604 3017 ordinis
635 2988 789 3019 fratribus
814 2990 843 3020 in
871 2991 987 3031 pagina
1017 3002 1111 3023 sacra

2094 321 2159 352 595

1143 387 1145 440 ξ
1170 393 1358 425 docentibus
1375 405 1547 434 eorumque
1577 396 1755 426 scolaribus
1781 395 1819 426 ad
1851 406 1908 426 sue
1938 395 2157 427 universitatis

1170 451 1364 481 consortium
1385 450 1591 481 admittendis
1611 452 1711 492 ipsius
1728 452 1971 492 predecessoris
1988 453 2022 483 et
2038 452 2157 483 nostris

1144 494 1145 511 i
1167 505 1365 546 jussionibus
1381 507 1572 538 resistendo.
1588 508 1759 548 Aggravat
1780 512 1885 539 autem
1908 509 2033 549 culpam
2047 518 2157 539 eorum

1144 554 1146 583 l
1171 563 1313 603 exempli
1333 564 1529 604 contagium.
1558 574 1617 604 quo
1644 563 1753 594 fideles
1785 568 1846 595 tam
1876 565 2036 606 principes
2063 574 2157 604 quam

1145 611 1146 638 l
1171 618 1276 658 populi
1297 619 1391 649 facile
1414 622 1546 660 possent
1574 620 1602 650 in
1633 620 1740 650 debita
1775 621 1838 651 Deo
1869 621 2002 661 ejusque
2037 621 2158 651 vicario

1171 673 1355 705 obedientia
1376 679 1408 705 et.
1429 676 1600 706 devotione
1620 677 1791 716 corrumpi,
1809 677 1835 706 si
1849 687 1908 716 qua
1922 687 1961 707 ex
1977 677 2158 707 dissimula-

1145 739 1146 742 *
1172 730 1268 760 tionis
1285 734 1394 761 nostre
1416 732 1583 772 patientia,
1600 732 1725 762 illorum
1740 732 1954 763 inobedientie
1974 734 2158 774 proveniret

1145 775 1146 783 ἵ
1173 787 1362 819 auctoritas.
1377 787 1489 827 quibus
1512 788 1604 818 tidem
1627 787 1738 828 prebet
1759 788 1787 818 in
1808 787 1900 829 plebe
1917 789 2002 819 fideli
2023 790 2159 820 scientia

1171 842 1256 879 fidei,
1273 853 1334 883 qua
1355 844 1498 874 eminere
1522 844 1698 875 creduntur
1718 854 1775 885 per
1797 844 1942 875 doctrine
1962 846 2101 876 studium
2128 849 2159 876 et

1172 899 1366 930 exercitium
1405 900 1585 941 discipline.
1637 901 1779 941 Insurgit
1836 911 1959 941 qnoque
2002 902 2158 932 adversus

1172 965 1286 986 eorum
1307 955 1456 986 duritiam
1474 956 1759 996 arguendannnon
1777 957 1877 987 solum
1901 961 2009 987 nostre
2030 957 2157 988 ordina-

1173 1012 1282 1045 tionis,
1306 1022 1399 1052 quani
1420 1012 1629 1054 calumpniari
1648 1016 1816 1044 conantur.
1836 1014 2156 1053 equitasmanifesta,

1173 1069 1352 1099 communis
1367 1069 1516 1099 utilitatis
1534 1069 1755 1109 compendium
1782 1069 1927 1099 omnibus
1953 1068 2105 1105 afferens,
2127 1073 2158 1099 ot

1146 1145 1147 1150 ,
1173 1126 1297 1166 private
1314 1125 1443 1166 jacture
1464 1125 1666 1166 dispendium
1692 1126 1838 1165 cuiquam
1872 1135 1932 1155 non
1964 1126 2152 1166 importans,

1146 1190 1147 1203 ³
1173 1191 1285 1212 verum
1306 1182 1405 1212 etiam
1421 1182 1726 1221 juramentum,quo
1747 1192 1781 1212 se
1803 1184 1916 1212 csmtra
1939 1181 2083 1222 ejusdem
2105 1191 2159 1211 or-

1172 1237 1350 1268 dinationis
1367 1240 1526 1270 tenorem.
1545 1248 1583 1268 ue
1599 1238 1717 1268 fratres
1732 1239 1816 1279 ipsos
1838 1238 2021 1279 reciperent
2044 1237 2157 1271 donec,

1146 1286 1147 1289 Ἴ
1174 1296 1280 1324 utrum
1302 1295 1408 1324 sintin
1439 1295 1666 1334 magistrorum
1702 1297 1735 1325 et
1759 1294 1930 1325 scolarium
1960 1294 2159 1324 consortium

1145 1342 1395 1398 {deceptibiles
1418 1350 1589 1381 ‹lit'tinitum
1631 1351 1742 1384 suerit,
1767 1354 1891 1381 temere
1921 1350 2157 1383 astrinxerunt.

1171 1417 1242 1438 cnm
1253 1418 1292 1438 an
1301 1407 1398 1437 iidem
1415 1408 1534 1437 fratres
1545 1406 1814 1447 receptabilitatis
1825 1407 2009 1447 hujusmodi
2021 1407 2162 1437 habeant

1143 1472 1145 1505 j
1170 1464 1272 1505 ipsius
1294 1463 1506 1494 ordinationis
1525 1463 1701 1494 auctoritas
1714 1463 1898 1503 ambiguum
1908 1474 1969 1493 non
1981 1463 2154 1503 relinquat.

1172 1520 1214 1550 De
1231 1520 1464 1561 compositione
1485 1530 1562 1549 sane
1581 1519 1726 1560 predicta
1745 1520 1791 1549 eis
1813 1519 2024 1561 patrocinium
2043 1519 2158 1550 adesse

1171 1587 1232 1607 non
1252 1576 1349 1607 debet
1370 1586 1440 1606 (zum
1461 1576 1557 1606 fuerit
1573 1586 1612 1605 ex
1635 1576 1770 1616 quadam
1792 1576 2014 1617 impressionis
2041 1576 2157 1616 impro-

1168 1633 1269 1664 bitate
1295 1635 1492 1674 presumpta.
1518 1633 1582 1663 Nec
1614 1634 1748 1673 possunt
1765 1631 1804 1663 de
1824 1633 2031 1663 revocatione
2056 1632 2156 1672 ipsius

1167 1691 1221 1720 aut
1241 1689 1281 1720 de
1301 1689 1524 1720 mandatorum
1539 1694 1723 1719 iwstrorum
1742 1688 2157 1728 animadversionejustam

1156 1745 1304 1778 formare
1326 1746 1504 1786 querelam,
1524 1756 1596 1775 rum
1615 1746 1648 1776 in
1668 1745 1913 1786 derogationem
1938 1744 2150 1775 ordinationis

1168 1804 1279 1833 nostre
1301 1812 1339 1832 ac
1362 1802 1626 1843 impedimentum
1649 1801 1831 1843 theologice
1854 1801 2020 1832 facultatis
2041 1800 2155 1831 eadem

1167 1859 1357 1899 compositio
1379 1860 1570 1899 attemptata
1599 1858 1725 1889 fuisset.
1746 1860 1777 1888 et
1800 1868 1858 1899 per
1892 1867 2095 1897 consequens
2122 1858 2153 1887 in

1168 1915 1342 1956 periculum
1365 1914 1436 1945 fidei
1453 1914 1646 1952 orthodoxe,
1665 1925 1724 1954 (pie
1748 1915 1827 1945 sicut
1847 1914 2035 1955 proficiente
2059 1923 2152 1944 sacre

1167 1972 1286 2013 pagine
1315 1971 1420 2001 studio
1439 1972 1671 2001 incren'ientum
1711 1971 1823 2011 recipit
1858 1973 1891 2001 et
1918 1971 2074 2009 vigorem,
2108 1970 2153 2001 sic

1167 2028 1336 2059 deficiente
1371 2028 1580 2068 pernitiosum
1612 2028 1798 2057 incurreret
1815 2027 2056 2057 detrimentum.
2075 2025 2153 2057 Cum

1167 2085 1264 2115 etiam
1287 2084 1437 2114 mandata
1458 2084 1602 2124 predicta
1635 2083 1691 2113 sub
1719 2094 1757 2113 ea
1789 2083 2019 2113 insulerationis
2053 2083 2154 2113 forma

1168 2141 1402 2182 processerint,
1415 2143 1447 2170 ut
1461 2140 1724 2180 obtemperantes
1741 2139 1862 2169 eisdem
1880 2139 2073 2169 contentain
2089 2138 2150 2168 illis

1167 2197 1456 2228 animadversionis
1488 2196 1645 2227 severitas
1685 2206 1745 2226 nou
1781 2196 1907 2232 feriret,
1937 2197 2071 2236 apparet
2096 2205 2153 2236 per

1168 2265 1206 2285 ea
1229 2264 1288 2284 non
1305 2253 1524 2284 obedientium
1545 2253 1760 2283 innocentiam
1788 2252 1836 2282 vol
1860 2253 2018 2293 preterite
2043 2251 2150 2282 rebel—

1166 2310 1260 2341 lionis
1294 2309 1405 2350 ‹·ulpas
1439 2309 1574 2350 percuti.
1616 2309 1669 2339 seii
1711 2308 1887 2339 insolentes
1920 2308 2150 2338 contumatium

1167 2377 1265 2398 ausus
1284 2366 1465 2407 justissime
1486 2365 1641 2396 cohiberi.
1661 2366 1762 2395 Porro
1780 2376 1836 2406 per
1850 2365 1907 2395 11111·
1928 2365 2011 2405 quod
2034 2365 2152 2405 prefati

1167 2423 1311 2464 magistri
1328 2425 1360 2453 et:
1382 2422 1523 2452 scolares
1541 2422 1578 2451 ab
1608 2422 1820 2453 universitate
1841 2421 2034 2452 parisiensis
2056 2420 2151 2451 studii

1165 2480 1343 2510 recessisse
1368 2479 1528 2520 ipsiusque
1554 2478 1733 2520 privilegiis
1755 2478 1959 2508 romnitiasse
1987 2477 2148 2511 dicuntur,

1165 2535 1386 2567 excusationis
1411 2546 1466 2565 suc
1501 2535 1637 2565 intentio
1666 2546 1724 2564 non
1751 2535 1895 2575 juvatur,
1920 2544 1993 2563 1-11111
2021 2534 2151 2563 constet

1166 2603 1220 2623 ‹fos
1245 2593 1274 2622 in
1306 2592 1480 2622 elusionem
1514 2591 1653 2622 mandati
1686 2590 1867 2631 apostolici.
1900 2590 1981 2630 quod
2010 2590 2078 2629 jani
2110 2589 2148 2619 de

1165 2651 1233 2690 ipsa
1253 2648 1455 2679 ordinatione
1477 2648 1636 2679 servanda
1665 2648 1808 2678 notitiam
1839 2657 1947 2677 eorum
1976 2647 2147 2686 attigerat,

1164 2707 1194 2736 id
1204 2705 1332 2737 fecisse.
1350 2705 1518 2745 lpsietiam
1534 2705 1757 2735 nichilominus
1778 2704 1922 2735 tau—isius
1938 2706 2146 2734 remanentes

1165 2763 1261 2794 studii
1281 2762 1446 2793 scolastici
1466 2761 1730 2802 1›ccupationibus
1752 2760 1991 2795 incumbebant,
2013 2760 2089 2790 licet
2109 2759 2148 2790 ad

1165 2822 1290 2860 tompus
1304 2821 1408 2850 actum
1429 2817 1557 2857 legendi
1575 2819 1681 2847 astute
1697 2817 1904 2857 cogitationis
1916 2817 2048 2847 consilio
2061 2820 2149 2857 post-

1165 2876 1289 2907 modum
1310 2876 1521 2907 dimisissent.
1559 2874 1649 2905 Unde
1687 2874 1726 2905 ad
1756 2874 1984 2905 removendum
2006 2873 2146 2914 pallium,

1163 2932 1244 2974 qnod
1266 2932 1324 2962 sibi
1340 2942 1381 2963 ex
1401 2931 1584 2972 hujusmodi
1620 2931 1805 2962 recessione
1836 2941 1872 2961 ac
1907 2930 2147 2961 renuntiatione

1136 3024 1138 3038 ί
1166 2988 1373 3030 pretendunt,
1390 2988 1591 3029 abnegantes
1604 2987 1724 3024 verbis,
1736 2986 1817 3027 quod
1830 2986 1979 3027 operibus
1995 2986 2148 3026 profiten-
