2477 3512
223 269 261 300 14
918 267 1186 300 REGISTRES
1212 266 1565 299 D'ALEXANDRE
1595 266 1643 298 IV

220 390 228 401 υ
249 375 450 414 questiones
483 374 630 415 plurime
661 374 830 405 hactenus
859 373 1065 409 extiterunt,
1101 374 1224 414 ‹lanip-

219 439 370 460 «norum
409 440 548 470 quoque
584 432 616 459 et
655 429 861 469 injuriarum
898 428 961 458 sibi
997 431 1032 459 et
1067 428 1222 469 capitulo

220 487 278 515 =»ct
316 485 492 515 canonicis
530 484 673 524 prelatis
709 484 885 514 illatorum
920 486 953 514 et
990 482 1166 514 illatarum
1203 494 1220 514 a

219 552 227 565 v
248 539 413 579 predictis
455 539 565 579 priore
606 542 636 569 ct
681 541 857 569 conventu
899 538 979 568 fecit
1023 547 1145 578 puram
1187 540 1221 569 et

221 607 230 620 ι·
248 594 394 624 liberam
425 594 626 629 cessionem,
659 593 870 634 promittens
899 593 1127 634 stipulatione
1155 593 1221 624 sol-

217 660 229 675 «
246 647 386 689 lcmpni,
413 648 651 688 procuratorio
673 651 703 679 et
730 648 928 689 syndicario
953 647 1101 684 nominc,
1125 648 1218 689 quod

217 715 229 730 «
246 703 329 733 ‹licti
354 703 622 744 archipresbiter
644 706 675 734 et
700 703 875 744 capitulus
901 702 987 743 (sic)
1011 705 1074 733 aut
1096 702 1220 743 aliquis

217 758 297 788 uvel
327 758 433 799 aliqui
462 759 503 789 ‹lc
532 758 604 798 ipso
633 758 800 799 capitulo,
829 758 1036 799 generaliter
1063 757 1117 788 vel
1144 767 1221 799 spe-

218 826 227 839 ν
245 812 388 848 cialiter,
413 823 473 853 per
494 824 528 843 sc
552 813 604 844 vel
628 813 734 844 alium
757 816 815 844 aut
841 813 926 844 alios
949 813 1093 854 prelatis
1116 812 1220 854 priori

219 870 278 897 «ct
314 868 503 898 conventui
537 869 663 899 Sancte
697 868 802 899 Mario
836 868 990 909 predicte
1021 870 1083 899 aut
1116 867 1219 899 alicui

217 929 306 960 «pro
329 920 386 955 eis,
411 920 443 951 in
466 920 596 961 judicio
619 921 671 952 vel
695 924 793 952 extra
816 921 987 961 judicium
1011 930 1078 952 non
1102 930 1220 952 move-

217 972 334 1003 abunt
366 974 406 1003 (le
438 976 553 1005 cetero
585 984 688 1015 super
718 974 847 1005 eisdem
880 974 1023 1005 ‹lecimis
1053 983 1112 1005 seu
1143 973 1219 1014 jure

216 1025 487 1057 «decimationis
511 1028 700 1058 earundem
727 1030 899 1058 terrarum
925 1027 978 1058 vel
1004 1036 1217 1063 mansorum,

216 1078 478 1119 «dampnorum
518 1080 570 1110 vel
612 1080 830 1119 injuriarum.
870 1080 1025 1120 aliquam
1064 1079 1218 1121 questio-

216 1143 227 1157 υ
246 1140 335 1162 nc1n.
367 1131 411 1162 lit
442 1132 467 1162 si
498 1135 619 1163 contra
651 1133 790 1164 l'cccrint
826 1133 887 1174 ipsi
919 1133 971 1163 vol
1002 1132 1127 1174 aliquis
1157 1135 1217 1164 aut

215 1196 225 1209 υ
243 1183 349 1224 aliqui
371 1194 489 1215 eorum
512 1195 572 1226 per
591 1195 625 1216 sc
646 1186 699 1216 vel
722 1196 781 1227 per
802 1185 896 1221 ulios,
921 1186 1094 1217 movendo
1116 1186 1218 1218 dictis

214 1236 345 1277 «priori
372 1240 402 1268 et
430 1238 618 1268 conventui
645 1241 702 1269 aut
732 1238 832 1269 alicui
859 1248 920 1279 pro
944 1239 1002 1275 eis,
1028 1239 1061 1269 in
1085 1239 1217 1279 judicio

214 1289 295 1319 «vel
333 1292 433 1320 extra
471 1290 654 1331 judiciuin,
695 1291 875 1322 occasione
914 1291 1089 1323 ‹lictaruin
1128 1292 1218 1323 ‹leci-

213 1354 225 1369 «
241 1351 376 1373 marum
404 1343 456 1374 vel
485 1343 729 1375 decimationis
754 1354 811 1375 seu
844 1347 1014 1375 terrarum
1040 1345 1094 1375 vel
1120 1355 1218 1376 man—

212 1404 356 1425 «sorum
383 1398 445 1426 aut.
471 1396 705 1437 dampnorum
733 1397 785 1427 vel
813 1397 1032 1437 injuriarum,
1060 1398 1215 1439 aliquam

213 1460 223 1474 a
241 1447 460 1488 questionem
490 1459 548 1480 scu
579 1450 867 1486 controversiam,
900 1451 994 1491 quod
1024 1450 1089 1492 ipsi
1118 1451 1217 1482 resti-

213 1512 223 1527 «
243 1502 343 1531 luent
370 1501 472 1532 dictis
500 1502 603 1543 priori
632 1505 663 1533 et
693 1503 885 1534 conventui
913 1503 1031 1535 omnia
1059 1504 1215 1545 dampna

212 1565 224 1580 «
239 1555 274 1583 ct
297 1563 468 1594 expensas
490 1558 521 1585 et
549 1555 731 1596 quodlibet
754 1556 919 1587 interesse
943 1566 1010 1597 que
1033 1557 1215 1589 occasione

212 1606 397 1646 «predicta
429 1607 513 1638 (licii
545 1608 638 1648 prior
667 1611 697 1639 ct
733 1612 929 1640 conventus
960 1609 1076 1651 aliquo
1110 1611 1214 1641 inodo

211 1657 414 1689 «incurrent
445 1660 497 1691 x‘cl
527 1660 707 1695 ltalicrent.
736 1661 923 1701 obligando
951 1662 1080 1693 eisdem
1109 1663 1214 1704 priori

211 1724 221 1736 <2
239 1714 269 1741 ct
300 1713 490 1743 conventui
518 1714 634 1744 onmia
666 1714 755 1745 bona
784 1715 1032 1747 canonicorum
1059 1718 1090 1746 et
1121 1716 1214 1757 capi-

211 1776 221 1790 ιι
241 1764 301 1794 tuli
344 1766 526 1797 memorati
568 1769 711 1808 propter
751 1768 826 1799 lioc.
869 1768 981 1807 Quam
1022 1769 1212 1800 cessionem

209 1817 387 1847 «doninus
419 1818 585 1853 jacobus.
620 1820 713 1860 prior
745 1820 836 1851 (licie
870 1822 997 1852 Sancte
1030 1821 1137 1853 Mario
1170 1823 1212 1854 de

209 1869 438 1909 «Virginibus
479 1874 510 1902 et
556 1875 762 1913 procurator
803 1873 961 1914 ejusdem
1003 1877 1211 1911 conventus,

209 1923 375 1970 «nominc
414 1934 475 1954 suo
513 1927 543 1955 et
586 1928 782 1956 conventus
821 1926 979 1967 predicti,
1019 1937 1080 1968 pro
1119 1927 1211 1959 bono

208 1975 330 2006 «pacis
364 1970 392 1997 ct
433 1969 626 2005 concordie,
662 1970 874 2011 acceptavit.
911 1970 955 2001 Et
991 1982 1008 2002 e
1042 1981 1210 2004 converso

208 2030 219 2045 «
235 2028 314 2049 cum
335 2020 518 2061 sollempni
538 2022 767 2062 stipulatione
787 2023 902 2054 dictus
922 2024 1085 2055 dominus
1105 2025 1208 2066 prior,

208 2076 442 2112 «procurator
463 2077 497 2104 et
520 2075 686 2114 syndicus
709 2076 909 2107 monasterii
932 2086 991 2107 seu
1014 2080 1210 2109 conventus

208 2125 389 2164 «predicte
422 2127 547 2157 sam-ie
579 2127 696 2164 Marie,
730 2128 862 2159 liabens
892 2130 935 2160 ad
968 2129 1031 2161 hoe.
1061 2130 1211 2171 speciale

208 2188 219 2203 (ι
236 2178 443 2209 mandatum
472 2181 710 2219 procuratorio
736 2181 885 2217 nomine,
911 2192 973 2223 pro
997 2192 1031 2213 sc
1055 2186 1088 2214 et
1115 2184 1208 2216 (licto

207 2231 446 2261 «monasterio
470 2235 499 2262 et
527 2236 714 2269 conventu,
739 2234 836 2265 cessit
863 2235 956 2265 omni
978 2235 1030 2266 liti
1052 2239 1087 2267 et
1109 2247 1210 2278 ques-

207 2295 217 2308 «
235 2282 321 2313 tioni
351 2293 408 2314 seu
439 2286 673 2317 controversie
703 2297 790 2327 quas
819 2287 882 2328 ipsi
911 2288 963 2319 vel
993 2288 1119 2330 aliquis
1146 2299 1208 2331 pro

206 2334 363 2366 «eisdem
390 2336 521 2369 liabent
546 2349 603 2369 seu
631 2339 757 2370 habero
783 2343 924 2380 possent
949 2344 1070 2373 eontra
1095 2342 1209 2384 prefa-

206 2390 288 2418 «tos
322 2389 653 2430 archipresbiterum
687 2395 718 2423 ct
755 2393 950 2433 capitulum
984 2394 1038 2424 vel
1072 2395 1208 2436 aliquos

206 2440 276 2471 «de
307 2441 379 2481 ipso
409 2443 574 2484 capitulo,
606 2445 785 2475 occasione
814 2456 872 2476 seu
902 2449 1066 2487 pretextu
1097 2448 1208 2479 (licto—

205 2502 308 2524 ‹trunl
348 2494 559 2533 ablatorum,
597 2497 832 2538 dampnorum
870 2501 905 2529 et
941 2499 1149 2540 injuriarum
1187 2512 1206 2532 a

205 2545 339 2577 «etiam
363 2557 595 2588 expensarum
620 2552 653 2580 et
678 2550 854 2582 interesse.

250 2611 262 2627 «
297 2598 370 2640 Ego
406 2600 571 2633 Allicrtus
607 2602 706 2643 Gaja,
744 2604 837 2635 Sacri
873 2604 1000 2636 Palatii
1036 2607 1204 2644 notarius,

204 2650 373 2683 «interlui
402 2654 565 2685 omnibus
592 2655 792 2697 prescriptis
819 2659 854 2688 et
880 2660 1024 2699 rogatus
1051 2669 1069 2690 a
1097 2660 1207 2700 parti-

205 2716 213 2730 υ
232 2703 296 2735 bus
322 2705 453 2746 scripsi.

248 2770 259 2783 (ι
290 2757 364 2798 Ego
397 2758 601 2791 Dominicus
633 2760 786 2803 Finlusl,
833 2763 1004 2804 presbiter
1034 2764 1206 2805 plebanus

204 2810 350 2841 «Sancti
391 2811 594 2844 I‘aterniani
635 2816 670 2844 et
711 2815 871 2846 notarius
911 2816 1065 2854 interfui,
1108 2819 1207 2849 subs-

204 2863 332 2904 ‹¹c1·ipsi
363 2867 397 2895 et
428 2864 566 2905 signum
598 2875 715 2897 meum
747 2868 905 2909 apposui.
939 2882 950 2896 »

249 2915 342 2946 Nulli
365 2919 481 2949 nostre
513 2918 791 2951 confirmationis
821 2924 886 2952 etc.
920 2921 1001 2953 Dat.
1034 2923 1202 2964 Anagnie,

203 2967 317 3000 idibus
341 2969 517 3007 februarii,
542 2980 634 3003 anno
658 2972 795 3013 quinto.
821 2985 833 3001 i>

1258 2911 1259 2919 i

1257 2929 1259 2943 l

1419 371 1508 397 2818
1819 371 1951 405 Anagnl,
1977 371 2013 398 12
2035 371 2148 398 tevrler
2171 371 2258 398 1259.

1377 424 1596 458 [The-obulum]
1623 424 1686 457 regi
1715 424 1886 456 Navarrae,
1927 426 1958 450 et
1999 424 2122 458 reginae
2162 424 2334 456 Navarrae,

1334 468 1523 502 Campaniae
1561 470 1591 494 et
1627 468 1717 494 Briae
1755 468 1931 494 comitissae
1969 468 2131 495 Palatinae
2167 475 2338 503 eorumque

1333 512 1561 540 successoribus
1590 512 1731 545 indulget
1761 514 1806 543 ut,
1837 513 1978 546 ternpore
2007 512 2182 539 vacationis
2212 512 2337 546 Pampi-

1332 557 1467 584 lonensis
1493 556 1649 587 ecclesiae,
1675 558 1730 582 aut
1755 556 1780 582 si
1806 556 2053 589 Pampilonensis
2078 556 2242 590 episcopus
2266 563 2338 584 eum

1332 608 1524 634 uxoremque
1556 608 1591 627 ac
1623 607 1729 626 eorum
1760 607 1950 626 successores
1983 606 2095 633 ungere
2126 601 2157 627 et
2187 607 2336 628 coronare

1331 645 1460 672 noluerit
1503 644 1550 671 vel
1588 644 1776 677 nequiverit,
1815 644 1995 670 unctionem
2033 646 2064 670 et
2101 644 2336 672 coronationem

1331 698 1348 717 a
1361 696 1548 723 quocunque
1561 688 1714 714 catholico
1727 688 1872 722 episcopo
1885 688 2018 722 recipere
2031 688 2161 722 possint.
2175 688 2272 721 (REO.
2286 688 2335 720 25,

1331 735 1351 761 f.
1372 734 1427 760 193
1445 736 1491 764 v0,
1509 740 1558 759 an.
1578 732 1614 764 V,
1632 740 1656 759 c.
1676 732 1713 759 49
1728 740 1734 763 ;
1754 732 1926 758 PorrnAsr
1944 732 2064 765 17482.)

1376 844 1388 859 ⁴<
1412 856 1431 862 ..
1457 830 1581 862 illustri
1604 830 1673 871 rcyi
1697 830 1852 861 Nmmrre
1874 831 1902 861 et
1924 829 2005 861 Brie
2026 829 2139 862 comiti
2163 829 2334 863 Palatino.

1331 884 1556 916 Meminimus
1594 883 1785 915 venerabili
1824 882 1925 914 fratri
1949 902 2004 914 —.
2039 883 2123 914 Dat.
2163 883 2334 924 Anagnie,

1331 937 1446 968 idibus
1468 936 1644 973 februarii,
1668 945 1760 967 anno
1783 935 1920 977 quinto.
1944 948 1956 963 »

1410 1146 1498 1173 2819
1815 1146 1950 1179 Anagni,
1975 1146 2011 1172 12
2033 1145 2148 1172 (evrier
2170 1145 2257 1173 1259.

1372 1200 1527 1234 Episcopo
1557 1199 1789 1233 Pampilonensi
1818 1199 2003 1226 facultatem
2030 1198 2167 1232 ungendi
2193 1200 2225 1226 et
2251 1205 2338 1226 eoro-

1331 1244 1427 1270 nandi
1440 1244 1579 1277 reginam
1593 1244 1765 1275 Navarrae,
1781 1243 1971 1277 Campaniae
1985 1244 2015 1269 et
2028 1243 2119 1270 Briae
2132 1242 2336 1275 comitissam,

1329 1288 1482 1315 concedit.
1506 1288 1603 1321 (Rae.
1628 1288 1676 1319 25,
1700 1288 1721 1314 1‘.
1747 1288 1803 1314 192
1826 1291 1873 1319 ψ’,
1896 1295 1946 1314 an.
1970 1287 2007 1319 V,
2031 1294 2056 1314 c.
2081 1287 2140 1319 50;
2165 1287 2337 1314 ΡοττιιΛετ

1332 1332 1427 1359 17482
1450 1332 1506 1358 sub
1530 1332 1578 1359 die
1602 1332 1637 1358 13
1660 1332 1735 1365 feb.)

1374 1441 1387 1456 «
1427 1453 1446 1460 ..
1486 1428 1641 1470 episcopo
1680 1427 1953 1470 Pampilonensi.
1992 1428 2217 1460 Meminimus
2255 1428 2332 1466 tibi,

1330 1481 1373 1513 ad
1395 1481 1691 1524 supplicationem
1713 1481 1882 1513 carissimi
1902 1481 1938 1512 in
1959 1481 2097 1514 Christo
2117 1481 2180 1513 filii
2201 1481 2335 1514 nostri..

1328 1534 1472 1566 illustris
1499 1534 1587 1576 regis
1614 1534 1783 1571 Namrre,
1812 1534 2004 1576 Campanie
2029 1536 2065 1566 et
2089 1533 2169 1566 Brie
2195 1534 2334 1566 comitis

1330 1587 1492 1624 Palatini,
1525 1587 1652 1618 nostris
1683 1587 1819 1618 dedisse
1860 1587 1987 1618 litteris
2017 1587 2052 1618 in
2082 1586 2262 1619 mandatis
2291 1590 2332 1620 ut

1327 1640 1438 1672 eidem
1486 1640 1555 1681 regi
1602 1640 1804 1671 unctionem
1849 1649 1986 1671 sacram
2031 1640 2252 1682 impenderes
2295 1643 2332 1673 et

1326 1693 1402 1734 ejus
1430 1693 1537 1734 capiti
1568 1693 1700 1734 regium
1729 1693 1926 1734 imponeres
1955 1692 2129 1730 diadema,
2159 1695 2195 1725 et
2224 1693 2333 1726 nichi-

1327 1746 1478 1777 lominus
1502 1745 1567 1777 tibi
1592 1748 1625 1777 ct
1651 1746 1909 1777 successoribus
1934 1746 2015 1783 tuis,
2041 1746 2085 1777 ad
2110 1745 2219 1788 ipsius
2242 1746 2332 1788 regis

1326 1798 1545 1835 instantiam,
1566 1798 1718 1840 ungendi
1736 1801 1769 1830 et
1788 1798 1980 1831 coronandi
1998 1798 2213 1831 auctoritate
2229 1808 2331 1841 apos-

1326 1852 1429 1884 tolica
1454 1851 1589 1883 dictum
1611 1860 1727 1891 regem
1749 1861 1901 1893 suosque
1923 1861 2140 1883 successores
2161 1852 2196 1883 in
2225 1852 2332 1884 devo-

1324 1905 1420 1936 tione
1467 1904 1628 1936 Romane
1674 1904 1826 1936 Ecclesie
1872 1904 2109 1946 persistentes,
2156 1904 2192 1936 in
2237 1913 2334 1946 reges

1323 1957 1426 1998 juxta
1456 1967 1589 1988 morem
1619 1957 1677 1999 qui
1706 1960 1869 1989 servatur
1895 1957 1930 1988 in
1960 1957 2090 1989 talibus
2117 1957 2209 1990 cirea
2235 1966 2333 2000 reges

1324 2010 1410 2042 alios
1437 2010 1640 2047 catholicos,
1671 2013 1707 2042 et
1735 2010 1825 2042 sicut
1854 2010 2023 2042 canonica
2052 2010 2219 2043 instituta
2247 2011 2332 2043 edu-

1323 2066 1414 2100 cent,
1460 2063 1608 2094 liberam
1653 2073 1714 2105 per
1758 2066 1896 2095 nostras
1939 2063 2150 2095 concessisse
2192 2063 2332 2096 litteras

1323 2116 1543 2147 facultatem.
1588 2116 1660 2147 Nos
1701 2115 1832 2157 itaque,
1875 2116 1984 2157 ipsius
2024 2116 2114 2157 regis
2154 2115 2331 2158 supplica·

1323 2169 1478 2200 tionibus
1505 2168 1675 2205 inclinati,
1705 2171 1743 2200 ut
1772 2169 1975 2200 unctionem
2001 2171 2037 2200 et
2063 2169 2328 2202 coronationem

1322 2222 1526 2262 hujusmodi
1569 2222 1658 2253 circa
1701 2221 1920 2254 carissimam
1962 2221 1996 2253 in
2039 2221 2177 2253 Christo
2218 2221 2330 2254 filiam

1323 2277 1505 2306 nostram..
1540 2275 1711 2306 illustrem
1744 2274 1901 2315 reginam
1934 2274 2103 2311 Navarre‚
2138 2274 2330 2317 Campanie

1321 2330 1356 2359 et
1385 2328 1464 2359 Brie
1497 2328 1714 2359 comitissam
1747 2327 1958 2364 Palatinam,
1993 2337 2138 2359 uxorem
2169 2327 2328 2369 ejusdem

1319 2380 1408 2420 regis
1445 2383 1479 2411 et
1519 2381 1686 2412 uxoribus
1725 2380 1900 2412 dictorum
1938 2390 2179 2412 successorum
2216 2380 2326 2423 ipsius

1318 2433 1418 2474 regis,
1440 2436 1478 2464 tu
1502 2433 1622 2474 tuique
1643 2443 1857 2465 successores
1876 2433 2001 2474 exequi
2021 2432 2182 2470 valeatis,
2204 2436 2326 2466 aucto-

1318 2486 1424 2517 ritate
1460 2487 1675 2527 presentium
1713 2486 1879 2517 duximus
1914 2486 2190 2517 concedendum.
2228 2485 2324 2519 Nulli

1319 2541 1437 2570 nostre
1472 2539 1704 2570 concessionis
1740 2541 1806 2570 etc.
1845 2539 1927 2570 Dat.
1965 2538 2135 2579 Anagnie,
2176 2538 2209 2570 11
2245 2538 2324 2571 idus

1318 2591 1494 2627 februarii,
1523 2601 1615 2622 anno
1643 2592 1779 2633 quinto.
1808 2604 1820 2619 »

1395 2801 1484 2826 2820
1819 2801 1953 2835 Anagnl‚
1975 2801 1993 2827 9
2017 2801 2130 2828 sevrier
2152 2801 2239 2829 1259.

1361 2854 1487 2880 Decano
1523 2855 1668 2881 ecclesiae
1702 2855 1889 2881 Tutellensis
1923 2855 1954 2880 et
1988 2854 2050 2880 suis
2084 2854 2323 2886 successoribus,

1313 2897 1447 2924 obtentu
1487 2899 1566 2931 regis
1606 2899 1778 2931 Navarrae,
1819 2897 2009 2932 Campaniae
2048 2898 2183 2930 comitis,
2229 2905 2321 2925 usum

1311 2941 1433 2973 mitrae,
1447 2942 1555 2969 annuli
1568 2944 1598 2969 et
1609 2943 1741 2969 aliorum
1752 2942 1983 2977 pontificalium
1993 2942 2145 2970 concedit.
2156 2942 2254 2976 (Rau.
2269 2942 2318 2974 25,

1309 2986 1330 3012 ί.
1354 2985 1421 3018 194,
1441 2993 1491 3013 an.
1513 2986 1549 3019 V,
1570 2994 1595 3013 c.
1617 2987 1679 3020 51.)
