2477 3512
321 225 387 256 670

1020 226 1254 258 REGISTRES
1279 226 1582 260 D'ALEXANDRE
1607 230 1616 260 l
1626 230 1647 260 V

364 313 378 328 «
396 299 562 331 Universis
581 298 704 330 Christi
719 299 873 342 fidelibus
882 311 946 344 per
958 302 1152 333 Hemensem
1164 307 1195 332 et
1212 300 1305 333 Colo·
1329 298 1332 342 l
1358 304 1477 335 latione
1498 303 1571 336 fidei
1587 314 1624 335 ac
1643 305 1715 336 aliis
1735 306 1883 336 causisin
1895 307 1966 337 foro
1983 308 2107 338 tantum
2118 307 2344 340 eeclesiastico

317 355 465 386 reiensem
476 354 669 398 provincias
682 356 885 388 constitutis.
902 358 1058 394 Quoniam
1070 362 1104 389 ut
1115 359 1159 389 ait
1176 362 1305 399 aposto—
1329 353 1331 392 ἶ

1357 360 1532 401 agitandis,
1545 371 1562 391 a
1575 360 1659 392 Sede
1671 361 1860 403 Apostolica
1874 366 1966 393 certa
1983 363 2124 403 provisio
2141 368 2340 397 emanasset.

317 412 365 442 lus
386 414 449 442 etc.
471 422 570 453 usque
593 422 599 443 ε
619 417 777 444 eternam.
801 412 878 444 Cum
899 414 1020 455 itaque,
1043 415 1127 446 sicut
1146 425 1186 446 ex
1211 417 1302 456 parte
1328 422 1330 461 y
1357 417 1430 458 quia
1450 417 1651 457 postmodum
1674 418 1788 448 nobilis
1806 419 1854 449 vir
1873 418 2038 450 Johannes
2051 429 2160 451 comes
2172 419 2342 452 Britannie

318 468 506 498 dilectorum
526 468 686 500 filiorum..
710 469 835 500 abbatis
856 473 888 501 et
910 473 1091 502 conventus
1113 472 1302 503 monasterii

317 523 357 555 de
379 524 547 557 Boheries.
575 524 802 557 cisterciensis
829 526 963 565 ordinis,
988 527 1212 559 Laudunensis
1233 527 1299 559 dio-

316 581 413 619 cesis,
443 581 501 611 fuit
527 583 725 622 propositum
751 593 858 613 coram
881 583 983 621 nobis,
1007 583 1101 615 iidem
1124 584 1299 615 ecclesiam

316 637 393 668 dicti
414 638 600 669 monasterii
620 638 659 670 de
692 649 772 670 novo
804 639 956 671 edificare
995 641 1175 682 inceperint
1201 651 1300 682 opere

316 697 514 735 sumptuoso,
537 704 597 725 nec.
615 695 654 725 ad
675 695 775 736 ipsius
797 697 1074 728 consumationem
1098 698 1206 738 operis
1229 708 1299 739 pro-

316 751 382 790 prie
400 751 477 791 ipsis
494 754 670 792 suppetant
689 752 875 790 facultates,
893 753 1139 785 universitatem
1157 759 1298 785 vestram

316 817 493 844 monemus,
514 818 665 848 rogamus
685 810 718 839 et
737 808 905 840 hortamur
922 810 953 840 in
968 810 1112 847 Domino,
1133 811 1163 841 in
1185 811 1299 841 remis-

315 863 434 894 sionem
467 863 559 894 vobis
589 865 809 905 peccaminum
830 866 1053 908 injungentes,
1077 867 1226 906 quatinus
1251 867 1299 897 eis

313 919 380 959 pias
399 919 519 951 adhoc
551 920 748 952 elemosinas
783 924 816 953 et
851 925 947 962 grata
973 923 1118 954 caritatis
1157 922 1300 953 subsidia

312 976 470 1016 erogetis,
489 979 523 1007 ut
535 987 592 1018 per
611 977 858 1009 subventionem
873 978 877 982 '
892 983 1034 1009 vestram
1068 990 1147 1020 opus
1186 979 1299 1020 liujus-

313 1032 396 1063 modi
420 1033 525 1064 valcat
547 1035 728 1065 consumari
749 1040 781 1065 et
808 1045 864 1065 vos
884 1046 942 1075 per
968 1036 1027 1066 lioc
1055 1041 1088 1066 et
1108 1035 1169 1065 alia
1203 1035 1296 1073 bona,

315 1098 375 1128 que
397 1088 529 1119 Domino
558 1089 737 1130 inspirante
770 1091 928 1126 feceritis,
950 1091 990 1121 ad
1019 1097 1133 1122 eterne
1168 1091 1298 1132 possitis
1324 1090 1325 1094 ’

314 1144 480 1176 felicitatis
494 1146 610 1185 gaudia
625 1147 807 1187 pervenire.
823 1147 886 1177 Nos
898 1148 994 1185 enim,
1014 1148 1054 1178 de
1068 1148 1298 1189 omnipotentis
1323 1173 1325 1179 ,

313 1202 369 1232 Dei
391 1202 611 1233 misericordia
634 1206 665 1234 et
689 1204 854 1235 beatorum
878 1205 968 1235 Petri
992 1206 1025 1235 ot
1056 1205 1146 1235 Pauli
1167 1207 1297 1246 aposto-

310 1257 411 1289 lorum
429 1258 500 1298 ejus
521 1260 717 1290 auctoritato
737 1260 860 1298 confisi,
884 1260 1029 1291 omnibus
1053 1271 1130 1291 vere
1150 1261 1297 1302 peniten-
1322 1286 1325 1291 ,

312 1314 395 1345 tibus
411 1320 444 1345 et
467 1316 639 1348 confessis.
663 1317 714 1357 qui
735 1317 782 1347 eis
803 1317 842 1347 ad
864 1317 924 1348 hoc
945 1328 1073 1348 manum
1090 1317 1297 1358 porrexerint
1322 1335 1324 1357 ';

310 1370 516 1412 adjutricem,
530 1379 659 1403 centum
676 1373 744 1404 dies
763 1376 828 1404 ete.
854 1384 953 1414 usque
977 1384 982 1404 2
1002 1374 1201 1405 relaxamus.
1220 1375 1297 1405 l're-

310 1428 456 1458 sentibus
474 1430 546 1469 post
567 1430 815 1470 quinquennium
837 1434 902 1461 etc.
926 1441 1026 1471 usque
1044 1430 1293 1462 :decernentes

311 1483 424 1514 Datum
451 1484 607 1518 Yiterbii.
643 1486 668 1516 11
694 1486 848 1517 kalendas
868 1487 1074 1527 septembris,
1113 1497 1195 1518 anno
1228 1492 1296 1517 ter-
1321 1495 1323 1535 J

311 1540 365 1570 tio.
384 1553 399 1568 n

371 1679 473 1706 21⁸5
874 1683 997 1713 Viterbe,
1015 1686 1048 1709 20
1063 1685 1133 1710 aout
1147 1686 1224 1710 ¹257.

1355 473 1395 504 de
1412 483 1493 503 novo
1503 476 1577 504 tunc
1589 473 1772 515 hujusmodi
1782 475 1968 505 comitatum
1977 475 2114 517 adeptus
2126 477 2341 517 provisionem

1355 529 1512 560 renuebat
1526 529 1702 561 observare
1718 530 1911 572 hujusmodi,
1923 533 2086 572 tamquam
2097 533 2283 573 expirasset
2297 544 2339 565 ex

1356 596 1405 617 eo.
1417 585 1498 626 quod
1513 586 1543 616 in
1555 586 1608 616 illa
1619 586 1659 617 de
1669 586 1915 618 successoribus
1925 588 2046 618 mentio
2063 598 2123 618 non
2137 587 2246 625 flebat,
2257 589 2339 621 idem

1354 642 1578 683 predecessor,
1587 642 1627 673 ad
1636 643 1775 684 ipsorum
1785 644 2008 685 episcoporum
2019 645 2218 680 instantiam,
2229 646 2341 677 volens

1353 698 1470 729 dictam
1503 699 1718 740 provisionem
1741 704 1903 741 tamquam
1929 701 2062 742 provide
2094 701 2213 733 factam
2243 702 2342 734 robur

1353 755 1515 786 firmitatis
1532 760 1688 797 perpetue
1706 756 1866 793 obtinere,
1881 757 1982 798 ipsam
1992 768 2010 788 a
2026 758 2152 799 prefato
2170 759 2199 789 J.
2220 759 2341 790 comite

1352 811 1519 842 observari
1546 812 1721 847 mandavit,
1745 813 1926 844 extendens
1959 813 2096 845 eandem
2121 815 2338 855 provisionem

1353 868 1392 898 ad
1418 868 1591 899 ecclesiam
1617 869 1900 904 Nannetensem„.
1928 870 2051 901 decano
2075 873 2134 901 et..
2164 871 2338 912 magistro-

1354 925 1512 955 scolarum
1543 925 1836 957 Cenomanensibus
1879 937 1976 968 super
2014 928 2072 957 lioc
2109 927 2339 959 executoribus

1353 981 1530 1022 deputatis,
1567 982 1618 1022 qui
1651 982 1691 1013 ad
1713 983 1887 1014 citationes
1924 986 1957 1014 et
1994 984 2185 1014 monitiones
2212 983 2338 1025 aliquas

1324 1038 1538 1071 ,eorumdem
1574 1037 1723 1069 nobilium
1759 1042 1999 1080 processerunt.
2036 1040 2155 1071 Verum
2187 1041 2337 1081 quoniam

336 1766 483 1793 Universis
500 1767 644 1801 episcopis
666 1768 832 1794 Britanniae
855 1771 956 1794 notum
978 1768 1047 1795 facit.
1062 1777 1092 1795 se
1116 1770 1292 1796 confirmare
1318 1766 1319 1774 ¹

304 1814 500 1847 provisionem
521 1818 549 1840 et
569 1815 812 1841 constitutionem
839 1815 991 1851 ti[regoriij
1017 1816 1167 1850 quondam
1190 1825 1291 1851 papae,

298 1861 358 1895 jam
383 1862 418 1887 ab
436 1862 600 1888 lnnocentii
620 1863 651 1887 lV
672 1863 870 1889 confirmatas.
892 1864 967 1896 (linc.
992 1865 1078 1893 25,11.
1107 1865 1151 1893 ΙΙΙ,
1169 1872 1193 1890 c.
1211 1865 1289 1892 597¹.

301 1909 320 1934 f.
338 1909 406 1942 w.)

346 2012 360 2026 «
385 1997 552 2029 &niver-sis
573 1998 736 2041 episcopis
760 1999 946 2031 Brictmnz'e.
964 2000 1086 2031 lludum
1104 2001 1188 2032 inter
1210 2002 1289 2032 bone

303 2055 482 2086 memorie..
527 2056 806 2094 Trecorensem,..
853 2056 1121 2096 Redoneusem,..

303 2111 491 2144 viensem...
516 2111 763 2145 Bri‹›‹·enscm,..
790 2113 1001 2152 Dolensem,..
1019 2114 1238 2145 Venetensem
1257 2120 1290 2145 et

306 2193 326 2198 ..
346 2168 544 2198 Leonensem
561 2169 731 2209 episcopos
752 2179 793 2199 ex
813 2172 906 2210 parte
920 2180 991 2205 una⁷
1010 2172 1044 2200 et
1057 2170 1214 2210 quondam
1228 2171 1289 2201 Pe-

304 2226 385 2255 trum
406 2224 572 2255 Britannie
595 2229 668 2255 tunc
686 2225 837 2255 comitem
855 2235 894 2256 ex
918 2225 1034 2265 altera,
1065 2236 1162 2267 super
1183 2227 1288 2258 diver-

304 2281 348 2311 sis
380 2280 524 2310 articulis
562 2281 655 2321 gravi
680 2284 796 2312 exorta
829 2283 966 2312 materia
995 2283 1187 2323 questionis,
1217 2294 1287 2314 cum
1313 2308 1314 2319 ,

303 2347 400 2378 super
439 2337 508 2378 ipsa
545 2337 642 2368 multe
678 2338 819 2368 fuissent
853 2350 871 2368 a
915 2338 1020 2369 felicis
1051 2340 1315 2378 recordationis

303 2393 342 2434 G,
365 2403 447 2434 papa
468 2392 701 2434 predecessore
728 2396 838 2424 nostro
860 2395 1032 2435 impetrate
1060 2395 1168 2426 littere
1187 2396 1289 2427 conti-
1314 2419 1315 2422 η

1314 2455 1315 2477 1
1342 2452 1511 2482 municatis
1534 2462 1591 2493 per
1619 2452 1802 2482 secularem
1827 2451 2002 2492 potentiam
2029 2449 2271 2491 compellendis,
2293 2454 2326 2480 ut

303 2452 419 2480 nentes
439 2450 580 2490 qualiter
596 2451 628 2480 in
644 2450 788 2491 partibus
808 2450 871 2481 illis
893 2462 950 2492 per
975 2452 1110 2482 eundem
1138 2453 1289 2483 comitem

302 2506 434 2536 libertas
454 2506 679 2537 ecclesiastica
702 2507 880 2537 enormiter
898 2507 1077 2545 ledebatur,
1105 2512 1138 2539 et
1160 2509 1288 2540 tandem
1314 2547 1315 2554 ἵ

302 2572 398 2603 super
415 2562 555 2593 vitandis
576 2566 609 2594 et
630 2563 858 2604 compellendis
878 2564 1182 2603 excommunicatis,
1197 2576 1233 2595 ac
1249 2566 1288 2597 de
1314 2592 1315 2600 ,

302 2619 378 2659 ipsis
397 2618 436 2650 ad
458 2618 630 2659 agendum,
660 2619 900 2650 testificandum
926 2622 958 2650 et
987 2620 1067 2650 alios
1095 2624 1188 2652 actus
1209 2622 1288 2663 logi-

303 2675 396 2705 timos
411 2675 593 2705 nullatenus
611 2675 823 2706 admittendis
853 2676 991 2715 quandiu
1015 2676 1045 2706 in
1069 2678 1289 2708 excommuni-

301 2731 427 2761 catione
442 2731 669 2772 persisterent,
682 2731 929 2762 etlibertatibus
940 2731 1079 2763 ecclesie
1090 2743 1288 2764 conserven-
1312 2750 1315 2771 ,v

1313 2785 1315 2788 ’
1341 2792 1494 2821 statutum
1513 2789 1707 2831 hujusmodi,
1721 2789 1804 2830 quod
1820 2789 1985 2831 perpetuis
2000 2788 2115 2819 ibidem
2129 2785 2323 2828 temporibus

302 2787 352 2817 dis
371 2787 409 2817 ab
430 2787 499 2828 ipso
520 2787 650 2824 comite,
673 2793 734 2818 tam
758 2797 856 2828 super
878 2788 979 2818 tercia
996 2788 1110 2829 judicii
1132 2788 1287 2821 diffinito-

305 2853 373 2873 rum
405 2853 498 2884 quam
532 2843 665 2874 decimis
695 2846 728 2874 et
762 2843 880 2884 legatis
911 2846 944 2875 et
989 2844 1287 2877 ecclesiasticarum

302 2898 542 2930 defensionibus
563 2909 786 2940 personarum,
807 2910 933 2931 necnon
954 2910 1050 2941 super
1074 2902 1191 2940 usuris,
1222 2903 1288 2933 vio-

1168 2058 1288 2089 Maclo-
1314 2099 1315 2102 Ἰ

1314 2111 1315 2118 ’
1343 2113 1416 2144 fidei
1437 2124 1473 2144 ac
1495 2113 1575 2144 alias
1587 2113 1773 2154 spirituales
1789 2123 1845 2144 seu
1861 2112 2105 2144 ecclesiasticas
2119 2122 2228 2143 coram
2242 2112 2328 2153 epis-

1352 1094 1579 1125 nichilominus
1615 1095 1699 1126 idem
1723 1096 1751 1126 J.
1775 1106 1882 1127 comes
1915 1097 2130 1137 provisionem
2162 1096 2338 1128 observare

1353 1150 1548 1191 hujusmodi,
1571 1162 1761 1192 quamquain
1783 1162 1881 1194 super
1912 1153 1970 1183 hoc
2003 1152 2180 1193 diligenter
2203 1153 2339 1193 requisi·

1351 1210 1402 1238 tus
1423 1208 1535 1245 tuerit,
1557 1208 1820 1249 contempnebat,
1839 1208 1961 1239 eisdem
1977 1209 2137 1250 episcopis
2162 1208 2339 1240 miserabili

1351 1264 1564 1295 ecclesiarum
1586 1265 1754 1296 Britannie
1776 1265 1873 1296 statui
1903 1275 1960 1306 per
1982 1266 2192 1306 apostolicam
2219 1265 2339 1297 subve-

1353 1321 1410 1350 niri
1450 1320 1687 1361 providentiam
1724 1322 1893 1352 humiliter
1930 1321 2196 1363 supplicantibus,
2233 1322 2338 1353 felicis

1350 1377 1586 1409 recordationis
1626 1378 1834 1409 Innocentius
1870 1388 1951 1420 papa
1980 1378 2196 1420 predecessor
2227 1380 2338 1410 noster

1349 1433 1534 1464 earumdem
1554 1434 1767 1465 ecclesiarum
1787 1434 2047 1476 oppressionibus
2061 1437 2195 1476 paterna
2210 1444 2338 1476 compa-

1350 1491 1432 1521 tiens
1453 1491 1588 1531 pietate.
1611 1490 1651 1521 ‹le
1673 1502 1800 1522 suorum
1821 1491 1955 1522 consilio
1971 1492 2108 1522 fratrum
2126 1491 2284 1530 decrevit,
2303 1496 2336 1522 ut

1350 1558 1406 1588 per
1424 1551 1524 1578 totam
1558 1548 1757 1578 Britanniam
1783 1548 2049 1579 exconnnunitati
2071 1548 2215 1579 vitentur
2250 1550 2283 1579 et
2305 1548 2335 1579 in

1343 1603 1476 1644 judiciis
1497 1604 1536 1634 ab
1556 1604 1695 1645 agendo,
1718 1604 1923 1635 testificando
1939 1614 1977 1635 ac
2001 1604 2072 1635 aliis
2101 1604 2227 1635 actibus
2256 1604 2338 1645 legi-

1347 1660 1433 1691 timis
1458 1671 1583 1691 necnon
1601 1660 1736 1701 publicis
1766 1660 1894 1697 ol'ficiis,
1917 1660 2056 1701 quandiu
2089 1661 2118 1691 in
2151 1670 2336 1691 excommu-

1318 1726 1319 1729 ’
1346 1717 1507 1748 nicatione
1521 1717 1772 1759 permanserint,
1783 1717 1993 1758 repellantur.
2006 1717 2151 1758 quodque
2164 1717 2335 1748 libertates

1344 1774 1571 1805 ecclesiastice
1612 1776 1851 1805 conserventur
1887 1780 1919 1804 ct
1960 1774 2058 1805 tertia
2105 1784 2179 1815 pars
2218 1774 2331 1815 judicii

1317 1834 1319 1878 l
1345 1830 1572 1862 defunctorum
1595 1830 1772 1861 secundum
1794 1836 1882 1862 terre
1895 1830 2159 1862 consuetudinem
2172 1829 2331 1871 approba—

1316 1881 1318 1933 ]
1343 1891 1409 1918 tam
1428 1887 1531 1918 libere
1551 1891 1583 1918 et
1603 1887 1734 1927 integre
1759 1886 1965 1928 persolvatur
1987 1886 2148 1922 ecclesiis,
2177 1886 2332 1928 implean-

1316 1936 1318 1954 ⁵
1344 1946 1397 1975 tur
1412 1944 1462 1985 pie
1479 1943 1706 1975 decedentium
1724 1944 1921 1976 voluntates.
1944 1943 2083 1974 ecclesie
2097 1953 2132 1973 ac
2154 1943 2330 1974 ecclesias-

1345 2001 1406 2031 tice
1427 2011 1566 2041 persone
1586 2001 1733 2031 acomite
1754 2000 1822 2041 ipso
1839 2001 1970 2041 suisque
1992 1999 2120 2030 ballivis
2141 2002 2174 2030 et
2193 1998 2329 2030 subditis

1342 2057 1572 2095 defendantur,
1603 2066 1719 2088 causas
1751 2057 1848 2087 etiam
1880 2066 1976 2097 super
2008 2056 2126 2093 usuris,
2155 2055 2329 2087 violatione

1340 2171 1427 2211 copis
1447 2171 1478 2200 in
1502 2170 1571 2200 foro
1591 2172 1715 2200 tantum
1735 2169 1960 2200 ecclesiastico
1980 2168 2150 2209 agitandas
2168 2169 2200 2199 in
2215 2168 2327 2199 eodem

1341 2226 1410 2257 t'oro
1431 2226 1658 2257 ecclesiastico
1674 2226 1757 2257 idem
1778 2236 1887 2257 comes
1905 2230 1937 2256 et
1954 2226 2002 2256 sui
2017 2226 2071 2266 agi
2086 2225 2187 2256 libere
2205 2224 2328 2266 patian—

1340 2285 1405 2322 tur,
1427 2283 1617 2324 permittant
1643 2283 1739 2313 etiam
1771 2282 1912 2313 decimas
1939 2282 2087 2313 ecclesiis
2113 2291 2151 2312 ac
2179 2280 2327 2322 personis

1341 2339 1576 2370 ecclesiasticis
1596 2350 1613 2370 a
1644 2339 1736 2370 laicis
1761 2339 1933 2379 resignari.
1964 2338 2188 2369 Provisionem
2219 2342 2325 2368 autem

1341 2395 1379 2426 ab
1398 2395 1509 2426 eodem
1531 2396 1570 2425 G.
1589 2395 1825 2436 predecessore
1848 2398 1958 2425 nostro
1985 2394 2105 2425 factam
2128 2393 2168 2425 de
2196 2403 2327 2424 excom-

1341 2507 1477 2539 redeant
1492 2508 1531 2539 ad
1554 2508 1699 2539 Ecclesie
1721 2508 1888 2545 unitatem,
1901 2509 1933 2538 et
1949 2507 2069 2548 legatis
2084 2508 2149 2538 tam
2168 2506 2208 2537 de
2228 2506 2326 2537 terris

1341 2564 1515 2605 gentilibus
1536 2575 1630 2605 quam
1651 2564 1822 2596 servilibus
1844 2563 2012 2601 faciendis,
2033 2562 2210 2595 secundum
2238 2565 2325 2593 terre

1341 2621 1608 2652 consuetudinem
1629 2620 1852 2662 approbatam,
1872 2620 2010 2651 tirmiter
2029 2619 2197 2651 observari
2211 2627 2325 2659 prece-

1340 2673 2322 2718 pit,subinterminationeanathematis,districtiusinhibens,

1341 2744 1380 2764 ne
1400 2733 1484 2764 idem
1503 2744 1611 2765 comes
1624 2734 1676 2765 vel
1693 2733 1798 2774 quivis
1811 2733 1892 2764 alius
1909 2733 1939 2764 in
1947 2732 2114 2763 Britannia
2126 2731 2196 2772 ipsa
2211 2733 2324 2761 eontra

1341 2845 1463 2877 firmum
1482 2849 1514 2877 et
1535 2846 1651 2877 stabile
1672 2856 1863 2887 permanere
1884 2845 1996 2882 voluit,
2015 2846 2068 2875 aut
2090 2847 2203 2874 contra
2215 2843 2323 2883 provi—

1341 2903 1461 2934 sionem
1491 2902 1624 2934 oandem
1659 2903 1772 2934 venire
1809 2903 1986 2943 presumat,
2023 2900 2104 2930 bone
2140 2899 2320 2930 memorie..
