2477 3512
176 255 245 289 826
606 259 607 262 ’
905 250 1164 285 REGISTRES
1182 250 1518 293 D’ALEXANDRE
1533 250 1581 284 IV

263 354 354 380 2892
637 353 771 387 Anagni‚
786 353 821 379 11
837 352 1007 379 novembre
1021 351 1108 378 1258.

222 407 372 441 Magistro
396 407 535 434 Johanni
559 406 644 433 dicto
667 405 803 437 Blundo,
827 406 979 439 perpetuo
1002 403 1120 430 vicario
1144 410 1191 429 ec-

179 447 291 474 clesiae
313 448 342 474 S.
366 446 488 473 Nicolai
510 446 678 478 Roffensis,
702 445 742 472 ad
762 445 795 476 1.,
814 444 902 471 tituli
923 444 952 470 S.
976 442 1139 470 Laurentii
1160 442 1191 468 in

181 487 300 514 Lucina
336 484 509 520 presbyteri
540 485 717 516 cardinalis,
752 484 1014 518 supplicationem
1051 482 1192 514 indulget

182 528 227 559 ut,
256 533 326 553 curn
354 526 495 552 redditus
521 525 656 552 vicariae
684 524 787 551 dictae
813 523 959 550 ecclesiae
977 523 1103 549 centum
1122 521 1193 548 soli-

182 566 293 592 dorum
302 564 528 599 sterlingorum
537 564 709 591 valentiam
718 564 808 590 annis
816 563 945 596 singulis
961 562 1016 589 vix
1026 561 1191 592 excedant,

183 606 220 632 de
240 606 355 639 quibus
373 605 467 638 Juxta
486 611 636 638 personae
656 605 776 630 statum
796 610 832 629 ac
851 609 969 629 morem
989 601 1110 635 patriae
1130 607 1193 627 non

183 645 267 671 valet
286 645 449 671 commode
463 644 643 675 sustentari,
663 644 790 670 unicum
809 643 895 669 aliud
914 641 1102 668 beneficium
1121 646 1192 666 curn

183 691 256 711 cura
273 685 323 711 vel
340 684 407 710 sine
424 691 498 710 cura
514 683 660 717 recipere,
678 684 709 710 et
728 690 789 709 una
807 689 879 708 cum
896 681 1058 715 praedicta
1075 679 1193 706 vicaria

183 724 316 751 retinere
338 723 446 757 possit.
469 723 566 756 (Rea.
589 723 638 755 25,
660 723 681 748 f.
705 723 762 749 158
783 725 829 753 νῦ,
852 729 902 748 an.
928 720 980 752 IV,
1003 728 1028 746 c.
1051 719 1132 752 248.)

226 852 237 867 «
258 840 416 879 Maqislro
437 839 580 869 ιΙοΙιαηηί
610 839 690 869 dicto
711 838 847 872 Blundo,
869 837 1059 867 subdiacono
1080 837 1193 870 nostro,

183 895 329 933 perpetuo
347 893 462 923 vicario
480 892 600 922 ecclesie
619 891 726 923 Sancti
743 890 870 921 Nicolai
888 889 1057 928 RollensiS.
1076 887 1193 927 Ampla

184 947 294 976 divino
318 955 459 976 munere.
483 963 524 967 —
548 946 623 975 Dat.
642 944 798 983 Anagnie,
825 944 874 973 III
907 943 978 972 idus
999 941 1193 975 novembris,

183 1008 269 1029 anno
301 1001 428 1038 quarto.
460 1010 473 1026 ι

263 1227 354 1252 2893
638 1225 773 1259 Anagni,
787 1225 825 1251 26
838 1224 1010 1252 novembre
1025 1222 1111 1249 1258.

225 1279 381 1313 Episcopo
398 1279 530 1305 Metensi
546 1278 678 1304 mandat
694 1279 729 1304 ut
745 1278 785 1304 ad
800 1277 927 1308 Tetrici,
943 1276 1085 1303 canonici
1100 1275 1195 1302 eccle-

182 1318 246 1344 siae
275 1318 313 1344 de
342 1318 512 1350 Homharc,
542 1318 754 1352 provisionem
782 1317 943 1351 procedat.
967 1316 1066 1349 (REG.
1094 1315 1143 1346 25,
1171 1314 1194 1340 f.

184 1357 241 1384 158
270 1362 317 1390 v⁰‚
347 1365 397 1385 an.
431 1357 483 1390 IV,
513 1365 538 1384 c.
568 1357 650 1390 249.)

224 1486 280 1508 «..,
308 1474 451 1513 episcopo
477 1474 624 1503 Metensi.
653 1474 716 1503 Sua
744 1473 835 1502 nobis
863 1473 998 1502 dilectus
1024 1471 1110 1500 filius
1136 1471 1195 1500 Te-

182 1527 292 1561 tricus,
321 1527 493 1558 canonicus
521 1527 650 1556 ecclesie
678 1527 717 1556 de
744 1526 920 1559 Hombarc,
949 1524 1080 1554 clericus
1106 1526 1194 1558 tuus,

181 1579 338 1618 petitione
367 1580 565 1609 monstravit
595 1579 692 1618 quod,
723 1579 797 1608 licet
837 1578 911 1608 olim
943 1578 1078 1607 dilectus
1108 1576 1194 1606 filius

177 1634 286 1662 noster
310 1633 357 1667 P„
385 1633 494 1662 Sancti
520 1632 646 1671 Georgii
671 1632 712 1661 ad
727 1631 852 1671 Velum}
868 1632 1010 1661 Aureum
1039 1630 1193 1659 diaconus

178 1685 360 1720 cardinalis,
382 1688 461 1715 tunc
482 1685 514 1715 in
536 1685 705 1714 Alamanie
727 1685 875 1723 partibus
896 1683 1080 1722 Apostolice
1103 1682 1191 1713 Sedis

179 1739 314 1777 legatus,
343 1738 504 1773 Guettico,
533 1738 688 1768 canonico
719 1737 848 1767 ecclesie
880 1737 990 1767 Sancti
1014 1735 1193 1766 Theobaldi

179 1791 343 1825 Metensis,
364 1791 429 1821 suis
449 1791 590 1821 dedisset
609 1791 668 1820 sub
688 1793 775 1820 certa
795 1790 898 1820 forma
918 1789 1033 1818 litteris
1053 1789 1084 1818 in
1104 1797 1194 1818 man-

181 1844 266 1874 datis
293 1847 330 1873 ut
356 1844 459 1873 eidem
485 1845 521 1873 T.
549 1844 581 1873 in
608 1843 774 1882 provincia
808 1843 995 1872 Treverensi
1022 1842 1061 1871 de
1086 1842 1195 1880 aliquo

182 1897 398 1926 ecclesiastico
426 1896 583 1926 beneficio
612 1896 822 1935 competenti,
851 1905 925 1925 cum
946 1904 1021 1924 cura
1050 1895 1101 1924 vel
1129 1895 1196 1924 sine

185 1959 270 1983 cura,
293 1950 319 1979 si
340 1952 419 1979 tunc
440 1952 573 1979 vacaret
594 1949 645 1978 vel
667 1949 822 1988 quancito
843 1957 875 1978 se
898 1948 1029 1978 offerret
1050 1950 1198 1986 oportur-

186 2003 282 2037 nitas,
312 2002 507 2041 provideret,
537 2002 792 2032 contradictores
820 2011 878 2040 per
905 2010 1072 2030 censuram
1102 2000 1199 2030 eccle-

187 2055 351 2085 siasticam
380 2055 622 2094 compescendo,
651 2057 684 2084 et
711 2055 796 2084 idem
824 2056 977 2084 executor
1004 2053 1198 2083 auctoritate

188 2108 375 2146 hujusmodi
404 2109 586 2137 litterarum
616 2108 782 2137 eeclesiam
813 2107 923 2137 Sancti
950 2106 1054 2141 Britii,
1085 2107 1201 2135 Treve-

187 2162 287 2199 rensis
311 2161 455 2195 diocesis,
498 2161 558 2190 sibi
582 2161 765 2194 contulerit,
810 2160 885 2199 quia
908 2162 1018 2189 tamen
1059 2168 1200 2197 comper-

189 2217 261 2243 tum
308 2214 419 2243 extitit
445 2214 532 2253 quod
557 2214 645 2252 prius
671 2213 778 2243 fuerat
803 2213 857 2242 alii
883 2213 921 2242 de
947 2213 999 2242 illa
1025 2212 1202 2251 provisum,

189 2267 313 2296 nullum
324 2276 364 2296 ex
373 2267 559 2305 hujusmodi
570 2266 673 2305 gratia
686 2266 892 2295 commodum
905 2266 1016 2295 extitit
1027 2267 1202 2297 assecutus,

191 2329 287 2358 super
305 2329 368 2358 quo
383 2320 477 2349 duxit
491 2320 532 2349 ad
544 2319 728 2358 Apostolice
747 2319 836 2349 Sedis
849 2318 1088 2357 providentiam
1101 2327 1206 2347 recur-

193 2373 337 2402 rendum.
368 2372 434 2402 Nos
454 2375 575 2405 autem,
596 2372 740 2401 nolentes
761 2372 847 2410 quod
866 2372 952 2400 idem
973 2371 1103 2400 clericus
1122 2371 1206 2409 ejus-

196 2426 269 2454 dem
294 2425 396 2463 gratie
421 2425 596 2454 frustretur
613 2424 743 2458 effectu,
770 2424 964 2453 mandamus
990 2424 1154 2462 quatinus,
1181 2424 1207 2453 si

196 2480 246 2508 est
262 2478 318 2512 ita,
337 2478 508 2507 collatione
525 2487 587 2506 non
606 2478 722 2507 obstan
730 2480 759 2506 te
776 2477 922 2516 predicta
939 2485 993 2506 seu
1009 2477 1095 2515 quod
1110 2477 1207 2506 eccle-

196 2531 277 2560 siam
300 2531 338 2560 de
361 2531 518 2564 Rodalbe,
540 2530 692 2559 Metensis
715 2529 858 2564 diocesis,
882 2538 945 2559 non
968 2532 1077 2558 tamen
1106 2530 1208 2559 dicta-

199 2593 271 2613 rum
302 2583 497 2613 auctoritate
528 2583 710 2612 litterarum
740 2583 949 2621 postmodum
980 2585 1029 2611 est
1058 2582 1206 2621 adeptus,

199 2637 354 2676 procedas
367 2637 407 2665 ad
420 2636 637 2675 provisionem
649 2636 748 2674 ipsius
760 2645 817 2674 per
828 2638 861 2664 te
872 2635 923 2664 vel
936 2644 992 2674 per
1003 2635 1101 2664 alium
1113 2635 1207 2673 juxta

198 2690 381 2719 litterarum
405 2689 638 2718 continentiam
663 2689 847 2718 earundem.
870 2688 957 2727 {Dat
983 2688 1137 2726 Anagnie,
1162 2688 1208 2717 VI

197 2742 263 2772 kal.
286 2742 472 2776 decembris,
493 2751 578 2771 anno
599 2744 725 2780 quarto.
747 2753 759 2768 »

1378 349 1469 376 28⁹⁴
1778 351 1913 385 Anagni,
1927 350 1945 378 3
1959 350 2122 378 decembre
2138 350 2225 378 1258.

1340 402 1466 429 Decano
1509 403 1537 430 S.
1581 403 1666 430 Petri
1709 403 1888 435 Insulensis‚
1929 403 2135 430 Tornacensis
2175 403 2309 430 diocesis

1300 441 1432 468 mandat
1454 444 1490 469 ut
1511 442 1707 469 Bernardum
1729 443 1767 469 de
1789 442 1931 474 Balliolo,
1954 443 2101 470 clericum
2123 442 2310 470 Morinensis

1299 481 1440 513 diocesis,
1461 482 1492 508 in
1514 482 1620 516 aliqua
1641 482 1841 509 ecclesiarum
1861 482 2003 509 civitatis
2022 482 2073 509 vel
2093 482 2223 510 diocesis
2243 482 2310 509 Mo-

1300 520 1441 553 rinensis,
1465 529 1545 555 quae
1569 522 1607 548 de
1629 522 1781 548 mandato
1805 522 1977 556 apostolico
2000 529 2063 549 non
2085 522 2128 548 sit
2149 529 2242 556 super
2264 521 2308 549 al·

1302 560 1398 587 terius
1430 561 1610 594 provisione
1642 563 1785 595 gravata,
1819 561 1994 588 cathedrali
2026 563 2134 588 tamen
2166 562 2309 596 excepta,

1301 599 1332 626 in
1356 601 1541 627 canonicum
1567 602 1599 627 et
1622 600 1654 628 in
1678 600 1809 628 fratrem
1833 601 1929 635 recipi
1952 601 2044 634 eique
2069 601 2106 627 de
2130 600 2310 635 praebenda

1301 639 1458 672 provideri
1479 640 1585 667 faciat.
1607 640 1705 674 (Rea.
1727 641 1775 672 25,
1796 640 1818 666 f.
1841 641 1908 672 159,
1930 648 1980 667 an.
2005 640 2057 672 1V,
2079 647 2104 667 c.
2126 640 2209 674 250.)

1342 740 1355 756 «
1369 752 1398 764 ..‚
1414 730 1527 760 decano
1542 730 1663 760 ecclesie
1678 730 1785 760 Sancti
1800 730 1885 760 Petri
1902 730 2089 765 Insulensis‚
2107 729 2312 760 Tornacenstn

1299 780 1439 812 diocesis.
1450 783 1691 822 Benignitatem
1704 783 1793 814 Sedis
1805 783 1989 822 Apostolice
2001 800 2052 812 —.
2066 783 2143 812 Dat.
2156 782 2314 822 Anagniae,

1304 834 1353 864 111
1378 844 1479 865 nonas
1504 836 1690 870 decembris,
1715 845 1800 866 anno
1825 838 1951 875 quarto.
1976 846 1989 863 ι

1382 1013 1472 1039 2695
1834 996 1972 1045 viterb&
1992 1013 2026 1040 11
2047 1013 2127 1040 avril
2145 1013 2233 1041 1258.

1343 1066 1500 1100 Episcopo
1523 1066 1651 1093 Senensi
1672 1067 1836 1093 exercendi
1857 1066 1956 1093 officii
1978 1067 2026 1093 sui
2048 1066 2192 1093 debitum
2211 1065 2245 1093 in
2265 1073 2316 1093 cn-

1303 1106 1431 1132 nonicos
1457 1106 1616 1138 Senenses,
1641 1113 1705 1133 non
1729 1106 1877 1133 obstante
1910 1113 2018 1133 eorum
2051 1107 2185 1138 statuto,
2217 1105 2316 1132 facul-

1304 1147 1403 1172 tatem
1420 1146 1574 1172 concedit.
1591 1146 1689 1179 (Rm.
1707 1145 1755 1178 25,
1772 1145 1793 1172 f.
1813 1146 1880 1177 159,
1897 1153 1947 1172 an.
1968 1145 2020 1178 1v,
2038 1153 2062 1172 c.
2081 1145 2163 1179 251.)

1343 1248 1355 1262 «
1370 1259 1387 1269 .,
1424 1235 1567 1274 episcopo
1603 1236 1792 1274 Senensi(l).
1812 1235 1893 1265 Cum
1918 1236 2002 1265 sicut
2019 1235 2111 1265 nobis
2127 1234 2310 1274 significare

1303 1289 1433 1323 curasti,
1454 1289 1539 1318 inter
1557 1288 1620 1318 alia
1641 1298 1703 1328 que
1723 1289 1859 1318 dilectus
1879 1288 1965 1318 filius
1985 1291 2095 1318 noster
2125 1288 2174 1323 0.,
2195 1288 2314 1318 Sancte

1302 1342 1401 1371 Marie
1419 1341 1450 1371 in
1469 1342 1527 1371 Via
1536 1341 1620 1371 Lata
1632 1342 1787 1372 diaconus
1798 1341 1979 1376 cardinalis,
1991 1341 2030 1371 de
2039 1341 2195 1371 mandato
2205 1342 2316 1371 nostro

1301 1394 1334 1424 in
1361 1395 1492 1424 ecclesia
1520 1395 1651 1425 Senensi
1677 1395 1795 1424 statuit
1821 1396 1855 1424 et
1881 1393 2066 1424 confirmari
2091 1393 2235 1423 obtinuit
2260 1401 2317 1432 per

1304 1448 1417 1478 Sedem
1446 1447 1678 1486 Apostolicam‚
1707 1448 1867 1477 habeatur
1894 1447 1981 1486 quod
2009 1446 2154 1485 ejusdem
2181 1445 2312 1476 ecclesie

1303 1501 1484 1539 capitulum
1505 1500 1537 1530 in
1559 1501 1700 1539 singulos
1723 1501 1761 1530 de
1783 1500 1852 1539 ipso
1875 1500 2017 1538 capitulo
2039 1502 2072 1529 et
2093 1508 2203 1529 eorum
2224 1498 2318 1528 fami-

1301 1554 1405 1587 liares,
1438 1563 1497 1592 pro
1529 1553 1709 1583 manifestis
1742 1553 1884 1587 offensis,
1918 1552 1978 1582 nisi
2009 1553 2151 1582 secundo
2178 1551 2318 1582 tertiove

1303 1606 1420 1636 moniti
1445 1607 1486 1636 ab
1512 1606 1632 1636 eisdem
1657 1609 1785 1636 reatum
1810 1615 1904 1636 suum
1931 1613 2071 1644 congrua
2096 1604 2319 1635 satisfactione

1304 1659 1511 1694 correxerint,
1530 1659 1656 1698 possint
1671 1658 2016 1688 excommunicationis
2033 1658 2230 1688 sententiam
2246 1665 2319 1697 pro-

1304 1712 1458 1750 mulgare,
1481 1713 1556 1751 quia
1577 1714 1742 1742 statutum
1763 1712 1950 1750 hujusmodi
1971 1720 2027 1750 per
2047 1711 2145 1750 quod,
2166 1710 2251 1741 sicut
2269 1718 2320 1740 as-

1304 1765 1391 1799 seris,
1417 1765 1634 1803 jurisdictioni
1658 1765 1832 1804 episcopali
1857 1774 1921 1794 non
1945 1764 2110 1794 modicum
2135 1763 2318 1802 derogatur,

1304 1818 1336 1847 in
1357 1821 1452 1847 tuum
1472 1818 1635 1847 redundat
1654 1818 1869 1857 prejudicium
1889 1820 1922 1847 et
1942 1825 2128 1856 gravamen,
2150 1816 2242 1846 nobis
2262 1816 2321 1846 hu·

1304 1871 1424 1900 militer
1443 1871 1634 1910 supplicasti
1653 1873 1691 1900 ut
1710 1871 1879 1910 providere
1898 1871 1959 1900 tibi
1979 1879 2076 1909 super
2094 1870 2155 1900 hoc
2174 1869 2214 1899 de
2233 1867 2321 1899 beni-

1305 1924 1431 1962 gnitate
1448 1924 1543 1953 solita
1561 1932 1755 1953 curaremus.
1773 1924 1894 1953 Verum
1912 1923 1988 1962 quia
2006 1925 2115 1953 nostre
2131 1921 2321 1952 intentionis

1306 1986 1370 2007 non
1389 1977 1501 2006 extitit
1516 1986 1574 2006 nec
1592 1976 1704 2006 existit
1722 1977 1809 2006 dicto
1828 1976 1970 2015 capitulo
1989 1984 2111 2005 novum
2129 1974 2253 2014 acquiri
2268 1975 2321 2006 vel

1306 2030 1479 2069 antiquum
1502 2030 1611 2068 augeri
1633 2030 1685 2068 jus
1708 2038 1764 2068 per
1787 2031 1951 2059 statutum
1995 2028 2178 2067 predictum
2201 2027 2234 2057 in
2258 2026 2322 2057 dis·

1307 2083 1461 2121 pendium
1482 2082 1531 2112 tui
1558 2082 1648 2121 juris,
1678 2082 1846 2111 exercendi
1876 2081 1976 2112 officii
2013 2081 2063 2111 tui
2104 2081 2251 2110 debitum
2288 2079 2322 2110 iu

1308 2135 1478 2165 canonicos
1505 2136 1659 2165 Senenses
1680 2138 1713 2164 et
1738 2134 1886 2165 subditos
1912 2137 1986 2164 tuos
2021 2134 2167 2173 quolibet
2195 2135 2322 2169 statuto

1310 2189 1437 2227 prefato
1463 2197 1669 2227 nequaquam
1695 2188 1857 2222 obstante,
1883 2188 2018 2217 liberam
2042 2187 2103 2216 tibi
2127 2185 2324 2216 auctoritate

1312 2242 1510 2280 presentium
1533 2241 1738 2271 concedimus
1760 2240 1962 2270 facultatem.
1987 2240 2064 2270 Dat.
2088 2239 2237 2273 Viterbii,
2261 2237 2323 2272 111,

1312 2295 1385 2325 idus
1409 2294 1530 2333 aprilis,
1555 2303 1641 2324 anno
1664 2296 1792 2333 quarto.
1817 2305 1828 2320 »

1395 2499 1486 2525 2696
1769 2497 1903 2530 Anagni,
1919 2497 1966 2523 101·
1979 2496 2143 2523 decembre
2157 2495 2244 2523 1258.

1357 2552 1513 2585 Philippo,
1531 2551 1610 2584 regis
1627 2550 1777 2577 Franciae
1792 2550 1869 2581 filio,
1886 2549 2073 2576 facultatem
2089 2547 2325 2575 matrimonium

1317 2599 1388 2618 cum
1430 2591 1605 2622 Elisabeth,
1647 2590 1727 2623 regis
1768 2590 1949 2623 Aragonum
1990 2590 2077 2620 nata,
2120 2586 2326 2615 contrahendi

1317 2631 1471 2658 concedit.
1493 2630 1591 2664 (Res.
1612 2629 1660 2661 25,
1681 2630 1702 2655 f.
1725 2629 1792 2661 159,
1813 2636 1862 2656 an.
1887 2629 1939 2660 IV,
1961 2636 1986 2655 c.
2007 2627 2090 2662 252.)

1357 2732 1498 2763 «Dilecto
1521 2732 1591 2771 tilio
1614 2732 1714 2761 nobili
1738 2732 1803 2762 viro
1821 2731 1984 2770 Philippo,
2008 2732 2081 2761 nato
2116 2729 2274 2760 carissimi
2291 2727 2324 2759 in

1300 2786 1439 2817 ‘Christo
1470 2785 1568 2823 silit„
1603 2785 1734 2814 illustris
1776 2784 1858 2823 reqis
1891 2783 2034 2813 Francie.
2067 2783 2206 2813 Attenta
2237 2780 2326 2813 sedis

1316 2838 1501 2878 Apostolice
1515 2837 1759 2876 circumspectio
1772 2840 1833 2867 etc.
1847 2854 1898 2866 —-.
1913 2836 1993 2866 Cum
2006 2836 2128 2875 itaque,
2143 2835 2228 2866 sicut
2239 2841 2328 2865 acce·-

1351 2956 1376 2980 1.
1395 2954 1435 2979 La
1451 2953 1584 2984 rubrique
1600 2954 1690 2983 porte,
1705 2958 1757 2982 par
1773 2958 1864 2978 erreur
1883 2960 1888 2977 :
1909 2951 2065 2977 senonensi.

2257 3410 2294 3442 μυ]
2301 3406 2326 3434 3²5>

2248 3441 2266 3453 >¹⁴
