2477 3512
999 245 1202 285 SIXIEME
1227 245 1395 284 ΑΝΝΕΕ
2211 257 2253 289 97

139 352 392 385 confirmamus
419 354 453 383 et
481 351 652 393 presentis
679 350 800 392 scripti
828 351 1024 392 patrocinio
1051 360 1145 382 com-

139 406 328 438 munimus.
364 404 459 436 Nulli
492 407 610 436 nostre
643 403 924 435 confirmationis
957 406 1023 435 etc.
1059 403 1142 434 Dat.

139 458 309 500 Anagnie‚
335 458 402 489 XV
424 458 494 490 kal.
518 457 695 493 februarii,
721 466 813 488 anno
837 459 948 488 sexto.
974 469 987 484 »

220 601 310 627 3048
610 601 744 635 Anagni,
768 600 805 628 28
827 600 950 634 ianvier
973 600 1060 627 1260.

177 653 315 681 Belmest
328 654 456 686 Graeco,
469 655 630 689 dispensat
641 656 677 681 ut
689 655 720 681 in
733 654 934 681 matrimonio
946 661 1018 680 cum
1030 653 1142 687 Henya

139 697 176 724 de
201 697 291 732 Syria
314 700 476 726 contracto
494 707 654 726 remanere
671 698 779 733 possit.
799 699 895 733 (Bm.
915 698 963 731 25,
981 698 1002 725 f.
1021 697 1078 725 237
1096 700 1151 731 νο,

139 749 189 769 an.
209 742 265 774 VI,
285 750 310 770 c.
331 743 373 777 9.)

182 844 195 860 «
217 832 371 869 Belmesi,
402 832 511 869 Greco,
536 834 564 864 el
585 833 715 873 Henye,
740 833 837 864 uxori
859 833 943 874 ejus
967 833 1005 864 de
1028 832 1142 874 Syria.

139 885 281 917 Intenta
303 886 427 917 salutis
448 885 613 927 operibus
634 885 837 927 Apostolice
860 886 958 917 Sedis
979 886 1144 917 circums-

135 941 239 980 pecta
265 938 465 979 benignitas
489 938 629 970 indulta
656 939 721 970 sibi
748 939 898 980 desuper
923 939 1143 981 plenitudine

135 991 324 1032 potestatis
350 991 465 1022 utitur
489 992 580 1023 sicut
606 991 640 1023 in
668 992 742 1023 Deo
768 993 933 1034 expedire
959 992 1141 1034 conspicit,

133 1044 328 1076 secundum
364 1044 577 1085 qualitatem
612 1047 815 1086 temporum
851 1048 887 1076 et
923 1046 1142 1077 diversarum

134 1097 350 1137 exigentiam
382 1107 623 1138 personarum.
657 1098 744 1130 Cum
778 1099 898 1140 itaque
930 1109 1003 1135 vos,
1038 1101 1142 1140 prout

133 1150 343 1191 accepimus,
367 1151 549 1191 conjuncti
570 1151 676 1183 tertia
698 1152 1018 1192 consanguinitatis
1038 1152 1140 1187 linea,

135 1203 403 1235 matrimonium
437 1204 529 1235 inter
562 1214 635 1239 vos,
670 1205 773 1245 juxta
809 1206 916 1237 ritum
952 1205 1142 1237 Grecorum

132 1256 228 1297 regni
258 1257 536 1288 Jerosolimitani
567 1258 700 1289 diutius
729 1259 970 1295 observatum,
1001 1261 1143 1290 contra-

134 1309 266 1345 xeritis,
291 1310 422 1341 carnali
445 1310 571 1352 copula
595 1311 783 1342 subsecuta
807 1314 852 1347 et,
878 1312 1036 1353 predicto
1059 1311 1142 1343 ritui

134 1361 277 1394 minime
298 1363 501 1399 innitentes,
523 1363 704 1395 humiliter
725 1365 896 1405 petieritis
918 1365 1018 1396 nobis
1038 1374 1143 1406 super

133 1414 197 1446 hoc
233 1416 276 1447 de
311 1416 575 1457 dispensatione
611 1417 804 1458 apostolica
840 1418 1028 1459 provideri,
1068 1428 1142 1455 nOS,

133 1468 260 1500 vestris
286 1469 606 1510 supplicationibus
632 1470 802 1507 inclinati,
833 1473 871 1501 ut
898 1471 932 1501 in
960 1471 1142 1503 matrimo-

133 1521 190 1553 nio
223 1522 299 1563 ipso
333 1532 403 1553 non
436 1522 602 1554 obstante
635 1523 890 1564 impedimento
923 1523 1140 1565 hujusmodi,

131 1573 227 1606 licite
248 1584 288 1606 ac
309 1574 416 1606 libere
438 1585 617 1607 remanere
639 1576 791 1617 possitis,
814 1576 999 1609 vobiscum
1020 1580 1142 1609 aucto—

133 1627 240 1659 ritate
273 1628 468 1670 apostolica
502 1628 757 1670 dispensamus.
794 1629 888 1660 Nulli
922 1632 1040 1662 nostre
1074 1630 1142 1662 dis-

134 1680 350 1722 pensationis
381 1683 447 1713 etc.
481 1681 564 1713 Dat.
596 1682 766 1723 Anagnie,
799 1683 830 1715 V
860 1683 928 1714 kal.
961 1683 1138 1720 februarii,

133 1744 225 1766 anno
252 1737 364 1766 sexto.
395 1747 406 1762 »

211 1866 299 1893 3047
615 1867 749 1901 Anagni,
773 1867 810 1894 28
831 1867 955 1901 janvier
978 1867 1055 1895 1260

171 1919 277 1947 Nobili
304 1919 371 1947 viro
401 1920 552 1947 Sanetoro
581 1921 620 1947 de
654 1920 800 1953 Lentino,
836 1920 1040 1948 siracusanae
1074 1921 1137 1948 dio-

130 1964 217 1997 cesis,
237 1964 399 1999 dispensat
418 1966 454 1991 ut
473 1964 505 1991 in
524 1964 727 1992 matrimonio
747 1972 819 1992 cum
838 1965 985 1999 Magalda
1005 1965 1042 1992 de
1062 1965 1139 1992 Len-

129 2008 197 2036 tino
217 2010 381 2036 contracto
400 2016 561 2036 remanere
580 2009 690 2043 possit,
711 2017 774 2036 non
794 2009 943 2037 obstante
964 2010 1049 2044 quod
1069 2017 1140 2037 cum

130 2053 292 2080 Hadierna
313 2053 352 2080 de
372 2053 518 2086 Lentino,
541 2061 622 2088 quae
643 2053 745 2081 eidem
766 2054 931 2088 Magaldae
952 2054 1047 2081 tertio
1069 2061 1141 2081 con-

129 2097 352 2132 sanguinitatis
380 2098 479 2132 gradu
507 2097 678 2130 attinebat,
707 2098 866 2133 sponsalia
894 2106 949 2133 per
976 2098 1073 2126 verbo
1103 2099 1140 2125 de

128 2142 236 2170 futuro
253 2141 472 2170 contraxisset.
491 2142 588 2176 (Rea.
606 2142 656 2175 25,
672 2143 694 2170 f.
712 2142 770 2170 237
788 2146 835 2176 νῦ,
852 2150 902 2170 an.
920 2143 977 2176 VI,
994 2150 1020 2170 c.
1040 2143 1101 2177 10.)

177 2243 190 2259 <t
220 2231 341 2263 Nobili
372 2231 442 2263 viro
474 2231 635 2264 Sanclom
666 2231 704 2263 (Ie
734 2231 889 2269 Lentino,
933 2231 1140 2264 Siracusarie

135 2283 287 2316 diocesis.
322 2284 465 2316 Affectu
502 2285 738 2317 benivolentie
772 2285 931 2327 specialis
966 2305 1019 2317 —-.
1056 2285 1140 2317 Dat.

134 2337 304 2380 Anagnie,
328 2337 360 2369 V
381 2338 449 2369 kal.
474 2338 651 2376 februarii,
676 2349 768 2370 anno
791 2341 902 2370 sexto.
928 2351 940 2367 »

209 2476 297 2503 30⁴8
602 2478 737 2512 Anagni,
761 2478 799 2505 29
820 2478 945 2512 janvier
968 2478 1055 2506 1260.

170 2529 284 2558 Omnia
311 2531 352 2558 ab
381 2531 526 2566 episcopo
555 2531 742 2559 Civitatensi
771 2531 826 2566 qui
852 2531 1082 2559 monasterium
1109 2531 1138 2558 S.

127 2574 239 2609 Angeli
263 2575 477 2608 Civitatensis,
502 2575 619 2602 ordinis
645 2575 674 2603 S.
698 2575 873 2609 Benedicti,
898 2583 970 2603 cum
995 2575 1141 2603 omnibus

127 2617 249 2652 iuribus
276 2621 308 2647 et
334 2619 506 2654 pernentiis
533 2619 597 2647 suis
623 2620 814 2648 monasterio
843 2620 872 2647 S.
902 2620 1051 2653 Pastoris,
1080 2620 1142 2647 Cis-

127 2663 288 2691 terciensis
313 2663 442 2697 ordinis,
467 2664 623 2692 Reatinae
648 2663 789 2698 diocesis,
814 2665 1004 2698 contulerat,
1030 2664 1143 2693 confir-

128 2710 206 2736 mat.
231 2708 328 2744 (Rea.
355 2708 403 2741 25,
427 2709 448 2736 t.
475 2708 545 2742 238,
569 2716 619 2736 an.
645 2709 700 2742 VI,
725 2716 750 2736 c.
777 2709 839 2743 11.)

178 2810 191 2827 u
209 2823 228 2830 ..
247 2798 363 2830 abboli
381 2801 409 2830 el
426 2799 604 2830 conventui
621 2799 819 2831 monasterii
839 2799 955 2831 Sancti
974 2799 1142 2834 Pastoris,

133 2851 367 2883 cisterciensis
394 2852 537 2889 ordinis,
568 2852 709 2883 Heatine
736 2852 888 2884 diocesis.
917 2853 1005 2885 Cum
1033 2863 1052 2884 a
1080 2863 1141 2884 no—

131 2905 183 2937 bis
214 2923 268 2937 -—.
303 2905 385 2937 Dat.
418 2905 588 2947 Anagnie‚
626 2905 699 2936 1111
732 2905 801 2937 kal.
833 2905 1011 2943 februarii,
1045 2915 1138 2938 anno

130 2961 242 2990 sexto.
269 2971 281 2988 »

1333 349 1422 375 3049
1717 352 1853 385 Anagni‚
1876 353 1915 380 26
1935 353 2059 387 ianvier
2081 354 2169 382 1260.

1289 401 1453 436 Religiosis
1490 403 1673 430 monasterii
1710 404 1748 430 de
1784 404 2018 439 Brideling‘tone
2054 408 2196 442 indulget
2218 411 2254 437 ut

1248 445 1351 473 nullus
1386 447 1497 474 contra
1532 446 1618 474 Sedis
1653 447 1852 481 Apostolicae
1888 449 2059 484 privilegia,
2098 452 2135 479 de
2171 452 2254 486 lana,

1247 489 1329 517 lacte
1346 491 1378 517 et
1397 500 1408 514 α
1425 490 1512 524 agnis
1531 490 1714 518 animalium
1733 502 1744 515 ι»
1762 499 1869 519 eorum
1886 493 1918 520 in
1936 495 2098 522 conductis
2116 503 2170 523 seu
2188 497 2255 530 qui-

1248 533 1443 568 buscumque
1458 534 1581 568 pascuis
1596 536 1794 570 pascentium
1810 537 1946 564 decimas
1961 538 2075 572 exigat.
2093 540 2189 573 (Rae.
2205 541 2254 574 25,

1247 578 1269 604 t.
1296 578 1366 610 238,
1392 586 1442 606 an.
1471 579 1526 612 VI,
1553 586 1579 606 c.
1608 580 1669 614 12.)

1294 679 1307 695 «
1334 692 1353 699 ..
1380 669 1489 709 priori
1516 671 1543 700 el
1569 670 1746 701 conventui
1772 671 1968 702 monasterii
1995 672 2033 703 de
2059 672 2254 713 Brideliny-

1248 720 1332 756 tone,
1351 721 1483 753 ordinis
1501 722 1618 754 Sancti
1637 723 1838 764 Auyuslini‚
1858 723 2082 756 Eboracensis
2099 725 2252 757 diocesis.

1249 770 1371 805 Vestre
1387 774 1520 806 meritis
1534 775 1733 807 devotionis
1746 794 1800 807 -—.
1816 776 1899 807 Dat.
1915 777 2083 817 Anagnie,
2099 776 2168 809 VII
2184 778 2252 810 kal.

1248 825 1427 864 februarii,
1455 837 1548 859 anno
1575 831 1687 859 sexto.
1717 841 1729 856 »

1329 993 1417 1019 3050
1752 994 1887 1029 Anagni‚
1911 995 1929 1022 8
1950 994 2065 1022 sevrier
2089 995 2176 1023 1260.

1290 1046 1439 1080 Magistro
1464 1047 1600 1074 Ricardo
1624 1047 1662 1074 de
1683 1047 1781 1080 Bello,
1804 1047 1914 1075 clerico
1937 1047 2170 1076 cantuariensis
2193 1047 2257 1075 dio-

1248 1090 1336 1123 cesis,
1353 1090 1496 1125 indulget
1513 1093 1550 1118 ut
1567 1093 1693 1126 praeter
1709 1091 1747 1118 de
1766 1091 1967 1126 Kingesnade
1984 1093 2016 1119 et
2033 1092 2071 1119 de
2089 1092 2258 1120 Demeche-

1248 1135 1337 1163 rethe
1359 1135 1503 1163 ecclesias
1525 1143 1633 1162 curam
1655 1136 1833 1163 animarum
1854 1136 2018 1169 habentes,
2041 1143 2175 1171 quarum
2196 1136 2258 1171 pri-

1247 1186 1333 1207 mam
1344 1179 1543 1207 intitulatam
1555 1181 1587 1207 et
1598 1180 1731 1207 alteram
1743 1181 1999 1208 commendatam
2010 1181 2118 1213 habet,
2131 1181 2258 1208 unicum

1248 1224 1333 1251 aliud
1346 1224 1535 1251 beneficium
1548 1231 1620 1251 cum
1633 1224 1724 1251 simili
1738 1232 1812 1252 cura
1824 1225 1960 1259 recipere
1973 1225 2081 1259 possit.
2096 1225 2193 1259 (Rae.
2207 1225 2256 1257 25,

1247 1268 1269 1295 f.
1292 1268 1360 1301 238,
1381 1275 1432 1296 an.
1454 1268 1510 1301 VI,
1530 1275 1556 1296 c.
1579 1268 1641 1303 13.)

1295 1370 1308 1386 «
1327 1358 1499 1399 Magistro
1520 1358 1684 1390 Riccardo
1706 1359 1744 1391 de
1765 1357 1868 1395 Bello,
1891 1358 2007 1390 clerico
2030 1358 2256 1391 Cantuarien-

1247 1410 1296 1442 sis
1324 1411 1477 1443 diocesis,
1507 1410 1674 1443 Volentes
1702 1412 1768 1443 tibi
1796 1415 1857 1443 tue
1885 1431 1939 1443 —.
1970 1412 2053 1443 Dat.
2083 1411 2254 1453 Anagnie‚

1247 1463 1297 1495 VI
1316 1463 1397 1496 idus
1416 1464 1593 1502 februarii,
1615 1474 1708 1496 anno
1728 1467 1841 1497 sexto.
1863 1477 1876 1494 n

1328 1633 1410 1659 3051
1718 1634 1852 1668 Anagni‚
1874 1633 1912 1661 28
1933 1633 2056 1667 J‘anvier
2078 1633 2166 1661 1260.

1324 1686 1474 1720 Magistro
1487 1687 1580 1714 Petro
1592 1686 1676 1714 dicto
1689 1687 1784 1719 Rufo,
1799 1686 1920 1714 doctori
1930 1686 1962 1714 in
1972 1687 2150 1721 theologica
2158 1687 2257 1716 facul-

1242 1732 1312 1758 tate
1331 1730 1508 1764 Parisiensi,
1527 1730 1670 1765 indulget
1690 1733 1736 1764 ut,
1757 1738 1820 1758 non
1839 1731 1988 1759 obstante
2014 1732 2140 1759 defectu
2168 1733 2258 1760 nata-

1243 1775 1331 1808 lium,
1345 1776 1551 1810 personatum
1565 1776 1616 1803 vel
1631 1775 1821 1810 dignitatem
1835 1775 2078 1804 ecclesiasticam
2092 1783 2165 1804 cum
2180 1783 2255 1804 cura

1242 1820 1293 1847 vel
1314 1819 1380 1847 sine
1402 1827 1477 1847 cura
1498 1819 1640 1847 obtinere
1662 1820 1772 1854 possit.
1795 1820 1892 1855 (Rau.
1916 1820 1966 1853 25,
1988 1821 2009 1848 f.
2033 1820 2102 1853 238,
2125 1827 2176 1848 an.
2200 1820 2256 1854 VI,

1244 1871 1269 1891 c.
1292 1864 1353 1898 14.)

1291 1965 1303 1980 α
1322 1953 1493 1994 Maqistro
1514 1953 1611 1984 Petro
1630 1953 1716 1985 dicto
1737 1954 1837 1995 Ruso,
1859 1954 2020 1985 canonico
2039 1953 2250 1990 Ebroicensi,

1245 2005 1368 2037 doctori
1393 2006 1553 2037 Parisins
1578 2006 1612 2037 in
1636 2006 1818 2047 theoloyica
1839 2007 2008 2048 facultate.
2036 2006 2138 2038 Illum
2161 2006 2252 2038 circa

1246 2058 1369 2099 dignos
1389 2060 1533 2090 moduni
1555 2059 1665 2100 gratie
1687 2060 1846 2101 specialis
1865 2060 2016 2091 libenter
2034 2060 2252 2101 exquirimus

1246 2121 1350 2152 quein
1374 2112 1530 2153 ipsorum
1556 2121 1706 2151 congrue
1732 2113 1865 2144 meritis
1888 2113 2078 2149 intuemur,
2105 2122 2253 2153 sequen-

1245 2167 1298 2195 tes
1325 2164 1359 2195 in
1388 2164 1453 2196 hac
1482 2168 1581 2206 parlc
1612 2165 1718 2205 Regis
1744 2166 1855 2197 eterni
1883 2166 2042 2206 vestigia,
2072 2165 2132 2206 qui
2160 2165 2254 2197 bona

1246 2217 1363 2249 reddit
1384 2217 1529 2259 singulis
1551 2218 1745 2250 secundum
1768 2218 1907 2260 proprie
1928 2218 2046 2250 studia
2069 2217 2253 2250 bonitatis.

1246 2270 1336 2302 Sane
1358 2280 1438 2302 cum
1461 2271 1597 2302 dudum
1619 2271 1727 2303 felicis
1748 2271 2002 2303 recordationis
2026 2269 2254 2302 Innocentius

1246 2332 1350 2365 papa,
1382 2323 1606 2365 predecessor
1636 2326 1764 2361 noster,
1796 2324 2014 2356 evidentiam
2044 2326 2106 2355 tue
2136 2323 2253 2365 probi-

1245 2376 1332 2408 tatis
1350 2376 1586 2413 considerans,
1606 2379 1735 2413 tecum,
1755 2377 1847 2408 sicut
1865 2377 2075 2419 accepimus,
2095 2385 2157 2418 per
2173 2385 2254 2408 suas

1244 2429 1382 2461 litteras
1406 2429 1643 2471 dispensasset
1668 2432 1717 2467 ut,
1745 2440 1813 2462 non
1838 2431 2005 2461 obstante
2029 2429 2169 2461 defectu
2194 2438 2254 2460 na-

1245 2482 1371 2514 talium
1396 2491 1501 2524 quem
1527 2483 1669 2524 pateris,
1696 2484 1738 2514 de
1762 2483 1878 2514 soluto
1902 2482 2042 2524 genitus
2066 2484 2102 2514 et
2125 2482 2252 2519 soluta,

1245 2545 1364 2577 posses
1387 2536 1586 2577 promoveri
1610 2536 1654 2568 ad
1678 2546 1800 2568 omncs
1823 2536 1962 2567 ordines
1983 2538 2019 2567 et
2042 2535 2253 2567 beneficium

1245 2588 1532 2623 ecclesiasticum,
1555 2589 1662 2620 eliani
1685 2589 1710 2620 si
1732 2589 1879 2621 haberet
1900 2589 2097 2620 animarum
2119 2597 2251 2623 curaui,

1245 2641 1351 2672 libere
1384 2642 1553 2678 obtinere,
1590 2652 1651 2672 nos
1684 2643 1913 2683 postmodun]
1947 2642 2123 2672 intellecto
2158 2641 2250 2681 qnod

1247 2695 1415 2726 nonnulla
1452 2695 1676 2726 ecclesiarum
1713 2696 1809 2736 regni
1847 2696 1991 2727 Francie
2027 2705 2067 2725 ac
2103 2694 2251 2725 aliarum

1247 2747 1403 2789 partium
1431 2747 1587 2789 capitula
1616 2750 1795 2780 statutum
1823 2749 2019 2784 ediderunt,
2048 2747 2250 2787 juramento

1246 2800 1443 2837 firmatum,
1468 2803 1507 2831 ut
1531 2800 1666 2832 nullum
1689 2801 1853 2833 clericum
1876 2802 2054 2832 defectum
2077 2798 2251 2831 natalium

1247 2853 1445 2895 patientem
1466 2853 1501 2884 in
1522 2854 1732 2886 canonicum
1753 2854 1947 2895 reciperent
1968 2856 2003 2885 et
2022 2853 2168 2883 fratrem
2189 2851 2251 2882 ad-

1247 2906 1340 2938 mitti
1355 2905 1458 2947 (sic),
1473 2906 1702 2938 consideratis
1725 2910 1783 2938 luc
1804 2906 1991 2939 laudabilis
2011 2904 2250 2938 conversatio-

1247 2959 1299 2990 nis
1323 2962 1357 2990 et
1384 2959 1456 2990 vite
1484 2959 1626 2996 meritis,
1656 2969 1716 3001 per
1742 2962 1880 2990 nostras
1913 2959 2049 2991 litteras
2082 2957 2248 2989 (luximus
