2477 3512
221 273 264 306 50
920 269 1187 302 REGISTRES
1214 269 1564 301 D'ALEXANDRE
1594 270 1640 302 lv

224 379 491 413 constitutionis
529 389 547 410 a
586 377 694 409 felicis
732 376 984 408 recordatiouis
1026 376 1230 409 Innocentio

223 444 327 476 papa,
365 433 608 475 predecessore
646 432 777 465 nostro,
814 438 920 470 super
957 429 1020 460 hoc
1056 430 1149 461 edite
1185 431 1229 461 ad

222 487 371 518 candem
407 486 532 517 Sedem
568 482 797 525 personaliter
831 482 1024 518 accedenti,
1060 482 1229 514 dilectum

221 539 333 571 filium
360 538 567 579 magistrum
593 536 771 567 ⁴&ndream
796 535 945 576 Spiliati,
971 535 1229 567 subdiaconum

220 596 255 625 et
274 592 495 634 capellanum
517 592 687 623 nostrum.
708 588 909 619 dederimus
928 588 961 618 in
981 598 1087 619 causa
1109 588 1230 630 hujus-

221 646 315 678 modi
342 645 552 679 auditorem,
580 642 680 684 cique
706 651 850 673 causam
877 641 990 682 ipsam
1016 641 1231 673 commiseri-

220 709 298 731 mus
341 699 410 729 finc
454 696 574 728 debito
618 695 893 730 terminandam,
938 694 1031 726 idem
1074 694 1228 731 auditor,

219 751 370 793 cognitis
392 751 500 792 ipsius
522 758 625 781 cause
649 748 782 780 meritis
803 751 838 779 et
860 747 948 788 juris
970 747 1091 779 ordine
1114 747 1231 779 obser-

221 808 317 842 vato,
352 814 412 846 pro
444 803 574 835 eisdem
607 802 739 833 decano
771 804 805 832 et
837 800 993 842 capitulo
1025 800 1059 832 in
1091 803 1230 832 statuto

221 858 372 891 termino
411 857 445 888 in
484 855 740 888 constitutione
780 854 854 896 ipsa
895 864 963 885 non
1003 856 1231 895 comparente

221 911 338 953 aliquo
363 912 590 952 procuratore
612 908 770 948 legitimo
793 917 911 939 coram
935 917 986 944 eo,
1011 916 1231 948 quamquam

222 965 338 997 dictus
365 963 567 1005 capellanus
594 962 687 1003 ipsos
714 961 748 992 in
776 960 957 992 audientia
986 959 1127 1001 publica
1156 960 1231 1001 plu-

219 1018 285 1050 ries
311 1016 413 1049 citari
440 1015 571 1052 fecerit,
599 1017 635 1046 et
662 1014 796 1045 diutius
823 1016 903 1055 post
930 1013 1082 1044 eundem
1111 1013 1231 1044 termi-

220 1081 306 1102 num
340 1068 548 1112 expeetarit,
585 1067 860 1109 appellationem
895 1067 1072 1098 dictorum
1107 1066 1231 1097 decani
1279 1071 1280 1079 ¹

219 1127 255 1156 et
294 1122 441 1165 capituli
483 1121 649 1152 frivolam
691 1123 871 1161 reputans,
914 1122 1020 1161 prout
1060 1122 1148 1155 erat,
1191 1128 1229 1150 ac
1278 1154 1280 1161 ‚

222 1177 437 1219 prebendam
477 1177 511 1206 ct
552 1173 781 1215 prestimonia
822 1172 1027 1214 hujusmodi
1067 1172 1130 1203 tibi
1171 1181 1232 1213 per

222 1229 436 1262 sententiam
467 1227 699 1259 diffinitivam
729 1225 950 1266 adjudicans,
980 1235 1019 1257 ea
1050 1226 1093 1256 ad
1124 1228 1158 1256 te
1188 1225 1230 1256 de

222 1284 298 1324 jure
324 1284 483 1324 spectare
510 1279 678 1316 decrevit,
705 1279 846 1311 eosdem
874 1279 1047 1310 decanum
1074 1281 1109 1309 et
1135 1278 1231 1319 capi-

222 1335 337 1367 tulum
374 1333 557 1366 taxatione
593 1332 791 1374 prehabita,
828 1335 863 1363 et
899 1342 918 1363 a
955 1335 989 1363 te
1025 1341 1130 1373 super
1164 1331 1229 1363 hoc

220 1389 423 1430 juramento
458 1389 611 1428 recepto,
648 1386 681 1416 in
718 1386 873 1426 quadam
909 1394 1047 1416 summa
1083 1384 1229 1426 pecunie

221 1450 457 1483 expensarum
502 1439 643 1471 nomine
689 1438 996 1479 condempnando,
1044 1440 1149 1479 prout
1194 1438 1229 1468 in

221 1495 459 1527 instrumento
499 1492 640 1534 publico
679 1492 805 1523 exinde
845 1491 1007 1523 confecto
1046 1493 1079 1522 et
1121 1490 1230 1532 ipsius

220 1547 393 1580 auditoris
425 1546 563 1578 munito
596 1544 706 1586 sigillo
740 1544 876 1586 plenius
908 1543 1123 1576 continetur.
1157 1543 1230 1575 Nos

220 1601 337 1642 igitur,
366 1599 438 1631 tuis
466 1598 786 1640 supplicationibus
813 1597 983 1633 inclinati,
1013 1597 1228 1628 sententiam

221 1654 379 1695 ejusdem
406 1651 577 1694 capellani
604 1651 750 1692 provide
777 1650 887 1682 latam
914 1653 1030 1682 ratam
1057 1650 1229 1682 habentes

221 1710 255 1739 et
285 1707 437 1742 firmam,
467 1715 545 1737 eam
574 1704 788 1736 auctoritate
818 1703 1011 1745 apostolica
1041 1703 1229 1735 confirma-

221 1769 298 1791 mus
323 1762 359 1791 et
386 1758 557 1801 presentis
583 1757 703 1799 scripti
731 1757 927 1798 patrocinio
954 1756 1226 1793 communimus,
1277 1762 1279 1799 f

219 1816 376 1845 tenorem
394 1811 503 1853 ipsius
519 1810 746 1842 instrumenti
762 1810 984 1852 presentibus
1001 1809 1042 1841 de
1058 1809 1167 1841 verbo
1183 1810 1227 1841 ad

218 1866 365 1898 verbum
386 1864 489 1896 inseri
510 1864 680 1896 facientes
701 1863 761 1904 qui
783 1863 864 1894 talis
885 1866 939 1894 est
962 1873 968 1894 t

910 1979 947 2005 27
971 1979 1034 2005 mai
1058 1979 1144 2005 1259.

264 2048 275 2062 «
306 2035 343 2066 ln
372 2034 512 2065 nomine
540 2034 681 2065 Domini
709 2044 823 2065 amen.
852 2034 939 2064 (lum
965 2033 999 2064 in
1027 2042 1131 2064 causa
1160 2042 1226 2074 que

219 2088 399 2119 «vertitur
421 2087 513 2118 inter
535 2087 707 2118 decanum
730 2089 766 2117 et
788 2086 985 2128 capitulum
1010 2086 1224 2122 Palenthros,

219 2153 232 2169 «
247 2151 289 2172 ex
311 2151 378 2171 uua
400 2142 512 2181 parte,
533 2143 568 2171 et
588 2140 733 2171 Petrum
753 2140 888 2171 dietum
908 2139 1098 2176 Abbatem,
1123 2149 1227 2170 cano-

217 2194 363 2225 «nieum
390 2192 627 2229 Palentinum,
654 2203 697 2224 ex
724 2192 845 2229 altera,
873 2202 977 2234 super
1001 2192 1225 2229 canonicatu,

218 2247 425 2288 «prebenda
447 2249 481 2277 et
505 2246 752 2287 prestimoniis,
777 2256 839 2277 nos
861 2246 1070 2287 magistrum
1093 2245 1227 2277 Andre-

218 2312 230 2328 «
246 2310 302 2331 am
328 2300 477 2341 Spiliati,
503 2299 760 2331 subdiaconum
785 2302 819 2331 et
844 2299 1067 2340 capellanum
1093 2298 1226 2330 domini

219 2363 349 2394 «pape,
382 2353 474 2384 idem
507 2352 670 2384 dominus
701 2352 909 2384 concesserit
943 2352 1153 2387 auditorem,
1187 2361 1225 2383 ac

217 2406 394 2437 «eandem
419 2415 562 2436 causam
587 2415 746 2436 summus
771 2405 933 2447 pontifex
958 2405 1058 2436 nobis
1082 2405 1227 2436 commi-

218 2458 330 2490 «serit
363 2459 637 2495 terminandam,
673 2458 832 2500 prefatus
866 2458 992 2490 Petrus
1026 2458 1226 2500 comparuit

218 2511 477 2553 «personaliter
496 2521 615 2543 eoram
637 2511 748 2548 nobis,
771 2521 927 2543 asserens
948 2511 1124 2553 prefatam
1145 2521 1226 2543 cau-

218 2574 322 2596 «sam
348 2564 420 2596 fore
446 2564 491 2596 ad
518 2565 643 2596 Sedem
668 2564 914 2606 Apostolicum
939 2564 1094 2605 legitime
1121 2565 1227 2596 devo-

219 2617 371 2654 «lutam,
395 2620 429 2649 et
451 2627 531 2649 cum
553 2618 594 2649 de
616 2618 680 2649 hoc
702 2618 794 2649 idem
818 2617 943 2649 Petrus
965 2617 1065 2649 nobis
1086 2617 1226 2649 fecisset

220 2683 234 2699 «
249 2670 357 2702 fidem
380 2680 441 2712 per
462 2669 618 2712 legitima
642 2671 867 2707 documenta,
891 2671 935 2702 ad
958 2670 1169 2702 instantiam
1191 2673 1226 2702 et

219 2723 457 2765 «petitionem
486 2723 644 2765 ejusdem
674 2723 769 2755 Petri
798 2723 832 2755 in
861 2723 1002 2765 publica
1031 2723 1225 2760 audientia,

219 2789 232 2804 α
248 2777 339 2808 sicut
365 2776 471 2808 moris
496 2779 560 2813 est,
588 2776 734 2808 fecimus
760 2777 835 2808 fieri
862 2777 993 2808 trinam
1019 2777 1226 2808 citationem

220 2832 282 2861 «et
308 2832 473 2871 quartam
499 2830 732 2871 peremptorie
757 2833 808 2866 ut,
834 2830 861 2862 si
886 2830 964 2872 quis
988 2833 1079 2862 esset
1103 2839 1228 2871 procu-

222 2895 234 2910 «
250 2885 347 2914 rator
368 2893 430 2925 pro
454 2883 558 2914 dictis
580 2883 713 2915 decano
736 2886 771 2914 et
793 2883 960 2925 capitulo,
985 2893 1103 2915 coram
1127 2883 1228 2914 nobis

224 2948 236 2963 υ
252 2938 481 2977 compareret,
504 2936 598 2968 dicto
619 2936 724 2967 Petro
745 2946 849 2978 super
869 2936 963 2968 dicta
984 2946 1100 2974 causa,
1122 2938 1229 2978 prout

224 2988 386 3030 «justum
413 2992 465 3021 est
491 2991 526 3021 et
551 2989 717 3031 legitime,
744 2999 986 3031 responsurus.
1013 2989 1060 3021 Et
1086 2989 1168 3032 quia
1194 2990 1229 3021 in

1329 377 1462 409 «dictis
1483 378 1642 410 terminis
1663 382 1695 410 et
1720 381 1801 420 post
1823 379 1992 410 terminos
2014 379 2129 411 nullus
2151 390 2212 422 pro
2235 380 2337 412 dictis

1329 431 1490 462 «decano
1519 434 1553 462 et
1581 431 1738 473 capitulo
1766 431 1966 473 comparuit
1995 435 2211 473 procurator,
2241 433 2336 464 dicto

1329 497 1339 510 υ
1358 483 1462 515 Petro
1486 484 1519 515 in
1545 484 1703 525 quolibet
1730 484 1879 516 termino
1903 488 2140 526 comparente,
2166 489 2201 517 et
2225 485 2336 518 dieto-

1330 546 1433 568 «rum
1459 537 1581 568 decani
1605 540 1639 568 et
1665 537 1811 578 capituli
1835 537 1995 569 absentia
2020 538 2128 569 immo
2152 541 2337 570 contuma-

1329 602 1341 617 α
1356 590 1408 622 cia
1430 590 1625 627 incusante,
1650 590 1808 631 prefatus
1831 590 1955 621 Petrus
1977 600 2094 622 coram
2118 591 2218 622 nobis
2239 590 2335 622 libel-

1329 656 1341 670 «κ
1356 642 1429 674 lum
1452 642 1582 674 obtulit
1605 643 1639 674 in
1662 643 1754 674 hunc
1779 643 1923 675 modum
1947 654 1953 675 :

1375 718 1387 733 «
1412 705 1537 737 Coram
1563 705 1663 736 vobis
1688 705 1830 736 domino
1857 706 1995 737 Andrea
2022 705 2170 747 Spiliati,
2195 705 2338 738 subdia-

1330 771 1342 786 «
1357 768 1444 790 cono
1460 761 1495 789 et
1511 758 1692 799 capellano
1708 758 1840 789 domini
1858 768 1958 800 pape,
1976 758 2137 799 partibus
2153 758 2197 790 ab
2213 759 2336 791 eodem

1331 811 1518 842 «auditore
1536 821 1710 847 concesso,
1731 811 1896 852 proponit
1916 811 2040 842 Petrus
2072 812 2187 843 (lictus
2204 811 2336 849 Abbas,

1331 877 1343 891 «
1358 864 1548 896 canonicus
1570 864 1787 900 l’alentinus,
1809 868 1931 896 contra
1953 865 2126 896 decanum
2146 868 2181 896 et
2201 864 2339 907 capitu-

1331 916 1430 948 «lum
1462 917 1676 954 Palentinos,
1707 917 1801 959 quod
1830 917 1911 948 licet
1940 917 2034 948 dieto
2065 917 2168 949 Petro
2197 917 2339 949 canoni-

1279 987 1281 1010 ,ι
1332 973 1460 1002 «catus
1487 972 1523 1002 et
1551 970 1728 1011 prebenda
1757 980 1837 1002 cum
1867 970 2104 1012 prestimoniis
2131 971 2166 1002 in
2194 969 2338 1003 ecclesia

1332 1036 1344 1051 «
1360 1023 1556 1060 Palentina,
1623 1033 1683 1065 per
1742 1026 1891 1055 mortem
1943 1023 2117 1055 Johannis
2164 1023 2338 1056 Johannis

1333 1076 1536 1112 «vacantia,
1566 1086 1627 1118 per
1652 1077 1842 1108 discretum
1869 1077 1984 1108 virum
2010 1077 2178 1108 abbatem
2205 1077 2247 1109 de
2273 1076 2338 1109 La-

1332 1139 1472 1161 «vanza
1499 1130 1533 1160 in
1560 1129 1702 1161 ecclesia
1732 1129 1927 1166 Palentiua,
1956 1130 2171 1162 auctoritate
2196 1132 2338 1172 aposto-

1332 1182 1424 1214 «lica
1460 1183 1625 1214 canonice
1661 1185 1778 1214 essent
1814 1182 1953 1219 collata,
1991 1183 2024 1214 in
2061 1183 2339 1215 contradictores

1332 1238 1393 1267 «et
1417 1236 1561 1268 rebelles
1583 1236 1961 1268 excommunicationis
1984 1237 2161 1268 sententia
2185 1235 2339 1278 promul-

1332 1302 1344 1317 «
1359 1292 1453 1331 gata,
1472 1292 1592 1320 tamen
1611 1289 1694 1321 dicti
1712 1289 1866 1321 decanus
1883 1292 1917 1320 et
1934 1289 2130 1331 capitulum
2147 1299 2207 1321 seu
2225 1289 2339 1331 maJ'or

1332 1352 1439 1384 «pars
1465 1342 1623 1383 ejusdem
1650 1352 1669 1374 a
1696 1342 1791 1374 dicta
1817 1341 2004 1374 collatione
2030 1342 2251 1374 frustratorie
2277 1351 2339 1384 ap-

1333 1395 1547 1437 «peltarum,
1575 1396 1669 1427 dicta
1695 1396 2034 1427 excommucationis
2060 1395 2236 1428 sententia
2261 1394 2338 1427 vili—

1333 1461 1345 1477 «
1360 1458 1478 1491 pensa,
1504 1449 1538 1480 in
1564 1449 1672 1490 ipsius
1696 1448 1791 1480 Petri
1816 1448 2050 1490 prejudicium
2074 1451 2109 1480 et
2133 1457 2336 1490 gravamen.

1332 1502 1462 1533 «Unde
1488 1502 1578 1543 petit
1603 1502 1781 1543 predictos
1806 1501 2036 1533 canonicatus
2061 1504 2096 1533 et
2121 1502 2337 1544 prebendam

1333 1565 1440 1586 «cum
1472 1555 1542 1586 suis
1575 1555 1812 1596 prestimoniis
1844 1565 1905 1596 per
1935 1557 2092 1587 vestram
2123 1554 2338 1587 sententiam

1333 1622 1344 1635 ι(
1360 1608 1424 1640 sibi
1446 1608 1604 1649 adjucari
1625 1611 1659 1640 et
1681 1608 1724 1639 ad
1746 1618 1826 1639 eum
1848 1608 1890 1640 de
1909 1608 1986 1649 jure
2006 1610 2166 1650 spectare
2187 1607 2335 1645 decerni.

1333 1674 1343 1688 (ι
1359 1664 1394 1692 et
1419 1661 1595 1703 predictos
1619 1661 1792 1693 decanum
1816 1664 1849 1692 et
1875 1661 2071 1702 capitulum
2094 1671 2154 1692 seu
2177 1661 2254 1693 illos
2277 1661 2338 1703 qui

1334 1717 1487 1755 «gerunt
1524 1724 1558 1745 se
1598 1724 1660 1755 pro
1697 1714 1864 1755 capitulo,
1905 1714 2062 1755 predicta
2100 1714 2338 1756 appellatione

1334 1767 1486 1798 «frivola
1510 1767 1752 1808 pronuntiata.
1776 1767 1840 1798 sibi
1864 1767 1896 1798 in
1920 1767 2092 1808 expensis,
2117 1767 2280 1809 dampnis
2301 1770 2337 1799 et

1334 1833 1345 1848 «
1361 1820 1526 1851 interesse
1552 1820 1705 1860 legitime
1731 1820 1994 1861 condempnari,
2022 1830 2110 1861 quas
2135 1820 2250 1852 dictus
2275 1820 2338 1852 Pe-

1333 1876 1436 1905 «trus
1456 1873 1623 1905 sustinuit
1645 1873 1826 1904 occasione
1847 1873 1939 1904 dicte
1960 1873 2194 1915 appelationis
2213 1873 2337 1905 frivole

1333 1940 1345 1955 «
1361 1927 1558 1967 interjecta,
1585 1936 1652 1968 que
1677 1927 1831 1967 dampna
1857 1930 1889 1957 et
1917 1927 2082 1958 interesse
2106 1929 2141 1958 et
2165 1936 2337 1968 expensas

1333 1980 1510 2012 «extimat
1541 1980 1712 2011 ducentos
1740 1979 1993 2016 Mmabotinos,
2023 1982 2058 2011 et
2087 1989 2259 2021 expensas
2286 1980 2337 2012 fa-

1333 2033 1501 2064 «ciendas
1541 2035 1771 2074 protestatur.
1812 2033 1905 2064 Petit
1944 2033 2051 2064 etiam
2091 2033 2264 2065 decanum
2301 2035 2337 2066 et

1332 2086 1473 2117 «dictos
1507 2086 1705 2122 canonicos
1743 2086 1802 2127 qui
1837 2096 1872 2116 se
1907 2089 2032 2127 gerunt
2070 2095 2130 2127 pro
2166 2086 2334 2127 capitulo,

1331 2139 1685 2170 «excommunicatos
1705 2138 1845 2180 publice
1866 2139 2021 2170 nuntiari
2043 2148 2152 2180 usque
2171 2139 2216 2171 ad
2236 2139 2337 2171 satis-

1331 2192 1550 2224 «factionem
1583 2192 1805 2232 condignam,
1839 2191 1937 2223 salvo
1968 2191 2045 2232 jure
2076 2194 2155 2224 etc..
2177 2191 2224 2223 Et
2255 2192 2337 2224 sub-

1332 2248 1546 2287 «sequenter
1576 2244 1703 2286 idlem]
1738 2245 1862 2276 Petrus
1892 2244 2056 2276 exhibuit
2086 2254 2204 2276 coram
2235 2244 2336 2276 nobis

1331 2299 1595 2330 «instrumenta
1621 2301 1656 2330 et
1682 2298 1874 2339 positiones
1900 2308 1981 2329 suas
2007 2308 2068 2340 per
2093 2307 2160 2340 que
2185 2301 2221 2330 et
2246 2307 2335 2340 quas

1330 2351 1458 2383 «nobis
1489 2351 1650 2383 constitit
1690 2351 1873 2382 evidenter
1913 2351 2007 2392 quod
2040 2351 2270 2383 canonicatus
2300 2353 2336 2383 et

1331 2418 1342 2433 ιι
1358 2405 1537 2446 prebenda
1560 2414 1640 2436 cum
1664 2404 1902 2445 prestimoniis
1926 2404 1959 2434 in
1983 2404 2127 2436 ecclesia
2151 2403 2336 2436 Palentina

1331 2468 1420 2499 «per
1458 2461 1607 2489 mortem
1646 2457 1821 2488 Johaunis
1859 2457 2033 2488 Johaunis
2071 2457 2238 2489 vacantia
2277 2467 2338 2499 per

1331 2511 1548 2542 «discretum
1576 2511 1690 2542 virum
1718 2510 1887 2542 abbatem
1913 2511 1954 2541 de
1982 2510 2158 2547 Lavanza,
2185 2510 2337 2542 auetori-

1330 2567 1432 2596 «tate
1454 2564 1647 2605 apostolica
1667 2566 1769 2595 erant
1790 2563 1929 2600 collata,
1952 2566 1985 2594 et
2008 2564 2102 2605 quod
2124 2563 2168 2595 ob
2189 2563 2254 2595 hoe
2274 2573 2336 2605 pro

1332 2631 1343 2645 (ι
1360 2620 1460 2659 parte
1485 2617 1607 2648 decani
1631 2620 1665 2648 et
1690 2616 1836 2658 capituli
1861 2616 2128 2648 Palentinorum
2153 2616 2267 2648 fuerat
2292 2616 2336 2648 ad

1331 2684 1343 2699 «
1360 2671 1483 2702 Sedem
1510 2670 1752 2711 Apostolicam
1779 2669 2009 2711 appellatum,
2036 2672 2072 2701 et
2097 2669 2144 2701 sic
2170 2679 2232 2711 per
2256 2679 2337 2701 con-

1331 2736 1343 2751 «
1359 2733 1508 2764 sequens
1526 2733 1587 2765 per
1604 2723 1897 2755 constitutionem
1915 2725 1991 2754 crat
2010 2722 2212 2763 hujusmodi
2231 2731 2335 2754 causa

1331 2777 1402 2808 «ad
1428 2776 1550 2807 Sedem
1575 2776 1816 2817 Apostolicam
1841 2775 2008 2807 devoluta
2033 2775 2066 2806 in
2091 2785 2159 2817 qua
2184 2777 2334 2817 poterat,

1331 2829 1418 2861 «lite
1435 2839 1504 2860 non
1520 2832 1732 2867 contestata,
1750 2830 1794 2861 ad
1811 2829 1984 2861 sententie
1997 2828 2171 2860 calculum
2183 2827 2335 2870 procedi.

1331 2895 1344 2911 «
1360 2882 1433 2914 Nos
1446 2882 1574 2914 iterato
1588 2892 1632 2914 cx
1646 2882 1976 2924 superhabundanti
1989 2881 2024 2913 in
2039 2881 2179 2923 publica
2193 2880 2336 2913 audien·

1332 2936 1409 2967 «tia
1434 2935 1583 2977 proponi
1608 2935 1754 2967 fecimus
1778 2934 2012 2977 peremptorie
2043 2933 2222 2966 citationis
2245 2933 2336 2966 edic-

1333 3001 1346 3017 «
1361 2991 1439 3020 tum
1461 2991 1496 3020 ut
1519 2988 1544 3019 si
1566 2988 1643 3030 quis
1663 2991 1751 3020 esset
1773 2991 1980 3030 procurator
1999 2997 2061 3030 pro
2081 2987 2184 3019 dietis
2203 2987 2334 3019 decano
