2477 3512
1000 309 1230 348 TROISIEME
1255 307 1401 346 ANNEE

258 386 354 413 1753
717 385 832 413 Latran.
848 386 880 410 28
896 384 1003 410 sevrier
1020 385 1096 410 1257.

217 477 562 504 Confirmatsententiam
580 477 614 503 ab
630 477 810 510 Ofictavianol
827 477 854 501 S.
870 477 972 502 Mariae
990 477 1019 502 in
1037 476 1086 502 Via
1102 476 1171 502 Lata

179 525 305 551 diacono
322 524 465 551 cardinali
475 525 562 550 latam
578 525 606 550 in
620 524 792 558 quaestione
806 526 868 549 orta
884 523 959 549 inter
970 524 1087 549 Petrum
1097 523 1170 556 epis-

180 580 255 607 copu
263 581 290 598 m
308 573 539 606 Aquinatensem
555 580 589 597 ex
608 579 668 597 una
683 573 776 605 parte,
794 574 823 596 et
838 571 1012 603 magistrum
1027 571 1171 596 loannem

180 620 215 646 de
237 621 328 646 Ponte
345 621 436 646 Curvo
453 628 487 645 ex
503 619 605 649 altera,
620 626 710 652 super
725 618 851 644 ecclesia
865 618 892 644 S.
911 619 1015 644 Mariae
1027 618 1062 644 de
1077 618 1171 643 Cano-

181 669 259 696 nica,
283 676 372 702 prope
388 669 643 694 Pontemcurvum.
661 667 739 699 (Bne.
757 667 838 695 25,a.
855 666 900 697 ΙΙΙ,
918 674 942 692 c.
960 667 1018 695 157,
1038 665 1055 690 f.
1074 666 1127 691 203

229 766 242 777 «
256 751 353 781 Petro
365 749 517 793 episcopo
529 747 705 790 Aquinati.
719 749 766 779 Ea
777 748 966 789 quejudicio
974 751 1037 779 etc.
1053 757 1169 788 usquc:

184 806 390 837 communiri.
414 805 498 835 Sane
525 806 713 845 presentata
735 804 824 835 nobis
845 814 884 835 ex
907 806 999 845 parte
1015 806 1070 834 tua
1091 803 1173 844 peti-

184 862 227 893 lio
263 860 463 896 continebat,
499 859 580 899 quod
619 869 690 890 cnm
724 859 812 890 inter
845 861 876 889 te
913 860 946 889 et
982 859 1173 899 magistrum

183 917 363 948 ‚Iohannem
388 916 427 946 de
447 916 665 946 pontecurvo.
683 916 874 956 scriptorem
889 918 1047 952 nostrum,
1064 914 1173 945 dilecti

183 974 238 1004 filii
261 973 361 1004 nostri
384 972 421 1003 O.
447 972 565 1003 Sancte
587 972 687 1002 Marie
704 974 733 1002 in
747 972 808 1002 Via
826 972 906 1002 Lata
926 971 1051 1002 diaconi
1069 971 1174 1002 cardi-

185 1029 265 1060 nalis
301 1028 514 1070 capellanum,
554 1038 651 1069 snper
682 1028 824 1059 ccclesia
857 1029 976 1059 Sancte
1005 1028 1106 1058 Marie
1135 1028 1174 1059 de

704 1085 956 1121 Pontecnrvum,

182 1085 363 1119 Canonica.
1006 1085 1175 1125 Aquinatis

188 1142 340 1179 diocesis,
365 1152 458 1182 quam
479 1141 563 1172 idem
585 1141 770 1181 cardinalis,
796 1141 870 1172 dum
890 1142 922 1172 in
942 1152 1044 1182 regno
1066 1141 1175 1172 Sicilie

405 1085 510 1126 posita
556 1095 654 1126 prope

183 1198 362 1240 legationis
393 1197 499 1229 officio
534 1198 739 1238 fungeretur,
767 1198 846 1228 fecit
873 1198 979 1228 eidem
1007 1198 1175 1239 capellano

185 1255 343 1291 conferri,
385 1255 510 1295 questio
550 1255 666 1285 suisset
704 1257 832 1289 exorta,
875 1254 1008 1285 tandem
1045 1254 1101 1285 tibi
1144 1258 1176 1285 et

183 1311 288 1342 eidem
311 1311 467 1351 magistro
497 1311 683 1342 constitutis·
709 1312 741 1341 in
766 1318 876 1341 nostra
909 1311 1073 1352 presentia
1106 1321 1176 1341 car-

181 1367 327 1398 dinalem
348 1368 448 1408 ipsum
470 1367 615 1398 dedimus
630 1367 824 1398 auditorem.
841 1367 919 1398 Cum
936 1370 1044 1398 autem
1058 1367 1088 1397 in
1104 1377 1175 1397 car-

181 1423 328 1455 dinalem
356 1423 504 1461 eundem,
530 1423 587 1454 lite
619 1434 728 1454 coram
744 1433 782 1454 eo
808 1423 952 1464 legitime
973 1424 1172 1461 contestata,

184 1480 281 1510 factis
295 1480 504 1520 positionibus
520 1482 553 1510 et
569 1480 830 1521 responsionibus
843 1479 1037 1517 subsecutis,
1061 1489 1176 1521 recep-

184 1537 226 1567 tis
237 1546 361 1577 quoque
378 1535 517 1566 testibus
538 1539 571 1566 et
587 1536 850 1567 attestationibus
865 1536 1045 1577 publicatis,
1061 1536 1176 1567 fuisset

1200 1334 1202 1365 Ι

1200 1370 1202 1402 l

1200 1428 1202 1466 Ι

185 1592 227 1622 ab
248 1591 362 1622 eodem
378 1592 525 1622 Johanne
539 1602 576 1622 ac
592 1592 779 1623 Constantio
795 1595 1005 1633 procuratore
1016 1595 1082 1630 tuo,
1104 1603 1123 1623 a
1144 1598 1175 1623 te
1201 1588 1202 1615 l

184 1648 226 1679 ad
256 1648 581 1689 compi-omittendum
621 1648 761 1679 habente
797 1648 937 1690 speciale
975 1649 1172 1687 mandatum,
1201 1647 1202 1693 Ι
1229 1636 1243 1647 α

1229 1692 1242 1705 (Ι

186 1706 339 1745 tanquam
356 1705 386 1735 in
399 1705 555 1735 arbitrum
570 1705 798 1736 arbitratorem
811 1708 844 1735 et
865 1705 1066 1736 amicabilem
1086 1716 1174 1737 com·
1199 1698 1202 1705 ⁸

183 1761 375 1802 positorem,
396 1761 453 1792 sub
474 1764 565 1792 certa
581 1771 676 1803 pena,
690 1762 877 1803 juramento
903 1762 1063 1793 hincinde
1083 1773 1175 1803 pres-

184 1818 256 1856 tito,
276 1828 374 1858 super
393 1818 453 1849 hoc
474 1818 682 1849 concorditer
702 1819 980 1858 esmiprnimissum,
1003 1818 1088 1850 idem
1104 1829 1175 1849 car-

184 1874 314 1912 dinalis,
337 1885 355 1904 a
382 1874 472 1905 nobis
493 1875 593 1915 petita
614 1874 746 1905 licentia
773 1878 805 1905 et
833 1874 968 1905 obtenta
997 1875 1173 1913 statuendi,

183 1930 368 1969 ordinandi,
385 1934 418 1961 et
442 1930 628 1968 diffiniendi,
648 1935 739 1971 prout
756 1931 813 1960 sibi
836 1936 869 1960 et
889 1931 1020 1962 utilitati
1036 1931 1176 1972 partium

186 1987 343 2028 expedire
378 1987 516 2025 videret,
547 1987 685 2028 cognitis
714 1997 811 2018 cause
828 1988 965 2025 meritis,
984 1987 1021 2019 ‹le
1043 1988 1176 2029 speciali

187 2043 338 2074 mandato
358 2048 469 2075 nostro
486 2044 644 2084 precepit,
671 2045 798 2083 statuit,
820 2045 982 2075 ordinavit
1003 2048 1035 2075 et
1056 2044 1176 2075 diffini-
1201 2051 1203 2074 ἕ

188 2099 246 2133 vit,
268 2099 352 2138 quod
372 2105 404 2129 tn
436 2100 486 2130 vel
516 2110 726 2131 successsmes
748 2102 792 2131 tui
813 2102 952 2141 quinque
975 2101 1086 2131 uncias
1108 2102 1175 2131 auri
1202 2114 1203 2118 ¹

189 2156 355 2186 annuatim
375 2156 433 2187 des
454 2159 485 2187 et
514 2156 635 2189 solvas,
658 2157 706 2188 vel
731 2157 800 2187 ‹lari
828 2160 861 2187 et
886 2157 965 2188 solvi
984 2157 1087 2188 facias
1102 2168 1175 2198 prc-

188 2211 257 2242 sato
278 2213 448 2253 magistro,
465 2213 516 2243 vel
530 2213 601 2254 ejus
613 2215 814 2255 procuratori
830 2216 884 2245 aut
904 2215 1027 2253 nuntio,
1044 2215 1073 2244 in
1092 2214 1176 2245 festo

189 2268 424 2299 Pnrificationis
433 2269 527 2300 beate
534 2270 687 2311 Virginis.
698 2272 826 2301 nomine
834 2271 1176 2312 pensionis,quousque

188 2325 218 2354 in
241 2324 397 2355 beneficio
411 2325 462 2356 vol
477 2325 651 2363 beneficiis,
670 2327 751 2367 quod
768 2327 819 2357 vcl
841 2337 901 2367 que
915 2327 1001 2358 idem
1017 2328 1177 2368 magister

187 2382 214 2410 .l.
243 2381 377 2411 «luxerit
399 2382 612 2422 acceptanda,
650 2384 769 2414 valoris
801 2384 898 2414 annui
924 2384 1036 2415 decem
1067 2384 1176 2415 uncia-

188 2447 269 2475 rum,
296 2448 353 2478 per
377 2442 407 2468 te
437 2438 487 2469 vel
516 2449 727 2471 successores
750 2446 831 2474 tuos,
855 2441 1016 2481 provisum
1039 2441 1173 2479 existat,

187 2493 243 2524 tibi
277 2498 309 2524 et
340 2504 451 2525 mense
476 2496 627 2535 Aquinati
654 2497 684 2527 in
709 2501 898 2538 perpetuum
918 2497 1038 2528 dictam
1069 2497 1175 2528 eccle-

187 2551 267 2581 siam
297 2561 368 2581 cum
395 2551 540 2583 omnibus
565 2553 780 2594 pertinentiis.
802 2553 927 2594 juribus
955 2553 1175 2595 corporalibus

187 2610 219 2637 et
239 2607 493 2647 incorporalilnis
516 2612 548 2638 et
569 2609 701 2649 capellis
718 2610 797 2647 suis,
815 2620 892 2649 quas
914 2610 1055 2651 episcopi
1076 2610 1175 2650 Aqui—

187 2666 281 2693 nates
303 2674 373 2693 cuin
408 2664 495 2694 :licta
524 2665 662 2696 ecclesia
690 2668 928 2697 consueverunt
959 2667 997 2696 ad
1030 2676 1175 2697 mensam

188 2720 347 2760 propriam
358 2721 512 2754 retinere,
536 2721 626 2752 salvo
645 2723 846 2763 tamenjure,
863 2723 887 2753 si
901 2723 983 2763 quod
996 2723 1024 2753 in
1043 2723 1175 2764 capellis

186 2776 263 2817 ipsis
289 2776 410 2807 obtinet
438 2802 458 2807 ..
497 2778 764 2819 archipresbyter
793 2780 1011 2817 Pontiscurri,
1041 2782 1173 2810 senten-

187 2832 308 2863 tialiter
325 2833 513 2874 adjudicans
534 2836 565 2864 ct
588 2834 763 2875 episcopali
792 2845 901 2866 mense
926 2835 1076 2876 Aquinati
1098 2845 1173 2876 per-

187 2892 281 2930 petuo
304 2894 484 2920 annectens
515 2890 554 2921 de
580 2893 690 2921 nostro
721 2891 925 2932 beneplacito
954 2894 987 2923 et
1008 2891 1172 2931 mandato,

187 2947 279 2984 prout
304 2945 335 2975 in
356 2945 572 2977 instrumento
594 2946 719 2988 publico
741 2947 816 2979 inde
836 2948 999 2984 contecto,
1013 2948 1092 2979 dicti
1102 2958 1173 2978 car-

184 3000 301 3031 ‹linalis
314 3002 421 3043 sigillo
441 3002 583 3043 signato,
602 3003 728 3044 plenius
751 3005 946 3035 continetur.
971 3005 1035 3036 Nos
1059 3004 1171 3043 igitur,

2145 309 2209 340 539

1222 385 1284 415 tuis
1309 382 1436 414 devotis
1464 380 1615 422 precibus
1636 379 1793 416 inclinati,
1816 381 2014 419 preceptum,
2038 378 2208 413 statutum,

1221 439 1471 475 ordinationem,
1509 446 1564 466 seu
1598 435 1822 465 diffinitionem
1859 432 2040 474 hujusmodi
2078 432 2210 473 provide

1222 497 1321 534 facta,
1344 496 1417 525 rata
1438 496 1470 524 et
1492 494 1586 534 grata
1610 491 1781 525 habentes,
1804 501 1843 521 ea
1862 489 2058 520 auctoritate
2078 493 2211 530 aposto-

1222 553 1286 583 lica
1306 553 1546 584 confirmamus,
1565 552 1596 578 et
1617 548 1777 588 presentis
1799 546 1911 586 scripti
1931 545 2108 586 patrocinio
2124 555 2213 576 com—

1224 609 1397 638 munimus.
1420 607 1579 636 Tenorem
1600 603 1747 644 ejusdem
1767 602 1972 633 instrumenti
1993 601 2033 632 de
2054 601 2151 632 verbo
2171 601 2212 632 ad

1222 663 1361 694 verbnm
1383 660 1590 703 presentibus
1606 659 1705 690 inseri
1720 658 1892 696 facientes,
1909 658 1959 697 qni
1981 658 2054 688 talis
2075 664 2145 688 est:

1793 751 1893 781 Rome,
1918 752 1946 775 10
1965 750 2069 775 sevrier
2087 751 2162 775 1257.

1272 843 1286 856 α
1316 829 1349 859 ln
1365 828 1491 858 nomine
1503 825 1638 856 Domini.
1649 826 1761 855 Amen.
1774 823 1943 855 Universis
1955 823 2216 863 presensinstru-

1266 891 1408 916 mentum
1429 887 1462 914 et
1483 883 1611 914 litteras
1631 880 1837 921 inspecturis.
1854 879 2064 915 Octavianus,
2084 879 2217 909 misera-

1271 942 1358 972 tione
1387 941 1509 977 divina,
1543 939 1661 969 Sancte
1682 937 1783 968 Mario
1810 937 1841 966 in
1876 936 1938 966 Via
1960 936 2038 965 Lata
2063 934 2216 965 diaconus

1270 996 1458 1031 cardinalis,
1482 996 1619 1026 salutem
1644 995 1675 1025 in
1696 993 1841 1024 Domino.
1864 991 1942 1023 Cum
1971 992 2055 1021 inter
2085 1001 2217 1022 venera-

1267 1055 1363 1086 bilem
1384 1056 1536 1094 patrem..
1556 1052 1740 1092 episcopum
1763 1049 1970 1088 Aquinatem,
1983 1048 2050 1077 sive
2063 1057 2216 1087 procura-

1228 900 1233 913 (

1228 958 1233 970 (

1229 1014 1234 1027 (

1229 1070 1235 1084 (

1228 1126 1243 1140 u
1272 1114 1375 1143 torem
1407 1110 1510 1151 ipsius
1537 1119 1578 1140 ex
1600 1110 1692 1148 parte
1716 1116 1790 1139 una,
1831 1108 1863 1136 et
1884 1105 2078 1145 magistrum
2098 1103 2216 1133 Johan-

1889 1171 1969 1202 pape
2012 1160 2214 1200 scriptorem,

1229 1183 1243 1195 «ι
1272 1178 1344 1199 nem
1388 1167 1427 1198 de
1464 1167 1683 1198 Pontecnrvo,
1720 1162 1839 1193 domini

1229 1240 1242 1252 κ
1271 1224 1476 1266 capellanum
1492 1223 1650 1253 nostrum,
1673 1230 1713 1249 ex
1734 1220 1850 1255 altera,
1878 1217 2048 1247 occasione
2063 1215 2217 1256 provisio-

1229 1296 1243 1309 «
1271 1282 1320 1311 nis
1337 1279 1478 1311 ecclesie
1490 1277 1609 1309 Sancte
1621 1276 1720 1307 Marie
1729 1275 1769 1305 de
1782 1274 1943 1306 Canonica
1956 1272 2216 1313 propePontem-

1229 1353 1243 1366 «
1271 1347 1418 1373 curvum,
1441 1334 1611 1375 Aquinatis
1635 1332 1788 1369 diocesis,
1815 1341 1907 1370 quam
1930 1329 2034 1360 eidem
2059 1328 2217 1368 magistro

1229 1409 1242 1423 «
1272 1395 1422 1427 fecimus,
1445 1392 1519 1423 dum
1541 1391 1572 1421 in
1589 1400 1693 1429 regno
1708 1388 1814 1419 Sicilie
1826 1387 1999 1428 legationis
2015 1385 2124 1415 osticio
2144 1385 2217 1414 sun-

1229 1466 1243 1480 «
1272 1460 1436 1492 geremur,
1475 1450 1547 1479 orta
1573 1450 1663 1477 esset
1682 1441 1684 1443 ¹
1700 1446 1837 1476 materia
1861 1443 2051 1485 questionis,
2089 1440 2218 1472 tandem

1229 1523 1242 1535 «
1273 1518 1330 1539 nos
1351 1505 1506 1548 predictis
1532 1504 1696 1534 concessit
1717 1502 1862 1532 dominus
1890 1510 1971 1541 papa
1992 1498 2137 1540 partibus
2159 1508 2217 1528 au-

1229 1579 1243 1592 «
1272 1565 1424 1595 ditoreni.
1440 1561 1531 1594 Unde
1551 1571 1608 1601 per
1629 1559 1767 1590 eundem
1788 1558 1979 1597 magistrum
2001 1557 2030 1586 J.
2055 1557 2087 1585 ct
2119 1554 2217 1586 Cons-

1271 1620 1408 1651 tantium
1445 1617 1635 1649 canonicum
1666 1615 1871 1656 Aquinatem,
1901 1612 2038 1654 predicti
2076 1611 2216 1652 episcopi

1271 1679 1529 1719 procuratorem,
1565 1683 1674 1704 coram
1705 1672 1794 1703 nobis
1825 1670 1933 1701 libello
1972 1669 2091 1705 oblato,
2126 1668 2216 1708 cujus

1229 1748 1243 1763 «
1272 1736 1364 1765 tenor
1381 1733 1454 1764 talis
1475 1734 1526 1763 est
1549 1742 1555 1764 z

1719 1837 1846 1870 Capone,
1863 1836 1877 1860 8
1895 1832 2052 1860 novembre
2072 1833 2145 1858 1256.

1276 1965 1289 1977 «
1318 1950 1434 1982 Coram
1449 1949 1539 1980 vobis
1564 1947 1745 1978 venerabili
1769 1949 1862 1987 patre
1894 1943 2072 1975 dominoO.
2097 1943 2216 1973 Sancte

1231 2021 1244 2033 u
1275 2007 1377 2038 Marie
1399 2007 1429 2036 in
1450 2006 1511 2037 Via
1532 2006 1613 2036 Lata
1627 2004 1761 2034 diacono
1782 2002 1937 2032 cardinali
1961 2000 2104 2041 partibus
2124 1998 2215 2029 audi-

1230 2079 1244 2091 «
1273 2066 1343 2094 tore
1365 2073 1534 2094 concesso,
1559 2061 1701 2102 proponit
1719 2059 1876 2100 magister
1891 2059 1919 2088 J.
1934 2057 1973 2087 de
1996 2058 2214 2091 Pontecurvo,

1231 2135 1243 2147 ιι
1275 2120 1393 2151 domini
1423 2129 1505 2160 pape
1531 2118 1682 2159 scripttn',
1716 2121 1830 2147 eontra
1847 2113 2065 2145 venerabilem
2092 2117 2214 2153 patrem

1231 2192 1244 2204 n
1274 2178 1461 2218 episcopum
1494 2176 1704 2215 Aquinatem,
1731 2172 1813 2212 qnod
1835 2172 1910 2202 licet
1937 2169 2076 2201 ecclesia
2098 2168 2216 2199 Sancte

1230 2248 1244 2261 α
1275 2234 1376 2264 Marie
1409 2233 1448 2262 de
1476 2231 1637 2263 Canonica
1667 2239 1765 2271 prope
1795 2229 2035 2259 pontecurvum
2072 2225 2130 2255 sibi
2159 2235 2216 2265 per

1231 2304 1243 2316 ι(
1275 2300 1330 2321 vos
1350 2290 1505 2320 canonice
1527 2288 1646 2319 collata
1670 2287 1796 2319 l'uissct,
1820 2288 1927 2315 tamen
1953 2283 2058 2313 dictus
2090 2281 2216 2322 episco—

1274 2357 1343 2387 pus,
1378 2356 1440 2377 non
1472 2345 1591 2385 absque
1617 2344 1700 2385 juris
1738 2341 1865 2382 injuria,
1889 2341 1992 2380 ipsum
2025 2338 2214 2377 magistrum

1274 2402 1405 2443 impedit
1426 2404 1458 2432 et
1478 2402 1641 2437 molestat,
1669 2399 1835 2439 quominus
1860 2397 1943 2427 idem
1966 2395 2125 2434 magister
2146 2403 2216 2434 pos-

1273 2459 1450 2489 sessionem
1471 2458 1573 2498 ipsius
1598 2455 1736 2487 ecclesie
1760 2453 1900 2484 nancisci
1916 2452 1919 2470 ¹
1937 2451 2049 2492 possit,
2072 2460 2108 2480 ac
2131 2449 2214 2479 idem

1274 2515 1443 2556 episcopus
1479 2514 1598 2544 dictam
1630 2512 1803 2542 ecclesiam
1833 2510 1862 2539 in
1894 2507 2106 2549 prejudicium
2138 2505 2215 2536 dicti

1270 2571 1419 2610 magistri
1441 2572 1555 2600 contra
1570 2570 1581 2609 j
1591 2569 1733 2599 ustitiam
1756 2567 1880 2597 detinet
1901 2567 2109 2604 occupatam;
2134 2561 2215 2592 unde

1229 2642 1241 2653 «ι
1269 2628 1348 2668 petit
1375 2638 1431 2669 per
1450 2637 1518 2665 vos,
1541 2629 1635 2667 pater
1652 2628 1777 2657 sancte,
1796 2634 1830 2652 sc
1853 2622 1882 2651 in
1903 2619 2144 2661 possessionem
2165 2617 2217 2648 vel

1229 2699 1241 2710 ἰ
1272 2685 1363 2725 quasi
1391 2685 1490 2725 ipsius
1519 2682 1658 2713 ecclesie
1689 2690 1758 2711 cum
1795 2677 2000 2720 pertinentiis
2028 2681 2060 2706 et
2088 2673 2215 2716 juribus

1229 2756 1241 2768 υ
1272 2741 1337 2771 suis
1351 2740 1457 2771 induci
1473 2743 1505 2770 ct
1522 2739 1688 2769 inductum
1705 2735 1847 2772 defendi,
1871 2734 1978 2764 amoto
2004 2731 2043 2763 ab
2069 2742 2108 2762 ea
2130 2731 2215 2771 epis-

1229 2812 1241 2825 ι·
1271 2808 1351 2838 copo
1373 2796 1569 2838 supradicto,
1590 2799 1619 2826 et
1642 2795 1700 2824 lioc
1723 2793 1803 2833 petit
1818 2801 1888 2822 cum
1906 2789 2064 2820 fructibus
2082 2797 2214 2829 percep-

1229 2868 1241 2881 ‹=
1271 2854 1314 2884 tis
1334 2856 1367 2884 et
1388 2851 1616 2894 percipiendis,
1648 2860 1727 2890 quos
1748 2848 1887 2880 extimat
1908 2856 1964 2877 sex
1989 2845 2110 2875 uncias.
2136 2844 2215 2874 Item

1228 2924 1242 2937 «
1271 2910 1350 2951 petit
1369 2918 1543 2950 expensas,
1569 2918 1648 2948 quas
1662 2906 1801 2937 ext-iniat
1820 2914 1879 2934 sex
1900 2903 2011 2933 uncias
2033 2904 2065 2931 et
2091 2904 2215 2941 protes-

1259 3016 1279 3038 Ι.
1297 3015 1345 3038 Jls.
1360 3022 1364 3037 :
1381 3013 1530 3038 maineisci.
