2477 3512
287 242 350 274 732

289 311 407 351 vilegio
432 321 490 351 per
514 319 571 340 nos
592 309 692 340 facte.
717 309 764 339 Ad
786 309 878 350 cujus
899 308 1120 350 suspensionis
1135 308 1270 339 irrefra—
1296 307 1299 354 ξ

286 368 392 408 gabile
412 366 629 397 testimonium
646 366 815 407 presentes
830 365 957 396 litteras
977 365 1045 395 fore
1066 364 1271 395 decernimus

287 424 452 454 efficaces.
485 423 597 453 Datum
628 421 777 460 viterbii,
802 422 828 452 ll
871 421 942 452 idus
966 420 1161 454 decembris.
1189 431 1272 452 anno

287 481 394 511 tertio.
423 493 435 505 n
1297 511 1299 524 A

356 618 456 644 2380
853 618 977 648 viterbo,
996 620 1024 643 16
1037 617 1103 650 juin
1126 618 1202 643 1257.

321 706 422 732 Abbati
441 710 469 731 et
481 706 636 731 conventui
655 705 825 731 monasterii
838 705 864 731 S.
881 706 987 731 Mariae
1001 705 1035 731 de
1053 706 1148 731 Monte
1165 705 1274 731 Morelli

289 754 418 782 mandat.
437 756 582 787 quatenus
598 752 738 779 Riccardo
760 753 794 778 de
814 753 973 787 Tbevrayo,
989 753 1096 779 clerico
1111 753 1276 786 Bajocensis
1299 767 1301 800 1

286 803 442 833 dioecesis,
460 802 508 835 qui
525 802 574 827 diu
591 800 755 827 scolasticis
768 800 932 835 disciplinis
949 801 1056 827 institit
1072 804 1101 827 et
1117 801 1145 827 in
1163 801 1274 827 eisdem
1300 804 1301 839 1

287 850 472 876 laudabiliter
486 850 645 884 profecisse
662 849 779 880 dicitur,
797 858 850 875 nec
860 849 1043 883 estaliquod,
1054 853 1085 875 ut
1097 849 1212 880 asserit,
1228 857 1275 874 ec—
1299 856 1301 884 1

286 898 483 925 clesiasticum
502 897 678 923 beneficium
694 900 857 927 assecutus,
875 897 910 922 de
925 897 1024 931 aliquo
1040 896 1185 923 beneficio
1199 904 1275 922 cotn-
1300 890 1301 916 l

286 946 397 979 petenti
416 945 597 979 provideant.
620 945 698 979 1111111.
713 947 757 976 235,
774 953 799 970 a.
816 945 862 972 111,
878 953 900 970 c.
917 946 978 976 762,
996 946 1013 970 l‘.
1033 945 1115 975 103v.)

332 1048 346 1061 «
381 1059 401 1064 ..
425 1033 539 1065 abbati
557 1040 588 1065 et
610 1033 789 1065 conventui
808 1032 1006 1064 monasterii
1025 1034 1147 1063 Sancte
1168 1031 1274 1063 Marie
1299 1038 1301 1076 1

289 1090 328 1122 de
346 1092 459 1122 Monte
480 1090 624 1127 Morell‘i,
639 1089 768 1121 ordinis
788 1089 907 1121 Sanc-ti
927 1088 1126 1132 Aaqustini,
1150 1088 1274 1120 Abrin-
1298 1077 1301 1178 Ι

289 1146 558 1179 οιήςίειίὶυεθκὶκ.
583 1148 683 1187 Digne
702 1157 803 1187 agere
825 1146 984 1177 credimus
1000 1164 1052 1175 ——.
1069 1146 1140 1176 Dat.
1166 1146 1273 1177 Viter-

289 1204 340 1243 bii,
364 1205 444 1235 Xi'i
467 1204 628 1244 katjnlii,
647 1214 729 1235 anuo
748 1204 857 1234 tertio.
882 1216 895 1230 n

987 238 1219 270 REGISTRES
1245 238 1549 272 D'ALEXANDRE
1574 241 1620 272 IV

1326 309 1382 340 tibi
1405 312 1437 340 et
1471 310 1668 341 monasterio
1697 312 1751 341 tuo
1780 312 1933 351 poterunt
1965 311 2099 342 comoda
2133 313 2311 353 procurari,

1326 376 1465 406 pensans
1494 366 1629 408 insuper
1654 376 1726 397 eum
1762 369 1881 407 quanta
1910 367 1966 398 tibi
1995 368 2114 398 mentis
2144 366 2317 400 affectione

1326 422 1497 452 scribimus
1517 432 1576 463 pro
1597 422 1724 460 eodem,
1750 423 1927 464 prioratum
1947 424 2060 454 Sancti
2078 424 2169 455 Petri
2186 424 2225 455 de
2242 425 2316 456 Ala-

1298 475 1299 490 ³
1326 478 1438 516 vardo,
1459 478 1681 510 Cluniacensis
1698 478 1832 516 ordinis,
1855 480 2155 521 Grationopolitane
2179 480 2316 512 diocesis

1325 535 1364 566 ad
1383 537 1467 565 tuam
1489 535 1694 567 collationem
1713 537 1929 577 spectantem,
1945 546 2016 566 cum
2033 536 2317 578 omnibusjuribus

1327 595 1359 622 et
1385 591 1596 632 pertinentiis
1617 592 1695 631 suis,
1726 602 1862 633 persone
1882 592 1984 633 ipsius
2009 592 2245 634 archiepiscopi
2279 593 2318 625 ob

1327 649 1545 678 reverentiam
1567 647 1755 689 Apostolice
1777 647 1870 679 Sedis
1891 650 1925 679 et
1947 650 2090 679 nostram
2114 659 2171 680 sue
2192 659 2318 690 quoque

1327 704 1497 746 probitatis
1509 704 1644 735 obtentu
1656 705 1808 735 conferas
1825 708 1858 735 et
1878 705 2040 746 assignes,
2054 705 2316 746 provisotamen,

1327 761 1407 802 quod
1436 762 1582 803 personis
1609 762 1639 792 in
1671 761 1784 792 eodem
1811 761 1954 802 prioratu
1979 762 2110 793 Domino
2133 763 2315 799 servituris,

1327 817 1367 848 de
1392 818 1494 858 ipsius
1525 817 1748 859 proventibus,
1773 828 1861 848 more
1886 818 1992 850 solito.
2030 818 2096 849 vite
2132 819 2318 850 necessaria

1328 874 1570 911 ministi·entur;
1586 884 1645 905 non
1660 874 1811 905 obstante
1828 874 1853 904 si
1875 874 1930 905 tibi
1946 878 1976 906 et
1994 875 2166 905 conventui
2182 874 2317 916 predicti

1327 931 1517 961 monasterii
1532 931 1746 961 communiter
1762 931 1812 962 vel
1834 930 1961 961 divisim
1979 942 1996 961 a
2015 930 2160 972 predicta
2180 931 2222 962 sit
2234 931 2317 963 Sede

1327 986 1498 1022 indultum,
1518 987 1601 1027 quod
1622 987 1662 1017 ad
1683 987 1916 1028 providendum
1938 987 2033 1018 alicui
2062 988 2101 1018 de
2123 987 2318 1029 prioratibus

1327 1042 1509 1084 hujusmodi
1532 1043 1660 1073 minime
1682 1044 1857 1074 teneamini
1880 1043 2026 1084 quodque
2053 1043 2093 1075 ad
2115 1043 2145 1074 id
2171 1043 2320 1085 compelli

1327 1103 1381 1130 aut
1400 1099 1482 1140 quod
1510 1100 1673 1136 interdici,
1699 1100 1865 1141 suspendi,
1890 1100 1939 1130 vel
1959 1101 2236 1132 excommunicari
2258 1111 2320 1132 non

1299 1182 1301 1207 ζ
1325 1156 1458 1197 possitis
1479 1166 1535 1197 per
1554 1155 1683 1187 litteras
1704 1156 1899 1197 apostolicas
1921 1156 2047 1198 plenam
2069 1159 2102 1188 et
2126 1167 2319 1198 expressam

1327 1222 1388 1244 non
1421 1212 1579 1244 facientes
1614 1212 1655 1244 de
1689 1213 1812 1244 indulto
1839 1213 2021 1254 hujusmodi
2050 1214 2259 1251 mentionem,
2286 1215 2320 1245 et

1300 1264 1301 1270 ¹
1327 1268 1470 1309 qualibet
1504 1269 1566 1299 alia
1591 1269 1724 1310 prefate
1751 1269 1844 1300 Sedis
1867 1269 2069 1311 indulgentia
2089 1270 2320 1311 cujuscumque

356 1354 450 1381 2381
775 1354 898 1383 Viterbe,
914 1356 929 1380 4
948 1355 1103 1381 decembre
1127 1357 1201 1380 1257.

323 1448 426 1474 Abbati
452 1448 639 1475 Cluniacensi
666 1449 795 1479 mandat,
813 1451 961 1483 quatenus
981 1447 1204 1482 archiepiscopo
1225 1448 1274 1473 Ta-

287 1496 477 1526 rentasiensi,
507 1496 670 1530 prioratum
687 1497 713 1523 S.
740 1497 816 1522 Petri
841 1497 875 1522 de
893 1496 1047 1527 Alavardo,
1072 1495 1275 1522 Cluniacensis

286 1544 409 1575 ordinis,
425 1544 559 1570 conserat
572 1548 600 1570 et
614 1544 754 1578 assignet.
772 1545 848 1570 «Rae.
863 1546 907 1574 25,
926 1552 950 1570 a.
966 1544 1044 1575 lll,c.
1062 1543 1135 1574 763¹,
1156 1543 1174 1569 s.
1192 1545 1275 1573 1032>

331 1649 346 1663 «
369 1660 390 1666 ..
416 1634 529 1666 abbati
555 1633 782 1665 Cluniacensi.
810 1635 890 1670 Quia
910 1635 996 1665 inter
1019 1635 1155 1666 devotos
1173 1635 1276 1676 Apos-

286 1692 384 1723 tolice
406 1692 510 1730 Sedis,
533 1691 655 1732 aliquos
686 1694 818 1733 propter
843 1691 968 1732 majora
998 1691 1139 1732 ipsorum
1163 1692 1277 1722 merita

288 1749 427 1779 uberiori
450 1748 621 1789 complecti
632 1748 977 1781 dilectionetenemur,
998 1748 1096 1789 digne
1117 1748 1276 1785 illis,cum

285 1808 319 1836 et
338 1805 411 1836 aliis
433 1805 561 1846 benigni
582 1809 614 1835 et
631 1805 759 1846 propitii
782 1805 975 1842 existamus,
1015 1804 1152 1835 benivoli
1175 1805 1277 1845 magis

285 1865 318 1893 et
339 1861 537 1892 favorabiles
558 1861 754 1898 invenimur,
778 1861 872 1891 immo
894 1872 932 1891 ne
953 1864 1068 1892 noster
1087 1862 1174 1892 circa
1195 1862 1276 1892 tales

286 1919 443 1949 fecundus
476 1917 613 1949 affectus
645 1918 810 1949 defectum
835 1918 973 1959 aliquem
1000 1919 1030 1948 in
1051 1917 1172 1949 effectu
1203 1929 1277 1949 eon-

287 1976 402 2009 tineat,
423 1974 527 2006 sed-in
542 1975 595 2005 illo
613 1974 774 2005 exuberet
792 1975 830 2005 ad
846 1974 1041 2015 profectum,
1057 1975 1220 2010 convenit,
1244 1977 1277 2005 ut

287 2032 441 2072 congruis
478 2032 564 2072 ipsos
598 2031 772 2061 honoribus
799 2031 989 2062 studeamus
1015 2031 1180 2068 attollere,
1215 2042 1275 2062 non

287 2089 386 2119 solnm
411 2088 515 2128 gratie
546 2092 658 2118 nostre
679 2087 737 2118 sibi
767 2088 924 2128 gremium
959 2098 1051 2118 manu
1084 2087 1275 2128 explicando

287 2144 446 2183 munifica,
471 2154 582 2175 verum
609 2145 706 2175 etiam
725 2154 823 2185 penes
841 2144 922 2175 alios
943 2155 1052 2175 eorum
1075 2144 1274 2175 commodum

286 2200 466 2233 affectuoso
495 2201 600 2231 studio
628 2201 842 2241 procurando.
866 2201 947 2237 Quia
964 2201 1062 2241 igitur
1082 2201 1276 2232 venerabilis

286 2258 390 2289 frater
428 2261 565 2288 noster..
604 2258 868 2299 archiepiscopus
897 2259 1157 2290 'l'arautasiensis
1187 2260 1277 2289 tanta

286 2315 373 2345 cirea
400 2314 578 2344 Romanam
600 2314 776 2345 Ecclesiam
793 2315 934 2355 puritate
956 2315 1076 2356 pollere
1096 2315 1276 2346 devotionis

286 2373 319 2402 et
339 2370 411 2401 fidei
429 2370 602 2410 reperitur,
627 2371 709 2410 quod
729 2373 821 2402 recte
840 2376 986 2402 meretur
1005 2374 1039 2402 et
1055 2371 1152 2402 multe
1173 2371 1276 2402 laudis

286 2426 392 2458 attolli
412 2427 562 2467 preconio
583 2429 615 2457 et
631 2427 753 2468 copiosi
773 2428 914 2458 muneris
935 2427 1154 2469 magnitudine
1176 2428 1276 2459 hono-

287 2484 363 2519 rari,
392 2493 447 2513 nos
476 2483 533 2513 hec
566 2493 627 2514 11011
652 2483 783 2523 indigne
811 2488 998 2524 pensantes,
1029 2484 1276 2515 considerantes

287 2541 399 2575 etiam,
422 2540 504 2580 quod
531 2541 570 2571 de
599 2540 808 2582 proventibus
838 2541 904 2571 suis
932 2540 1274 2582 arcl1iepiscopalibus,

289 2599 381 2638 prout
403 2596 498 2627 decet
530 2596 723 2637 dignitatem
756 2597 1066 2638 archiepiscopalem
1096 2597 1275 2628 sustentari

289 2662 348 2683 non
378 2655 496 2693 potest,
528 2663 565 2683 ac
589 2653 736 2684 volentes
765 2656 898 2694 propter
915 2654 976 2684 hoc
1003 2653 1063 2683 sibi
1092 2664 1148 2694 per
1170 2658 1212 2692 te,
1236 2653 1275 2684 de

287 2709 379 2749 cujus
406 2709 591 2749 specialiter
617 2709 836 2741 benivolentia
860 2713 892 2741 et
913 2709 1109 2740 liberalitato
1130 2709 1272 2746 confidit,

287 2765 424 2806 alicujus
439 2766 628 2806 provisionis
644 2767 748 2805 gratia
761 2766 935 2800 subveniri,
946 2766 1175 2797 discretionem
1187 2768 1273 2797 tuam

290 2832 466 2859 monemus,
491 2832 641 2860 rogamus
661 2826 694 2853 et
712 2823 879 2853 hortamur
901 2824 1038 2859 attente,
1067 2823 1270 2857 mandantes,

289 2878 439 2917 quatinus
461 2877 634 2908 attendens
655 2878 787 2919 provide
806 2880 886 2919 quod
905 2889 962 2920 per
976 2879 1079 2920 ipsum
1097 2879 1274 2919 archiepis-

287 2943 413 2974 copum,
436 2944 506 2964 cum
535 2935 577 2965 sit
598 2935 744 2975 potentia
764 2938 797 2966 et
821 2936 982 2975 dignitate
999 2935 1155 2973 sublimis,
1175 2934 1274 2965 multa

1327 1325 1453 1356 tenoris
1475 1326 1610 1364 existat,
1625 1336 1684 1367 per
1700 1336 1793 1365 quam
1817 1326 2026 1367 presentibus
2045 1336 2105 1358 non
2127 1336 2318 1367 expressam

1327 1384 1382 1412 aut
1403 1381 1550 1413 totaliter
1572 1392 1634 1413 non
1656 1383 1811 1413 insertam
1834 1382 2018 1424 hujusmodi
2041 1383 2149 1423 gratia
2170 1382 2318 1424 impediri

1328 1439 1435 1470 valeat
1445 1439 1495 1469 vel
1509 1437 1645 1472 differri.
1658 1442 1691 1470 et
1703 1443 1826 1470 statuto
1839 1439 1981 1480 quolibet
1992 1439 2092 1480 ipsius
2101 1438 2318 1480 ordinisjura-

1329 1498 1437 1526 mento
1464 1495 1597 1533 vallato,
1621 1506 1678 1537 per
1694 1495 1781 1536 'quod
1799 1495 1937 1526 forsitan
1954 1494 2154 1537 prohibetur,
2177 1505 2216 1526 ne
2236 1495 2321 1536 prio-

1329 1555 1418 1582 ratus
1450 1552 1633 1593 hujusn‘iodi
1666 1552 1817 1593 personis
1853 1552 2053 1582 secularibus
2087 1551 2317 1588 murex-autum

1330 1609 1473 1639 sciturus
1506 1608 1588 1649 quod
1614 1608 1643 1639 id
1666 1610 1794 1648 gratum
1823 1608 1914 1639 nobis
1935 1609 1997 1639 erit
2018 1609 2187 1650 plurimum
2210 1611 2243 1639 et
2265 1618 2320 1638 ac-

1329 1668 1470 1706 ceptum,
1493 1665 1567 1705 quin
1588 1665 1684 1695 11111110
1704 1676 1742 1695 eo
1759 1666 1884 1706 gratius
1901 1665 1962 1695 hoc
1982 1664 2169 1696 habebimus
2197 1674 2258 1706 quo
2278 1674 2320 1695 ex

1329 1722 1503 1753 devotione
1532 1722 1708 1763 procedere
1737 1722 1898 1753 videbitur
1918 1722 2046 1763 potiori,
2065 1725 2154 1752 certo
2182 1731 2319 1762 namque

1302 1777 1303 1802 ἶ
1329 1781 1524 1819 argumento
1534 1779 1744 1816 monstrabis,
1754 1778 1836 1819 quod
1849 1778 2029 1809 mnltumad
2041 1788 2099 1809 nos
2113 1778 2319 1809 devotionem

1329 1839 1361 1866 et
1384 1835 1562 1877 predictum
1585 1835 1864 1876 archiepiscopum
1892 1835 2115 1866 sinceritatem
2137 1834 2270 1873 habeas,
2293 1835 2319 1865 si

1329 1895 1440 1923 nostro
1461 1893 1490 1922 in
1513 1892 1573 1923 hac
1591 1895 1682 1934 parte
1703 1891 1837 1923 affectui
1857 1892 2020 1923 studueris
2040 1890 2159 1922 effectu
2177 1901 2320 1923 consono

1329 1949 1540 1987 concordare,
1563 1952 1595 1980 et
1617 1952 1651 1980 ut
1671 1949 1710 1980 ‹le
1727 1952 1840 1980 nostra
1859 1959 1957 1990 super
1978 1949 2039 1979 hoc
2065 1949 2231 1979 voluntate
2250 1948 2319 1989 ple-

1329 2007 1399 2036 nius
1409 2006 1465 2036 tibi
1483 2008 1626 2043 constet,
1644 2006 1735 2036 firma
1751 2008 1866 2036 teneas
1880 2005 2086 2042 credulitate,
2105 2004 2188 2045 quod
2197 2004 2318 2035 exinde

1329 2073 1385 2093 nos
1412 2063 1442 2093 in
1471 2063 1535 2093 tuis
1556 2066 1588 2094 et
1619 2062 1808 2093 monasterii
1836 2062 1880 2092 tui
1903 2062 2039 2102 agendis
2064 2061 2186 2093 senties
2215 2061 2318 2102 magis

1328 2119 1526 2150 favorabiles
1545 2122 1578 2150 et
1596 2119 1752 2160 benignos
1769 2122 1802 2150 et
1821 2118 2020 2151 studebimus
2040 2119 2138 2149 etiam
2159 2118 2239 2149 alias
2261 2117 2318 2148 tibi

1329 2178 1360 2207 et
1384 2176 1445 2217 ipsi
1467 2177 1676 2214 monasterio,
1699 2176 1830 2217 cognita
1851 2176 1880 2206 in
1893 2176 1952 2206 hoc
1974 2175 2020 2206 tui
2042 2175 2139 2205 animi
2161 2174 2314 2216 puritate,

1328 2235 1423 2273 grata
1466 2232 1687 2263 vicissitudine
1724 2232 1933 2274 respondere.
1960 2231 2107 2271 Alioquin
2139 2230 2317 2262 venerabili

1329 2290 1422 2320 fratri
1444 2292 1582 2320 nostro..
1609 2289 1762 2330 episcopo
1783 2288 2084 2330 Grationopolitano
2103 2287 2224 2319 litteris
2245 2297 2316 2318 nos-

1329 2347 1387 2377 tris
1413 2346 1625 2387 iniungimus,
1649 2347 1682 2376 ut
1702 2345 1770 2386 ipse
1800 2356 1856 2386 per
1888 2355 1922 2375 se
1947 2345 1999 2375 vel
2024 2354 2081 2385 per
2106 2344 2202 2374 alium
2227 2353 2316 2374 man—

1328 2403 1437 2433 datum
1467 2412 1564 2443 super
1589 2402 1648 2432 hoc
1670 2401 1884 2442 apostolicum
1908 2402 2099 2441 exequatur.
2126 2399 2316 2432 Contradic-

1328 2462 1416 2490 tores
1447 2463 1512 2489 etc.
1547 2477 1600 2489 —.
1632 2458 1747 2489 Datum
1774 2457 1922 2491 Viterbii,
1945 2458 1972 2488 ll
2000 2466 2100 2488 nonas
2119 2455 2312 2494 decembris,

1328 2526 1411 2547 anno
1430 2516 1539 2547 tertio.
1567 2528 1580 2542 n

1396 2687 1499 2714 2382
1816 2688 1942 2719 Viterbe,
1959 2691 1974 2715 3
1991 2688 2146 2715 decembre
2166 2688 2241 2714 ¹257.

1363 2797 1506 2830 Episcopo
1521 2796 1791 2830 Gratianopolitano
1806 2796 1936 2828 mandat,
1951 2799 2097 2830 quatenus
2110 2795 2132 2821 si
2146 2794 2314 2829 praedictus

1325 2844 1417 2870 abbas
1438 2844 1643 2870 Cluniacensis
1662 2844 1833 2870 mandatum
1854 2843 2049 2877 apostolieum
2075 2850 2164 2876 super
2185 2842 2240 2868 hoc
2260 2849 2313 2868 ne-

1326 2891 1449 2926 glexerit
1475 2892 1652 2925 adimplere,
1674 2891 1736 2925 ipse
1767 2891 1839 2917 illud
1868 2893 2039 2925 exequatur.
2062 2891 2200 2921 11111125,
2222 2897 2246 2915 a.
2266 2889 2312 2918 ΙΙΙ,

1327 2938 1437 2970 071332,
1455 2938 1473 2964 1.
1490 2939 1562 2972 104.)
