2477 3512
959 299 1230 346 CINQUIEME
1256 300 1422 337 ANNEE
2206 308 2246 340 13

130 425 142 442 «
157 413 269 445 bitero
289 413 454 444 Johanne
475 413 517 444 de
537 412 709 449 Gaibana,
731 412 883 452 Symone
903 411 985 443 olim
1005 411 1131 453 Nigris,

129 478 141 495 α
155 466 227 497 filio
250 466 292 497 de
314 466 419 497 Costa
440 465 547 497 Asina
569 466 611 497 de
632 464 820 500 Plasentia,
843 464 971 501 Marco,
994 464 1128 501 clerico,

128 518 325 551 «servitore
371 518 621 550 canonicorum
666 518 919 549 paduanorum
964 520 999 548 et
1044 517 1129 554 aliis,

128 571 351 613 «capitulum
380 571 593 602 Paduanum
622 580 717 602 more
747 570 849 602 solito
879 572 1130 611 congregatum

128 624 305 656 «scilicet:
338 624 393 655 vir
412 623 622 655 venerabilis
654 623 816 655 dominus
851 623 986 659 Petrus,
1020 623 1131 654 archi-

127 677 336 719 «presbiter,
363 679 398 709 et
425 676 558 708 domini
584 676 792 717 Raynerius,
818 676 1028 707 Thomasius
1051 676 1129 707 Bel-

127 731 258 766 «lotus,
297 730 568 761 Bartholomeus
608 729 767 765 Grassus,
810 729 993 761 Lodoisius
1033 729 1128 761 Guil-

127 796 139 812 «
155 783 288 819 lelmus,
307 783 516 815 Aleardinus
535 782 741 814 Franciscus
759 783 800 813 de
821 782 990 819 Cartaria,
1010 782 1131 815 Alber-

127 836 261 873 «tinus,
288 835 565 872 archidiaconus,
592 838 626 867 et
652 835 853 872 Percivalle,
881 845 1001 867 omnes
1026 845 1130 867 cano-

127 889 222 920 «nici
258 888 429 925 Paduani,
466 889 634 925 fecerunt,
673 888 935 920 constituerunt
969 891 1004 919 et
1039 889 1130 919 ordi-

127 945 332 974 «naverunt
358 942 541 973 (lominum
565 942 805 979 Aleardinum,
831 941 1041 973 canonicum
1065 942 1131 973 Pa-

128 1007 139 1023 «
156 996 324 1031 duanum‚
377 995 621 1036 presbiterum,
673 995 874 1027 ,Iohannem
925 994 1129 1032 Grizudum,

128 1048 432 1079 «mansionarium
456 1048 598 1089 majoris
620 1048 760 1079 ecclesie
785 1048 962 1083 Paduaue,
987 1050 1022 1079 ct
1044 1048 1130 1079 Leo-

126 1102 304 1133 «nardum
353 1101 494 1138 Scirem,
541 1101 700 1142 ejusdem
746 1100 887 1133 ecclesie
933 1101 1127 1138 custodem,

128 1166 140 1182 «
156 1157 345 1196 presentes,
365 1164 445 1186 suos
462 1157 495 1186 et
515 1154 660 1196 capituli
678 1154 926 1186 canonicorum
946 1155 1130 1185 Paduano-

126 1217 231 1238 «rum
256 1207 410 1243 nuntios,
436 1210 681 1249 procuratores
705 1210 740 1239 et
764 1207 928 1248 syndicos
952 1207 1128 1249 speciales,

127 1273 138 1288 «
153 1270 274 1292 omnes
291 1260 431 1292 insimul
448 1263 482 1291 et
501 1261 695 1301 quemlibet
711 1270 832 1292 eornm
848 1260 1050 1302 separatim,
1069 1270 1129 1302 per

125 1326 137 1341 «
152 1323 186 1345 se
220 1316 255 1345 et
287 1313 321 1344 in
355 1313 517 1349 solidum,
553 1314 596 1345 ad
630 1313 831 1345 faciendum
863 1323 981 1345 coram
1014 1314 1128 1355 priore

125 1366 273 1397 «Sancti
305 1366 498 1398 Salvatoris
529 1367 571 1398 de
603 1366 768 1403 Venetiis,
802 1366 942 1397 nomine
973 1366 1129 1407 ipsorum

126 1422 187 1451 «et
216 1429 278 1460 pro
307 1419 391 1460 ipsis
420 1422 456 1451 et
485 1419 640 1460 capitulo
670 1422 703 1451 et
734 1419 910 1451 canonicis
939 1419 1127 1456 Paduanis,

125 1472 258 1514 «priori
285 1475 321 1504 et
348 1472 540 1504 conventui
567 1472 694 1504 Sancte
722 1472 830 1504 Marie
857 1473 899 1504 de
927 1472 1128 1514 Virginibus

128 1538 140 1554 «
155 1526 197 1557 de
217 1525 373 1557 Venetiis
393 1535 519 1567 puram
539 1527 574 1556 et
593 1525 741 1557 liberam
761 1525 951 1557 cessionem
973 1525 1015 1557 de
1035 1526 1130 1557 omni

125 1578 224 1615 «lite,
268 1588 384 1615 causa,
429 1578 613 1620 questione
655 1588 715 1610 seu
758 1578 999 1610 controversia
1042 1589 1130 1620 quas

125 1631 269 1673 «ipsum
297 1631 493 1673 capitulum
521 1631 576 1663 vel
605 1631 730 1673 aliquis
758 1641 818 1663 seu
847 1631 955 1673 aliqui
984 1632 1026 1663 de
1053 1632 1129 1674 ipso

126 1684 308 1726 «capitulo
339 1684 549 1726 generaliter
578 1684 651 1716 sive
682 1684 880 1726 specialiter
910 1685 1044 1717 habent
1073 1685 1130 1717 vel

125 1750 136 1766 «
152 1738 280 1769 habere
322 1740 466 1780 possent
508 1738 625 1779 aliquo
670 1740 827 1780 tempore
872 1738 907 1770 in
955 1738 1128 1776 futurum,

126 1791 335 1823 «occasione
358 1790 575 1823 decimarum
599 1801 657 1823 seu
683 1791 815 1823 decime
838 1791 1008 1823 tredecim
1031 1802 1130 1824 man-

125 1854 270 1876 «sorum
290 1846 378 1875 terre
397 1844 546 1876 sitorum
564 1844 600 1875 in
619 1844 747 1876 diocesi
767 1845 948 1881 Paduana,
968 1847 1130 1887 spectan-

125 1910 135 1925 «
151 1897 240 1928 tium
260 1897 332 1928 sive
351 1897 605 1938 pertinentium
625 1898 668 1929 ad
689 1897 840 1939 priorem
858 1900 893 1929 et
912 1901 1129 1930 conventum

123 1950 279 1982 «Sancte
321 1950 432 1981 Marie
474 1951 516 1981 de
558 1950 759 1991 Virginibus
801 1951 843 1982 de
886 1951 1050 1988 Venetiis,
1093 1955 1129 1983 et

125 2004 388 2045 «dampnorum
422 2006 457 2034 et
489 2003 700 2044 injuriarum
734 2003 799 2035 sibi
832 2006 868 2035 et
902 2004 1058 2046 capitulo
1092 2007 1128 2036 et

124 2056 329 2088 «canonicis
350 2056 529 2088 Paduanis
551 2066 570 2088 a
592 2056 738 2098 prefatis
760 2056 873 2098 priore
895 2059 931 2089 et
949 2060 1128 2089 conventu

123 2109 330 2141 «illatorum
358 2112 393 2141 et
421 2109 611 2146 illatarum,
642 2112 678 2141 et
707 2110 751 2141 ad
781 2110 1064 2151 promittendum
1093 2114 1128 2143 et

123 2162 381 2204 «obligandum
412 2162 516 2204 priori
547 2165 580 2194 et
611 2163 803 2195 conventui
834 2163 980 2205 prefatis
1010 2164 1128 2196 omnia

123 2216 243 2247 «bona
272 2225 335 2248 sua
363 2218 398 2247 et
426 2216 572 2257 capituli
601 2218 636 2247 et
664 2216 914 2248 canonicorum
942 2217 1130 2249 Paduano-

123 2279 239 2306 «rum,
286 2269 381 2310 quod
426 2269 698 2310 archipresbiter
741 2272 779 2301 et
823 2270 1022 2311 capitulum
1067 2273 1130 2302 aut

122 2322 277 2364 «aliquis
309 2322 363 2353 vel
396 2322 504 2364 aliqui
538 2323 580 2354 de
613 2322 688 2364 ipso
721 2323 887 2364 capitulo,
921 2324 1129 2365 generaliter

122 2378 184 2406 «et
215 2375 422 2416 specialiter,
455 2385 517 2416 per
551 2385 587 2407 se
617 2375 672 2407 vel
704 2385 765 2417 per
797 2376 905 2407 alium
936 2379 999 2408 aut
1030 2377 1125 2414 alios,

123 2428 296 2469 «prefatis
326 2428 431 2469 priori
462 2430 498 2460 et
527 2429 719 2460 conventui
749 2431 812 2460 aut
842 2429 944 2461 alicui
975 2439 1036 2471 pro
1067 2430 1126 2467 eis,

123 2481 184 2512 «in
212 2481 343 2522 judicio
372 2484 407 2512 et
434 2483 535 2513 extra
562 2481 735 2522 judicium
765 2491 833 2513 non
862 2482 1059 2514 movebunt
1087 2484 1129 2515 de

122 2537 264 2566 «cetero
293 2543 397 2576 super
425 2534 568 2566 decimis
597 2544 657 2565 seu
684 2535 761 2575 jure
789 2535 1032 2567 decimationis
1061 2539 1129 2568 tre-

122 2601 133 2616 «
152 2587 263 2620 decim
291 2597 493 2619 mansorum
520 2590 611 2618 terre
637 2588 695 2629 qui
724 2598 815 2620 nunc
841 2591 936 2625 sunt,
963 2591 1128 2630 spectant

123 2643 185 2672 «ct
215 2640 393 2682 pertinent
423 2641 467 2672 ad
498 2640 649 2682 priorem
678 2644 713 2672 et
743 2644 960 2673 conventum
990 2652 1049 2674 seu
1081 2643 1125 2674 ad

123 2707 134 2722 «
151 2694 332 2726 ecclesiam
351 2694 478 2725 Sancte
496 2693 604 2725 Marie
622 2694 664 2725 de
682 2694 883 2736 Virginibus
901 2695 942 2727 de
961 2695 1127 2732 Venetiis,

124 2747 256 2789 «priori
287 2750 323 2778 et
353 2747 545 2778 conventui
577 2747 723 2788 prefatis
755 2748 986 2789 questionem,
1019 2752 1055 2780 et
1085 2750 1129 2781 ad

123 2800 433 2842 «promittendum
464 2803 499 2832 et
530 2801 759 2841 obligandum
792 2802 884 2833 bona
915 2802 1061 2843 capituli
1094 2806 1130 2834 et

124 2853 403 2886 «canonicorum
440 2854 693 2885 paduanorum
728 2855 834 2896 priori
869 2858 905 2886 et
941 2857 1133 2888 conventui

123 2916 135 2932 <¹
151 2907 246 2949 quod
276 2906 315 2943 si,
349 2909 428 2948 post
459 2907 592 2938 saetam
623 2907 825 2944 cessionem,
858 2908 1130 2950 archipresbiter

123 2972 135 2988 «
151 2962 186 2991 et
207 2959 403 3001 capitulum
426 2960 480 2992 vel
504 2959 630 3001 aliquis
652 2970 784 2997 corum,
808 2971 870 3002 per
891 2971 926 2993 se
948 2962 1003 2993 vel
1028 2962 1123 2999 alios,

122 3013 326 3045 «movendo
371 3013 419 3045 eis
464 3014 645 3045 occasione
690 3014 866 3046 dictarum
911 3015 1126 3047 decimarum

1240 412 1425 454 «aliquam
1463 412 1684 454 questionem
1721 421 1781 444 seu
1823 413 2109 451 controversiam,
2149 414 2242 455 quod

1239 465 1540 506 «archipresbiter
1584 468 1620 497 et
1665 463 1862 506 capitulum
1906 464 2095 497 restituent
2139 466 2243 507 priori

1238 520 1301 549 «et
1340 518 1532 549 conventui
1572 518 1690 550 omnia
1729 518 1886 559 dampna
1925 519 1960 548 et
1998 527 2170 559 expensas
2208 522 2243 551 et

1238 571 1452 612 «quodlibet
1488 571 1655 602 interesse
1691 580 1770 612 que,
1808 570 2013 611 hujusmodi
2050 571 2241 609 occasione,

1238 624 1359 665 «prior
1384 627 1419 655 et
1444 626 1643 656 conventus
1666 623 1829 655 incurent
1852 623 1908 655 vel
1932 623 2115 661 haberent,
2140 627 2176 656 et
2200 626 2243 657 ad

1237 676 1508 718 «recipiendum
1550 676 1743 708 cessionem
1783 676 1924 708 nomine
1964 676 2245 719 archipresbiteri

1238 732 1301 761 «et
1327 730 1475 772 capituli
1501 732 1537 761 et
1564 729 1815 761 canonicorum
1842 730 2095 761 paduanorum
2120 733 2156 762 et
2182 740 2244 772 pro

1239 795 1251 811 «
1267 783 1351 824 ipsis
1370 792 1389 814 a
1410 783 1523 824 priore
1542 785 1578 814 et
1597 784 1776 814 conventu
1796 782 1924 814 Sancte
1944 782 2053 814 Marie
2072 783 2114 814 de
2134 783 2244 825 Virgi-

1236 848 1248 864 «
1266 835 1379 872 nibus,
1402 836 1444 867 de
1468 835 1563 867 omni
1583 835 1644 866 lite
1665 838 1700 866 et
1721 835 1905 877 questione
1925 845 1983 867 seu
2005 837 2243 869 controversia

1235 898 1354 930 «quas
1382 889 1476 930 prior
1502 891 1538 920 et
1563 890 1761 920 conventus
1787 888 1842 920 vel
1869 888 1996 931 aliquis
2023 898 2085 930 pro
2112 889 2243 922 eisdem

1237 942 1400 973 «habent
1439 951 1498 973 seu
1539 942 1668 973 habere
1707 944 1851 982 possent
1890 943 2014 973 contra
2054 941 2246 984 archipres-

1238 1007 1249 1022 «
1266 994 1420 1026 biterum
1447 997 1483 1026 et
1510 994 1709 1036 capitulum
1735 994 1792 1025 vel
1817 994 1953 1036 aliquos
1980 994 2023 1026 de
2048 994 2124 1036 ipso
2151 995 2245 1037 capi-

1237 1059 1249 1076 «
1267 1048 1352 1085 tulo,
1393 1048 1575 1079 occasione
1600 1057 1660 1079 seu
1691 1049 1857 1089 pretextu
1882 1047 2096 1084 ablatorum,
2123 1048 2247 1090 damp-

1237 1110 1392 1132 «norum
1423 1103 1459 1132 et
1489 1100 1701 1142 injuriarum
1732 1110 1772 1132 ac
1804 1100 1914 1132 etiam
1945 1110 2180 1142 expensarum
2210 1104 2245 1133 et

1237 1154 1442 1189 «interesse,
1476 1156 1512 1185 et
1544 1154 1587 1185 ad
1622 1153 1822 1185 faciendam
1853 1153 2118 1186 restitutionem
2149 1154 2245 1186 abla—

1237 1209 1384 1238 «torum
1422 1206 1496 1238 sive
1535 1206 1807 1238 extimationem
1845 1216 1967 1238 eorum
2005 1206 2242 1239 exhibendam

1237 1260 1407 1291 «nomine
1437 1259 1720 1301 archipresbiteri
1749 1261 1785 1290 et
1814 1259 1961 1301 capituli
1990 1259 2244 1292 Paduanorum

1237 1316 1300 1345 «et
1324 1322 1385 1354 pro
1410 1312 1503 1354 ipsis,
1529 1313 1556 1344 si
1581 1312 1675 1354 prior
1697 1315 1733 1344 et
1756 1315 1955 1344 conventus
1978 1313 2244 1354 acceptaverint

1237 1378 1249 1395 «
1266 1366 1385 1408 potius
1407 1366 1529 1397 ablata
1551 1365 1617 1397 sibi
1638 1365 1778 1397 restitui
1801 1375 1909 1407 quam
1931 1365 2123 1398 cessionem
2144 1375 2246 1408 supe-

1238 1419 1336 1451 «rius
1379 1421 1626 1455 memoratam,
1672 1418 1926 1460 promittentes
1969 1428 2004 1450 se
2047 1421 2167 1451 ratum
2210 1421 2246 1451 et

1238 1473 1409 1504 «firmum
1441 1472 1568 1503 habere
1601 1474 1636 1503 et
1668 1481 1737 1503 non
1770 1474 1893 1503 contra
1924 1471 2043 1503 venire
2074 1471 2243 1514 quicquid

1237 1525 1351 1557 «dicti
1400 1525 1514 1556 nuntii
1559 1527 1814 1566 procuratores,
1859 1524 1996 1565 syndici
2040 1525 2145 1557 ambo
2188 1525 2244 1556 vel

1238 1588 1398 1615 «omnes,
1434 1578 1538 1609 simul
1572 1577 1629 1609 ve}
1663 1577 1753 1609 alter
1787 1587 1909 1609 eorum
1943 1577 2146 1619 separatim,
2183 1587 2245 1619 per

1236 1641 1300 1663 «se
1330 1631 1365 1662 in
1396 1630 1573 1673 premissis
1603 1634 1639 1662 et
1670 1630 1760 1662 circa
1793 1629 1962 1672 premissa
1993 1630 2160 1662 duxerint
2189 1631 2245 1662 vel

1236 1684 1409 1716 «duxerit
1444 1684 1658 1716 faciendum.
1696 1684 1828 1715 Actum
1863 1686 1917 1715 est
1952 1683 2018 1716 hoc
2054 1683 2175 1716 Padue
2210 1684 2245 1715 in

1236 1737 1391 1779 «majori
1424 1737 1569 1769 ecclesia
1602 1737 1773 1768 Paduana
1804 1737 1839 1768 in
1872 1736 1974 1778 pleno
2008 1736 2175 1778 capitulo.

1283 1804 1295 1820 ι(
1325 1791 1399 1832 Ego
1430 1790 1612 1822 Joliannes
1641 1790 1683 1821 de
1712 1790 1916 1831 Butrigello,
1946 1789 2137 1832 imperialis
2167 1790 2245 1822 aule

1236 1844 1433 1881 «notarius,
1463 1843 1607 1877 interfui
1635 1845 1670 1875 et
1697 1843 1797 1884 jussu
1825 1853 1948 1875 eorum
1976 1843 2039 1875 hec
2067 1843 2200 1885 scripsi.
2231 1856 2243 1872 »

1282 1910 1294 1925 «
1326 1897 1550 1929 Constitutus
1580 1896 1615 1927 in
1647 1896 1823 1938 presentia
1854 1896 1919 1927 viri
1951 1895 2101 1937 religiosi
2133 1896 2241 1928 donni

1236 1950 1395 1987 «Savini‚
1439 1949 1562 1991 prioris
1604 1949 1724 1981 Sancti
1766 1949 1960 1981 Salvatoris
2002 1949 2044 1980 de
2084 1949 2242 1980 Venetiis

1236 2013 1389 2045 «puram
1435 2005 1470 2034 et
1515 2002 1662 2034 liberam
1722 2002 1806 2034 fecit
1853 2002 2047 2033 cessionem
2095 2001 2242 2033 domino

1237 2056 1411 2092 «jacobo,
1444 2055 1559 2097 priori,
1592 2058 1627 2087 et
1657 2055 1849 2087 conventui
1879 2055 2084 2086 monasterii
2114 2055 2242 2086 Sancte

1237 2110 1373 2141 «Marie
1401 2110 1443 2140 de
1471 2108 1672 2150 Virginibus
1700 2109 1743 2140 de
1771 2108 1938 2145 Venetiis,
1967 2108 2101 2139 habens
2129 2108 2244 2139 dictus

1237 2163 1428 2194 «dominus
1455 2162 1665 2193 Aleardinus
1692 2162 1735 2193 ad
1764 2162 1829 2193 hoc
1856 2161 2005 2203 speciale
2031 2161 2244 2193 mandatum

1236 2229 1248 2245 «
1264 2216 1308 2248 ab
1348 2215 1431 2257 ipsis
1468 2215 1760 2256 archipresbitero
1797 2217 1833 2246 et
1869 2214 2026 2256 capitulo
2064 2213 2244 2246 Paduanis

1236 2270 1307 2301 «de
1334 2268 1430 2300 omni
1456 2268 1528 2305 lite,
1558 2278 1676 2305 causa,
1705 2268 1890 2310 questione
1916 2278 1976 2299 seu
2004 2267 2243 2299 controversia

1236 2332 1352 2363 «quas
1388 2322 1505 2363 ipsum
1541 2321 1738 2362 capitulum
1774 2320 1829 2352 vel
1866 2321 1992 2363 aliquis
2027 2330 2088 2352 seu
2124 2320 2244 2362 aliqua

1236 2388 1247 2403 ι(
1263 2376 1305 2406 (16
1350 2375 1425 2416 ipso
1471 2375 1627 2416 capitulo
1673 2373 1884 2415 generaliter
1929 2374 2002 2405 sive
2047 2373 2245 2416 specialiter

1236 2428 1397 2459 «habent
1431 2427 1486 2458 vel
1521 2427 1648 2458 habere
1683 2430 1828 2469 possent
1861 2427 1982 2469 aliquo
2017 2429 2176 2469 tempore
2209 2427 2244 2458 in

1236 2494 1247 2509 «
1264 2482 1426 2513 futurum
1450 2481 1631 2512 occasione
1656 2481 1873 2512 decimarum
1896 2480 1969 2512 sive
1991 2480 2069 2522 jure
2093 2480 2246 2512 decima-

1236 2534 1370 2566 «tionis
1415 2534 1584 2566 tredecim
1631 2543 1836 2565 mansorum
1879 2536 1971 2565 terre
2015 2533 2167 2565 sitorum
2210 2533 2245 2564 in

1237 2588 1393 2619 «diocesi
1432 2588 1601 2619 Paduana
1641 2587 1701 2629 qui
1740 2596 1832 2618 nunc
1871 2589 1965 2623 sunt,
2007 2589 2172 2628 spectant
2209 2588 2245 2617 et

1238 2641 1444 2683 «pertinent
1474 2641 1518 2672 ad
1550 2640 1663 2672 dictos
1692 2640 1845 2682 priorem
1873 2642 1909 2670 et
1938 2641 2156 2671 conventum
2185 2649 2245 2670 scu

1239 2693 1520 2726 «monasterium
1561 2694 1689 2725 Sancte
1729 2693 1837 2724 Marie
1877 2693 1920 2724 de
1959 2692 2163 2733 Virginibus
2204 2692 2245 2723 de

1238 2747 1422 2779 «Venetiis
1450 2747 1510 2789 qui
1540 2747 1581 2778 (le
1611 2746 1759 2788 pecunia
1788 2755 1896 2787 quam
1925 2746 2105 2787 quondam
2136 2744 2245 2776 [elicis

1239 2800 1518 2832 «recordationis
1561 2800 1724 2831 dominus
1768 2799 1954 2840 Gregorius
1997 2808 2089 2840 papa
2135 2797 2243 2829 VIIII

1239 2854 1379 2885 «eidem
1406 2853 1618 2884 monasterio
1646 2853 1770 2883 tribuit
1796 2852 1929 2883 intuitu
1955 2851 2098 2893 pietatis
2124 2851 2246 2893 acqui-

1240 2906 1324 2937 «siti
1353 2906 1529 2943 dicuntur,
1561 2906 1602 2936 (le
1631 2906 1759 2947 quibus
1789 2905 1931 2936 decimis
1960 2914 2019 2936 seu
2048 2905 2124 2945 jure
2153 2904 2245 2936 deci-

1239 2959 1432 2990 «mationis
1476 2959 1567 2990 inter
1610 2959 1786 3000 predictos
1831 2957 2164 2999 archipresbiterum
2207 2960 2243 2989 et

1240 3012 1464 3054 «capitulum
1500 3014 1535 3043 et
1572 3012 1728 3053 prefatos
1764 3012 1915 3054 priorem
1955 3013 1990 3043 et
2025 3012 2245 3042 conventum
