2477 3512
215 256 257 288 68
913 253 1182 287 REGISTRES
1208 251 1562 285 D'ALEXANDRE
1591 252 1639 285 IV

213 360 487 398 «MCCLVIIIL
536 359 730 392 indictione
776 360 942 396 secunda,
990 359 1227 401 pontificatus

214 426 226 442 «
243 413 376 444 domini
396 412 589 445 Alexandri
611 422 700 454 pape
727 412 797 443 llll
821 422 914 443 anno
936 412 1073 453 quinto,
1097 413 1226 444 mensis

213 478 226 494 «
240 467 405 507 augausti
425 467 479 497 dic
499 466 708 497 duodecimo
722 476 728 496 :
742 465 964 506 presentibus
983 465 1091 496 fratre
1109 466 1224 502 l'etro,

215 519 373 551 «abbate
421 519 541 550 Sancti
588 518 782 550 salvatoris
830 518 1044 559 Legercnsis,
1093 518 1225 549 ordinis

213 584 226 601 «
241 572 490 608 Cisterciensis,
509 570 792 612 Pampilonensis
805 571 964 608 diocesis,
978 572 1087 602 fratre
1100 571 1224 602 Arnal-

212 626 296 661 «do,
335 625 508 656 monacho
548 624 707 665 ejusdcm
747 624 962 660 monasterii,
1003 624 1149 656 sacrista
1187 626 1222 655 et

212 678 353 719 «priore
397 677 661 719 capellanorum
705 677 1032 714 'l'erra‹·onensium,
1078 677 1222 708 domino

211 730 379 762 «Andrea
423 730 572 772 Spiliati,
617 729 751 761 domini
794 740 885 772 pape
926 730 1144 762 subdiacono
1186 733 1222 762 et

212 783 458 825 «cappellano,
492 783 662 824 magistro
696 783 838 814 Sanctio
873 783 1017 820 Sam-tii,
1052 783 1221 823 magistro

211 836 345 868 «Petro
370 836 552 874 Sabeterii,
578 836 747 877 magistro
772 836 919 871 «Iacobo,
946 836 1115 868 canonico
1140 837 1221 867 (Ias-

212 889 387 927 «senensi,
419 889 588 930 magistro
621 890 736 926 Petro,
769 889 959 926 scriniario,
995 889 1144 923 testibus
1175 889 1220 921 ad

211 943 301 974 «hec
330 943 472 983 rogatis,
502 946 537 974 et
567 942 790 984 presentibus
819 942 962 974 domino
991 943 1155 984 episcopo
1184 945 1219 974 et

210 996 526 1037 «procuratoribus
561 995 708 1037 capituli
744 995 1036 1037 Pampiloncnsis.
1074 996 1120 1027 lit
1155 1004 1219 1037 ego

209 1048 417 1090 «Bonaspes
444 1049 613 1080 Guiducci
641 1049 682 1080 ‹le
710 1048 863 1085 perusio,
890 1048 1093 1090 Apostolice
1120 1049 1218 1081 Sedis

209 1102 452 1134 «auctoritate
486 1102 656 1138 notarius,
691 1101 834 1133 lectioni
865 1104 901 1133 et
935 1101 1218 1143 pronuntiationi

209 1154 343 1195 «hujus
381 1155 556 1186 sententie
594 1154 687 1186 facte
727 1164 788 1195 per
826 1155 961 1186 dictum
1001 1155 1217 1187 cardinalem

209 1207 382 1239 «interfui
410 1210 445 1239 et
475 1210 515 1239 ut
544 1217 650 1249 supra
680 1208 807 1248 legitur
837 1208 878 1239 de
909 1209 1079 1239 mandato
1110 1208 1218 1250 ipsius

209 1272 222 1289 «
238 1260 371 1292 domini
392 1260 590 1297 cardinalis,
615 1260 735 1302 scripsi
758 1263 793 1292 et
815 1264 959 1302 rogatus
980 1261 1014 1292 in
1038 1261 1217 1303 publicam

208 1326 221 1341 «
235 1313 387 1345 sormam
409 1314 536 1354 redegi.
560 1326 573 1342 >›

254 1366 349 1398 Nulli
372 1369 489 1398 nostre
520 1366 801 1398 confirmationis
831 1370 897 1398 ete.
931 1367 1014 1399 Dat.
1046 1368 1216 1409 Anagnie,

209 1419 275 1451 XV
296 1419 365 1451 kal.
388 1419 553 1456 octobris,
576 1430 668 1451 anno
691 1419 828 1461 quinto.
852 1433 864 1448 »

287 1645 379 1671 2959
677 1647 812 1680 Anagni,
836 1647 872 1673 15
896 1647 1024 1674 octobre
1048 1647 1135 1674 1259.

249 1707 490 1741 Archiepiscopo
512 1708 686 1735 Tholetano
708 1709 839 1735 mandat
861 1711 896 1736 ut
917 1709 1108 1736 sententiam
1129 1717 1218 1744 prae-

208 1751 326 1778 dictam
344 1751 504 1779 observari
522 1752 631 1779 faciat.
651 1753 747 1785 (Rea.
767 1753 815 1785 25,
834 1753 854 1779 f.
875 1754 932 1780 222
952 1757 997 1786 νο,
1017 1761 1066 1780 an.
1087 1754 1123 1786 V,
1143 1754 1217 1788 d.c.)

254 1861 266 1877 «
295 1874 314 1880 ..
344 1849 597 1891 archiepiscopo
628 1850 820 1882 leoletano.
854 1851 950 1883 Inter
976 1852 1215 1884 venerabilem

206 1901 353 1934 fratrem
381 1905 566 1934 nostrum..
596 1903 801 1945 episcopum
831 1904 1151 1946 Pampilonensem,
1181 1908 1217 1937 et

208 1954 434 1995 Peregrinum
471 1966 511 1987 ac
547 1956 732 1993 Thomam,
771 1957 1038 1989 archidiaconos
1074 1958 1216 1990 ecclesie

207 2007 498 2049 Pampilonensis,
537 2009 597 2050 qui
632 2012 718 2041 tune
755 2020 817 2052 pro
854 2011 1144 2052 procuratoribus
1179 2022 1215 2043 se

206 2061 387 2102 gerebant,
410 2071 453 2092 ex
474 2065 575 2103 parte
598 2072 666 2094 una
688 2065 755 2094 etc.
780 2066 819 2094 ut
840 2063 874 2095 in
897 2063 965 2095 alia
986 2064 1103 2095 verbis
1121 2074 1215 2096 com-

206 2116 369 2156 petenter
395 2115 544 2146 mutatis
572 2125 681 2156 usque
710 2126 716 2146 z
746 2116 913 2148 duximus
939 2117 1214 2149 confirmandos.

209 2166 379 2206 Quocirca
430 2168 643 2199 mandamus
694 2169 864 2210 quatinus
914 2171 1130 2202 sententiam
1181 2174 1217 2202 et

207 2228 408 2261 processum
427 2221 569 2252 eosdem
588 2231 649 2263 per
667 2224 701 2253 te
720 2222 775 2253 vel
795 2232 856 2263 per
874 2223 982 2254 alium
1001 2224 1216 2256 auctoritate

207 2275 328 2304 nostra
363 2273 472 2304 t'acias
507 2274 658 2305 firmiter
693 2275 885 2313 observari,
923 2277 1215 2314 contradictores,

208 2324 435 2357 distinctione
455 2336 525 2367 qua
545 2327 723 2364 convenit,
745 2328 982 2370 appellatione
1003 2330 1214 2371 postposita,

208 2379 477 2419 compescando,
518 2389 587 2411 non
627 2380 794 2412 obstante
834 2381 861 2412 si
900 2381 1031 2413 eisdem
1071 2382 1142 2423 regi
1181 2386 1216 2414 et

207 2430 372 2472 episcopo
397 2433 633 2464 communiter
657 2433 712 2464 vel
739 2434 879 2465 divisim
905 2444 924 2466 a
951 2434 1038 2466 Sede
1063 2436 1216 2476 Aposto-

207 2483 274 2515 lica
300 2484 345 2515 sit
371 2484 550 2516 indultum
577 2487 671 2527 quod
700 2486 815 2518 nullus
841 2487 876 2518 in
901 2497 1068 2529 personas
1094 2498 1215 2520 eorum

207 2537 447 2578 suspensionis
485 2541 521 2570 et
560 2540 938 2572 excommunicationis
977 2551 1016 2572 ac
1056 2541 1215 2582 ejusdem

207 2589 297 2631 regis
324 2593 455 2622 terram
483 2591 663 2624 interdicti
691 2594 886 2625 sententias
914 2594 1032 2626 valeat
1061 2596 1215 2636 promul-

207 2651 300 2684 gare,
323 2643 396 2675 sive
418 2643 536 2685 aliqua
557 2645 777 2687 indulgentia
800 2647 898 2678 Sedis
919 2647 1077 2688 ejusdem
1099 2649 1216 2689 cujus-

208 2704 348 2737 cunque
368 2697 500 2729 tenoris
521 2698 651 2730 existat
675 2709 736 2740 per
757 2709 864 2740 quam
885 2701 1046 2732 executio
1069 2703 1216 2734 manda-

208 2743 236 2779 ti
267 2749 379 2780 nostri
409 2760 514 2792 super
543 2751 609 2783 hiis
640 2752 800 2793 impediri
831 2752 950 2785 valeat
982 2754 1035 2785 vel
1068 2755 1213 2793 differri,

209 2804 244 2832 et
268 2801 310 2833 de
335 2811 404 2843 qua
427 2803 462 2834 in
486 2803 613 2835 litteris
636 2805 765 2836 nostris
789 2806 929 2847 plenam
953 2810 987 2838 et
1012 2818 1214 2848 expressam

210 2857 374 2895 oporteat
408 2856 485 2888 sieri
520 2858 747 2894 mentionem,
785 2869 844 2890 seu
881 2860 1136 2891 constitutione
1172 2862 1213 2893 de

211 2907 348 2940 duabus
377 2909 480 2941 dietis
508 2910 603 2942 edita
632 2911 666 2942 in
695 2912 840 2943 concilio
869 2912 1031 2953 generali.
1062 2913 1145 2945 Dat.
1176 2917 1215 2945 ut

210 2959 245 2990 in
265 2960 343 2992 alla.
365 2974 378 2990 ))

1412 357 1501 384 2960
1800 358 1934 392 Anagni‚
1958 359 1995 386 15
2017 358 2145 386 octobre
2168 358 2257 386 1259.

1374 420 1574 447 Patriam-,hae
1596 420 1850 448 Jerosolimitano
1870 422 1903 447 et
1924 421 2143 448 archidiacono
2163 421 2336 448 Acconensi

1334 470 1465 496 mandat
1485 472 1521 496 ut
1541 469 1874 496 excommunicationis
1894 470 2084 496 sententiam
2103 470 2135 497 in
2155 470 2336 504 episcopum

1332 518 1544 544 Nicosiensem
1562 518 1683 545 ratione
1700 518 1867 552 cujusdam
1884 518 2022 545 decimae
2038 518 2137 546 latam
2153 526 2216 546 non
2232 520 2338 546 tenere

1333 567 1530 599 denuntient,
1567 567 1745 594 litterarum
1782 567 1944 601 Stephani,
1981 567 2157 594 Penestrini
2191 566 2338 602 episcopi,

1331 623 1424 650 super
1438 615 1497 642 hoc
1511 616 1669 642 factarum
1683 617 1826 642 tenorem
1840 615 1986 643 inserens.
2004 615 2100 649 (Rea.
2117 615 2166 648 25,
2181 616 2202 642 1.
2218 615 2277 643 222
2291 618 2339 648 νο,

1329 672 1379 692 an.
1400 664 1437 696 V,
1457 672 1482 691 c.
1504 664 1585 698 188.)

1374 799 1387 815 «
1419 812 1438 819 ..
1469 787 1662 829 patriarche
1692 786 1983 824 Jerosolimitano‚
2015 785 2210 828 Apostolice
2240 786 2339 820 Sedis

1327 839 1434 882 leqalo
1459 842 1510 872 et..
1537 840 1776 872 archidiacono
1801 839 2002 872 Acconensi.
2029 839 2085 871 Ex
2109 842 2211 882 parte
2234 849 2340 872 vene·

1328 893 1447 925 rabilis
1486 893 1606 925 fratris
1644 893 1779 925 nostri..
1819 892 2074 935 archiepiscopi
2111 892 2336 930 Nicosiensis.

1327 946 1396 978 fuit
1425 947 1648 988 propositum
1677 957 1794 979 coram
1825 946 1926 978 nobis
1955 946 2062 988 quod,
2092 955 2173 978 cum
2201 946 2338 978 dudum

1327 998 1437 1031 felicis
1469 999 1724 1032 recordationis
1759 999 1987 1032 Innocentius
2019 1008 2124 1041 papa,
2158 999 2338 1041 predeces-

1326 1062 1384 1084 sor
1409 1055 1539 1090 noster,
1566 1052 1830 1084 venerabilibus
1855 1052 2026 1084 fratribus
2053 1052 2183 1084 nostris
2205 1052 2338 1085 archie-

1326 1105 1479 1147 piscopis
1501 1108 1537 1137 et
1559 1105 1732 1148 episcopis
1755 1116 1795 1138 ac
1818 1105 1894 1138 aliis
1917 1105 2061 1147 prelatis
2083 1107 2119 1137 et
2140 1105 2338 1138 rectoribus

1326 1158 1552 1190 ecclesiarum
1576 1159 1672 1199 regni
1697 1159 1789 1201 Cipri
1814 1158 1968 1190 dedisset
1992 1168 2053 1200 per
2075 1158 2213 1190 litteras
2236 1167 2339 1201 apos-

1326 1212 1452 1244 tolicas
1476 1211 1511 1243 in
1536 1212 1717 1244 mandatis
1741 1214 1781 1244 ut
1805 1212 1980 1244 decimam
2005 1211 2165 1243 omnium
2188 1220 2339 1254 proven-

1326 1267 1431 1297 tuum
1468 1265 1787 1297 ecclesiasticorum
1824 1275 1969 1297 suorum
2006 1264 2200 1297 venerabili
2235 1263 2339 1296 fratri

1327 1320 1473 1350 nostro..
1517 1318 1718 1360 patriarche
1759 1318 1984 1350 Antiocheno
2026 1327 2090 1360 pro
2140 1317 2339 1350 munitione

1326 1371 1433 1403 castri
1458 1371 1620 1409 Cursarii,
1646 1381 1708 1414 per
1730 1371 1925 1403 triennium
1948 1371 2168 1408 exhiberent,
2192 1379 2339 1403 venera-

1326 1424 1388 1456 bili
1417 1424 1527 1456 fratre
1558 1427 1678 1456 nostro
1710 1424 1904 1457 Cesariensi
1933 1427 1969 1456 et
1998 1423 2204 1466 supradicto
2234 1423 2339 1456 Nico-

1326 1477 1431 1510 siensi
1452 1478 1724 1520 archiepiscopis
1746 1488 1852 1520 super
1871 1478 1938 1509 hoc
1958 1477 2208 1510 executoribus
2229 1476 2339 1519 depu-

1326 1530 1424 1568 tatis,
1452 1531 1600 1562 tandem
1627 1530 1839 1563 venerabilis
1866 1531 1978 1562 frater
2004 1533 2125 1563 noster
2151 1529 2339 1572 archiepis-

1325 1593 1435 1626 copus
1462 1584 1717 1616 Mamistranus
1743 1584 1799 1616 cui
1826 1584 1942 1616 dictus
1969 1583 2180 1616 Cesariensis
2206 1582 2339 1615 archie-

1326 1637 1493 1679 piscopus
1526 1640 1632 1679 prout
1665 1648 1709 1669 ex
1741 1637 1942 1669 litterarum
1974 1637 2133 1679 ipsarum
2165 1635 2337 1668 beneficio

1326 1693 1479 1732 poterat,
1507 1690 1686 1722 commisit
1712 1700 1818 1733 super
1843 1691 1910 1723 hoc
1936 1690 2098 1722 totaliter
2123 1689 2218 1722 vices
2243 1698 2336 1727 suas,

1325 1753 1483 1775 asserens
1499 1744 1651 1775 eundem
1668 1744 1908 1776 Nicosiensem
1924 1742 2231 1785 archiepiscopum
2246 1741 2338 1775 nolle

1325 1796 1461 1829 solvere
1489 1797 1664 1829 decimam
1693 1797 1948 1839 supradictam,
1977 1797 2014 1828 in
2041 1806 2124 1828 eum
2152 1795 2214 1838 qui
2242 1795 2338 1835 dicto

1325 1850 1559 1882 Mamistrano
1593 1850 1649 1882 vel
1681 1850 1787 1882 alicui
1819 1850 1878 1882 alii
1910 1850 2006 1882 vices
2038 1859 2120 1882 suas
2153 1859 2338 1891 nunquam

1325 1903 1552 1936 commiserat
1569 1903 1605 1934 in
1623 1903 1689 1935 hac
1707 1906 1819 1945 parte,
1840 1904 1882 1935 de
1899 1903 1995 1935 facto
2013 1912 2095 1935 cum
2113 1903 2155 1935 de
2171 1902 2249 1944 jure
2266 1912 2337 1934 non

1325 1959 1456 1999 posset,
1501 1957 1881 1988 excommunicationis
1923 1956 2141 1988 sententiam
2183 1955 2339 1998 promul-

1324 2010 1435 2051 gavit.
1475 2010 1712 2041 Postmodum
1748 2020 1844 2047 vero,
1883 2020 1964 2042 cum
2002 2009 2096 2041 idem
2134 2009 2338 2052 patriarcha

1325 2065 1464 2095 nostras
1494 2063 1538 2094 ad
1568 2062 1831 2095 thesaurarium
1858 2063 2108 2100 Berritensem,
2138 2072 2244 2105 super
2270 2063 2337 2095 hoc

1325 2117 1420 2159 quod
1451 2116 1567 2148 dictus
1597 2116 1810 2148 Nicosiensis
1840 2116 2068 2148 nuntiaretur
2095 2115 2338 2148 excommuni-

1325 2172 1426 2202 catus
1459 2169 1610 2211 publice,
1646 2169 1819 2201 niteretur
1850 2169 1988 2201 litteras
2021 2169 2222 2211 impetrare,
2257 2178 2336 2211 por-

1325 2226 1468 2255 curator
1484 2222 1594 2264 ipsius
1612 2222 1826 2254 Nicosiensis
1843 2222 1975 2254 eisdem
1992 2222 2121 2254 litteris
2137 2222 2173 2254 in
2191 2222 2336 2254 audien-

1324 2276 1375 2308 tia
1406 2275 1546 2318 publica
1576 2275 1834 2312 contradicens,
1866 2275 2024 2307 obtinuit
2052 2285 2072 2308 a
2102 2275 2204 2308 nobis
2231 2285 2336 2307 vene-

1324 2329 1473 2361 rabilem
1509 2329 1657 2360 fratrem
1694 2331 1880 2360 nostrum..
1918 2329 2124 2371 episcopum
2160 2328 2336 2360 Penestri-

1326 2392 1411 2414 num
1452 2382 1488 2413 in
1530 2381 1737 2422 hujusmodi
1780 2381 1922 2423 negotio
1966 2381 2130 2423 deputari
2172 2381 2336 2424 partibus

1326 2435 1537 2472 auditorem,
1572 2435 1643 2476 qui,
1678 2435 1810 2466 auditis
1843 2435 1923 2466 hinc
1956 2435 2038 2466 inde
2064 2434 2265 2476 propositis,
2292 2434 2335 2466 de

1324 2489 1496 2521 mandato
1531 2490 1651 2519 nostro
1685 2491 1720 2519 et
1752 2488 1906 2519 fratrum
1940 2490 2142 2520 nostrorum
2174 2487 2333 2524 concilio,

1324 2541 1521 2574 declaravit
1559 2541 1803 2582 supradictam
1841 2540 2220 2573 excommunicationis
2257 2550 2334 2572 sen-

1323 2595 1476 2628 tentiam
1501 2604 1570 2626 non
1596 2597 1715 2625 tenere
1741 2594 1783 2625 de
1806 2594 1894 2635 jure,
1922 2594 2129 2636 dictumque
2154 2593 2334 2625 Nicosien-

1323 2659 1396 2681 sem
1426 2657 1466 2680 ea
1497 2657 1566 2679 non
1596 2647 1702 2679 fuisse
1732 2647 1894 2688 ligatum,
1925 2650 2031 2689 prout
2060 2647 2095 2678 in
2125 2647 2334 2689 patentibus

1320 2701 1446 2734 litteris
1458 2700 1566 2743 ipsius
1579 2701 1750 2732 auditoris
1762 2700 1931 2732 confectis
1943 2700 2069 2732 exinde
2087 2710 2127 2732 ac
2145 2710 2208 2732 suo
2222 2699 2333 2741 sigillo

1319 2754 1467 2797 signatis
1504 2753 1641 2796 plenius
1679 2754 1892 2785 continetur.
1932 2754 2005 2785 Nos
2049 2753 2181 2795 itaque,
2224 2752 2335 2795 ipsius

1320 2807 1573 2849 archiepiscopi
1599 2807 1811 2838 Nicosiensis
1823 2807 1984 2848 precibus
2002 2805 2173 2843 inclinati,
2186 2806 2334 2838 manda-

1319 2870 1398 2894 mus
1423 2860 1592 2902 quatinus
1616 2869 1679 2891 vos
1690 2860 1745 2891 vel
1757 2859 1846 2891 alter
1863 2862 2022 2891 vestrum
2042 2859 2176 2891 dictam
2193 2868 2334 2891 excom-

1321 2913 1574 2947 municationis
1604 2923 1674 2944 non
1705 2915 1823 2944 tenere
1852 2912 2078 2949 sententiam,
2109 2922 2150 2944 ac
2179 2912 2331 2944 eundem

1321 2966 1626 3008 archiepiscopum
1654 2966 1730 3008 ipsa
1758 2976 1828 2997 non
1857 2965 1964 2997 fuisse
1991 2965 2169 2997 irretitum
2197 2965 2332 2997 denun-
