2477 3512
215 260 258 292 52
914 259 1180 292 REGISTRES
1207 260 1558 292 D’ALEXANDRE
1589 261 1635 292 iv

260 377 272 391 «
294 389 313 396 ..
338 363 456 396 Sancti
480 363 660 395 Burctiarti
684 365 734 396 et..
761 364 877 396 Sancti
903 364 1067 406 Stephani
1090 376 1224 398 monas-

211 419 369 451 teriorum
412 418 606 456 abbatibim,
649 421 700 450 et..
742 419 914 451 scolastico
956 419 1088 452 ecclesie
1130 422 1220 454 Noni

212 474 419 506 lllonasterii
465 474 735 516 llerbipolensis.
785 475 881 506 Sicut
929 475 1080 507 dilectus
1125 477 1220 509 silius

211 529 435 566 NNernherus,
475 529 585 561 abbas
623 530 826 561 monasterii
867 530 1132 567 llersleldensis,
1173 533 1216 563 ad

212 582 411 614 Romanam
458 582 649 614 Ecclesiam
696 583 789 614 nullo
834 583 950 615 medio
995 584 1215 625 pertinentis,

211 636 342 667 ordinis
361 636 479 667 Sancti
497 636 691 672 Benedicti,
712 636 918 677 Maguntine
938 637 1095 673 diocesis,
1117 638 1216 669 nobis
1266 660 1267 664 ,

210 689 384 730 exposuit,
414 689 572 720 dudum..
601 689 714 731 priore
741 692 773 721 et
803 692 978 721 conventu
1008 690 1116 731 ipsius
1144 701 1216 722 mo-
1266 694 1267 702 ¹

210 742 351 773 naslerii
375 742 462 773 falso
486 742 751 783 imponentibus
774 742 803 774 ei
828 753 945 774 coram
969 743 1060 774 clare
1086 753 1215 775 memo-

209 794 255 826 rie.
280 794 333 826 W.
359 803 436 835 rege
462 795 716 831 Romanorum,
743 796 836 836 quod
863 795 934 837 ipse
960 796 1050 827 bona
1077 806 1215 828 monas·
1264 799 1266 808 ‘

208 847 285 879 terii
308 847 529 889 dilapidabat
549 847 719 889 ejusdcm,
743 849 858 880 dictus
880 849 1001 885 abbas,
1025 849 1067 880 ad
1092 848 1214 881 tollen—

208 901 290 932 dam
317 901 503 932 materiam
530 901 697 938 scandali,
727 901 904 933 consensit
932 904 971 932 ut
999 902 1043 933 ad
1074 905 1213 944 tempus

207 954 490 985 committeretur
512 953 568 985 alii
592 954 854 986 administratio
879 955 1050 986 bonorum
1074 965 1213 988 monas—

206 1006 283 1038 terii
312 1007 509 1044 memorati,
539 1010 683 1049 propter
711 1008 803 1049 quod
834 1007 925 1039 idem
955 1017 1015 1039 rex
1044 1009 1212 1040 adminis-

205 1059 395 1091 trationem
435 1060 607 1091 bonorum
648 1060 802 1102 ipsorum
844 1071 951 1102 usque
991 1061 1034 1092 ad
1074 1064 1210 1094 certum

207 1115 345 1154 tempus
371 1113 493 1144 abbati
522 1113 698 1150 Fuldensi,
726 1113 884 1153 ejusdem
913 1114 1055 1150 ordinis,
1086 1115 1211 1146 1101111-

204 1165 356 1206 polensis
378 1166 533 1203 diocesis,
558 1166 656 1197 duxit
683 1167 724 1198 de
747 1167 853 1203 sacto,
876 1177 956 1198 cum
979 1168 1021 1199 de
1041 1167 1118 1208 jure
1141 1178 1208 1200 non

202 1218 368 1260 potuerit,
396 1219 703 1251 committendum.
733 1220 968 1251 Postmodum
997 1230 1078 1252 vero
1105 1221 1210 1253 dilec-

202 1273 259 1302 tus
282 1271 375 1303 filius
401 1275 518 1303 noster
542 1272 586 1303 11.
613 1272 706 1303 tituli
733 1273 860 1304 Sancte
885 1273 1012 1305 Sabine
1037 1275 1209 1315 presbiter
1259 1270 1261 1305 1

201 1324 397 1361 cardinalis,
429 1327 510 1356 tunc
538 1325 571 1356 in
600 1325 761 1366 partibus
788 1326 852 1357 illis
880 1326 1080 1367 Apostolice
1110 1328 1208 1359 Sedis

200 1377 347 1418 legatus,
369 1388 430 1419 pro
450 1388 490 1409 eo
511 1379 604 1419 quod
625 1378 690 1409 sibi
710 1382 914 1419 suggestum
934 1380 1046 1411 fuerat
1071 1381 1206 1413 dictum

200 1430 254 1461 W.
277 1430 456 1467 abbatem,
478 1431 513 1462 in
534 1431 698 1463 manibus
720 1431 828 1473 ipsius
850 1432 937 1473 regis
958 1433 1099 1471 cessisse
1120 1435 1206 1475 regi-

199 1482 285 1514 mini
307 1483 450 1515 abbatie
473 1484 600 1525 prelati
623 1485 827 1516 monasterii
852 1494 892 1517 30
914 1486 1066 1518 eundem
1089 1496 1205 1528 regem

199 1538 344 1578 propter
370 1536 434 1568 hoc
460 1537 805 1569 administrationem
832 1538 1036 1579 hujusmodi
1063 1540 1107 1571 ad
1134 1551 1205 1573 cer-

199 1591 277 1620 tum
300 1591 441 1631 tempus
463 1590 677 1622 commisisse
699 1591 822 1622 abbati
844 1591 1009 1623 Fuldensi
1032 1594 1202 1634 predicto,

201 1641 336 1673 dilectis
358 1642 462 1674 siliis..
488 1642 608 1674 Sancti
633 1643 782 1684 Georgii,
807 1646 866 1675 et..
891 1645 933 1676 de
955 1644 1202 1679 Billedehuscn

199 1694 401 1732 abbatibus,
426 1696 523 1727 dedit
546 1706 607 1737 per
628 1706 709 1728 suas
731 1697 868 1729 litteras
890 1698 925 1729 in
948 1699 1127 1731 mandatis
1152 1704 1200 1737 ut,

198 1747 225 1778 si
253 1751 344 1779 esset
372 1748 433 1785 ita,
463 1750 641 1790 prelatum
672 1750 902 1782 Wernherum
931 1752 975 1783 ad
1004 1752 1201 1785 cedendum

197 1801 356 1841 regimini
383 1801 467 1833 dicti
494 1803 699 1834 monasterii
727 1813 788 1844 per
813 1814 997 1836 censuram
1024 1806 1201 1838 ecclesias-

197 1853 304 1885 ticam
320 1854 556 1892 cobartarent,
574 1865 613 1887 ac
629 1859 769 1897 recepta
786 1857 938 1889 cessione
954 1858 1072 1899 ipsius,
1090 1860 1201 1891 admi-

197 1906 442 1938 nistrationem
471 1908 629 1948 ejusdem
659 1910 863 1941 monasterii
892 1910 927 1941 in
957 1911 1200 1952 spiritualibus

194 1962 227 1990 et
257 1960 510 2001 temporalibus
537 1961 631 1993 dicto
658 1962 781 1993 abbati
808 1962 973 1994 Fuldensi
1000 1965 1200 1998 committe-

193 2015 282 2049 rent,
309 2023 418 2054 usque
442 2014 486 2045 ad
510 2014 618 2056 ipsius
642 2015 828 2047 cardinalis
851 2016 906 2047 vel
930 2018 1059 2049 summi
1083 2019 1199 2060 ponti-

192 2064 269 2096 ficis
294 2066 529 2098 voluntatem.
559 2067 624 2099 Sed
650 2067 756 2099 iidem
784 2069 903 2100 Sancti
931 2070 1067 2111 Georgii
1093 2074 1129 2103 et
1156 2073 1197 2104 de

191 2117 437 2150 Billedehusen
465 2120 624 2157 abbates,
653 2121 695 2152 (le
722 2122 787 2153 hiis
815 2122 1016 2155 nullatenus
1043 2125 1194 2165 cognito,

193 2180 273 2203 cum
293 2171 378 2203 alias
398 2172 439 2204 de
458 2173 542 2214 ipsis
561 2174 703 2205 minime
723 2175 950 2212 constitisset,
971 2177 1196 2210 administra-

191 2223 325 2255 tionem
368 2225 572 2266 hujusmodi
614 2228 819 2259 monasterii
862 2229 985 2260 abbati
1030 2230 1195 2263 Fuldensi

191 2277 444 2309 commiserunt
463 2279 587 2311 eidem.
611 2280 717 2312 Porro
738 2291 817 2312 cum
839 2281 923 2313 dicti
944 2283 1038 2324 prior
1058 2287 1093 2315 et
1113 2294 1194 2316 con-

190 2333 330 2368 venum,
354 2332 497 2363 demum
518 2333 780 2365 considerantes
803 2337 941 2367 attente
965 2337 1058 2377 quod
1082 2338 1194 2369 admi—
1245 2347 1247 2354 ’

190 2383 352 2415 nistratio
380 2385 489 2426 ipsius
516 2387 720 2418 monasterii
749 2397 810 2428 per
836 2389 988 2420 eundem
1017 2390 1070 2422 W.
1099 2402 1193 2423 com-

189 2436 328 2468 modius
345 2440 381 2468 et
400 2438 519 2469 utilius
538 2449 645 2480 quam
664 2449 725 2481 per
742 2440 849 2472 alium
868 2444 1009 2483 poterat
1027 2445 1190 2481 exerceri,

188 2498 269 2520 cum
293 2490 337 2521 ad
363 2490 708 2524 administrationem
732 2494 1001 2535 resumpsissent
1026 2498 1189 2534 eundem,

186 2541 222 2573 id
241 2542 384 2574 demum
402 2546 478 2575 tam
496 2544 587 2576 bone
605 2546 771 2577 memorie
790 2547 827 2578 P.
849 2547 969 2579 Sancti
989 2548 1125 2591 Georgii
1144 2552 1188 2582 ad

187 2594 311 2626 Velum
328 2596 484 2628 Aureum
501 2597 639 2629 diaconi
655 2599 851 2637 cardinalis,
870 2603 955 2632 tunc
971 2602 1004 2632 in
1023 2603 1188 2643 predictis

186 2648 347 2689 partibus
371 2649 550 2691 fungentis
572 2650 756 2691 legationis
781 2653 897 2684 ol'l'icio
923 2664 1030 2695 quam
1054 2655 1188 2689 littera-

186 2711 263 2732 rum
295 2705 495 2734 nostrarum
526 2705 740 2737 auctoritate
772 2707 890 2738 extitit
923 2708 1186 2742 confirmatum.

186 2753 233 2785 Et
260 2754 341 2786 licet
381 2755 474 2788 idem
503 2757 556 2788 W.
586 2761 662 2799 post
694 2760 969 2801 resumptionem
999 2764 1033 2792 et
1062 2764 1188 2794 contir-

186 2808 379 2840 mationem
425 2809 639 2850 hujusmodi,
687 2812 1032 2846 administrationem
1079 2815 1187 2857 ipsius

186 2861 388 2893 monasterii
408 2863 569 2903 gessisset
591 2874 652 2905 per
673 2868 826 2905 quatuor
847 2876 958 2898 annos
979 2870 1014 2899 et
1035 2869 1186 2910 amplius

184 2913 329 2954 pacifice
353 2917 389 2946 et
414 2915 542 2957 quiete,
569 2917 685 2949 dictus
708 2921 829 2950 tamen
855 2920 965 2952 abbas
990 2921 1183 2959 Fuldensis,

184 2967 465 3007 procurantibus,
490 2972 529 3000 ut
553 2970 690 3008 dicitur,
715 2971 827 3012 priore
851 2976 885 3004 et
908 2977 1086 3006 conventu
1109 2985 1185 3017 pre-

1328 366 1422 403 tatis,
1462 367 1615 398 eundem
1663 366 1718 398 W.
1758 367 1904 399 abbatia
1942 368 2092 410 predicti
2129 367 2334 400 monasterii

1325 430 1431 461 quam
1457 419 1622 451 canonice
1647 420 1798 462 adeptus
1822 420 1938 453 tuerat
1960 423 1996 452 et
2020 421 2226 464 aliquandiu
2250 431 2330 464 pos-

1323 473 1472 509 sederat,
1497 473 1570 504 sine
1594 473 1652 505 lite
1677 483 1737 515 per
1758 473 1966 506 violentiam
1989 474 2156 516 spoliavit
2178 484 2329 517 eamque

1323 526 1457 557 detinet
1492 526 1524 557 in
1559 526 1667 568 ipsius
1702 527 1754 558 W.
1789 527 2023 568 prejudicium
2055 530 2092 559 et
2125 536 2328 569 gravamen.

1323 580 1408 610 (111111
1428 579 1535 620 igitur
1553 579 1712 620 spoliatis
1731 579 1862 620 injuste
1881 580 1925 611 sit
1945 580 2137 612 restitionis
2156 581 2327 613 beneficio

1321 632 1608 667 succurrendum,
1643 633 1855 664 mandamus
1888 633 2068 674 quatinus,
2102 633 2238 665 vocatis
2269 634 2330 676 qui

1321 685 1450 716 luerint
1477 685 1660 721 evocandi,
1689 686 1812 717 codem
1840 685 1892 717 W.
1920 686 1964 717 ad
1992 686 2176 718 abbatiam
2202 686 2327 728 ipsam,

1319 737 1409 769 sicut
1432 738 1569 779 justum
1593 738 1710 775 suerit,
1735 738 1912 775 restituto,
1938 739 2092 770 audiatis
2115 749 2258 771 causam
2281 742 2328 778 et,

1319 791 1556 832 appellatione
1599 794 1747 828 remota,
1793 791 1862 823 line
1905 792 2075 824 canonico
2118 792 2327 831 terminetis,

1317 843 1486 875 facientes
1513 845 1607 885 quod
1634 847 1702 876 etc.
1730 854 1840 886 usque
1866 844 2056 882 observari,
2086 855 2154 877 non
2182 845 2328 878 obstan-

1319 896 1414 928 tibus
1437 897 1614 938 aliquibus
1637 897 1764 929 litteris
1787 898 1930 929 veritati
1953 900 1989 930 et
2010 898 2148 939 justitie
2171 898 2328 940 prejudi-

1316 949 1482 980 cantibus
1506 960 1568 991 pro
1591 953 1692 992 parte
1715 951 1824 982 altera
1848 960 1954 992 super
1976 951 2039 982 boc
2062 960 2081 982 a
2105 951 2193 983 Sede
2214 951 2327 994 Apos-

1319 1002 1422 1033 tolica
1450 1003 1660 1043 impetratis.
1687 1003 1809 1035 Testes
1835 1007 1955 1035 autem
1981 1006 2048 1035 etc.
2076 1014 2186 1046 usque
2212 1004 2326 1047 perhi-

1318 1055 1408 1087 bere.
1430 1056 1530 1094 Quod
1550 1056 1577 1087 si
1598 1066 1666 1087 non
1686 1066 1807 1088 omnes
1825 1060 1891 1088 etc.
1914 1057 1996 1088 Dat.
2017 1057 2185 1099 Anagnie,
2205 1057 2236 1089 V
2254 1057 2323 1090 kat.

1313 1108 1400 1149 julii,
1423 1119 1515 1140 anno
1536 1109 1672 1151 quinto.
1696 1122 1707 1137 »

1394 1282 1483 1308 2917
1844 1284 1979 1317 Anagni,
2003 1284 2040 1311 19
2061 1284 2130 1318 juin
2153 1284 2241 1312 1259.

1348 1337 1519 1364 Praedictis
1553 1337 1581 1364 S.
1613 1337 1788 1364 Burchardi
1821 1339 1852 1365 et
1885 1338 1914 1365 S.
1950 1338 2103 1373 Stephani
2134 1345 2256 1365 necnon
2286 1338 2318 1365 111

1315 1384 1426 1411 Urowe
1454 1382 1717 1408 monasteriorum
1745 1382 1915 1409 abbatibus
1944 1390 2024 1416 quae
2051 1383 2083 1409 in
2119 1390 2214 1410 causa
2240 1382 2323 1410 inter

1313 1428 1505 1458 Wernerum,
1530 1427 1712 1453 monasterii
1736 1427 1964 1454 Hersteldensis
1988 1427 2149 1459 abbatem,
2173 1429 2206 1454 et
2228 1427 2320 1455 deca-

1311 1480 1387 1499 num
1425 1479 1461 1498 30
1477 1474 1670 1498 conventum
1695 1471 1792 1505 ipsius
1818 1472 2001 1498 monasterii
2026 1473 2171 1499 vertente
2196 1472 2320 1506 agenda

1310 1518 1386 1544 sunt
1407 1516 1574 1550 significat.
1598 1516 1694 1549 (Rm.
1718 1516 1766 1548 25,
1788 1516 1808 1542 f.
1832 1516 1901 1548 213,
1923 1523 1972 1543 an.
1995 1516 2033 1548 V,
2054 1523 2080 1543 c.
2104 1516 2232 1549 151bis;
2254 1516 2320 1543 Ro-

1311 1568 1480 1592 onsssssao,
1500 1562 1523 1587 t.
1548 1560 1606 1592 111,
1627 1563 1663 1586 11ο
1682 1560 1765 1593 497.)

1356 1667 1368 1679 «ι
1395 1677 1414 1683 ..
1444 1651 1560 1683 Sancti
1587 1651 1756 1682 Burcarsti
1781 1653 1832 1683 et..
1861 1651 1978 1683 Sancti
2005 1651 2170 1693 Stephani
2195 1651 2319 1683 Herbi-

1309 1704 1511 1746 polensfflm,
1537 1706 1588 1736 et.
1614 1705 1649 1735 in
1671 1704 1798 1741 l'rowe,
1817 1704 2318 1746 Herbipolensisctiocesis,mo-

1307 1758 1532 1789 nasteriorum
1555 1757 1748 1788 abbatibus.
1772 1758 1840 1789 Sua
1863 1757 1964 1789 nobis
1984 1757 2182 1795 wernerus,
2205 1757 2317 1790 abbas

1310 1811 1512 1842 monasterii
1540 1810 1798 1842 Hersseldensis
1823 1810 1868 1842 ad
1895 1810 2096 1843 Romanam
2123 1809 2317 1843 Ecclesiam

1308 1862 1401 1895 nullo
1418 1864 1532 1895 medio
1545 1863 1765 1905 pertinentis,
1779 1863 1950 1905 petitione
1963 1863 2178 1896 monstravit
2193 1864 2313 1906 quod..

1306 1917 1460 1948 decanus
1490 1919 1526 1948 et
1555 1919 1753 1948 conventus
1782 1916 1891 1958 ipsius
1921 1916 2136 1954 monasterii,
2169 1916 2317 1958 Magun-

1307 1969 1378 2001 tine
1407 1969 1564 2007 diocesis,
1593 1968 1681 2001 falso
1709 1972 1905 2001 asserentes
1933 1970 2027 2011 quod
2055 1970 2128 2012 ipse
2154 1969 2315 2011 regimini

1307 2023 1450 2054 abbatie
1477 2022 1586 2064 ipsius
1614 2023 1818 2054 monasterii
1846 2025 2009 2059 cesserat,
2037 2025 2072 2054 et
2100 2032 2222 2055 omnes
2247 2023 2314 2055 sibi

1301 2075 1463 2107 subditos
1483 2076 1528 2107 ab
1549 2075 1751 2107 obedientia
1773 2085 1842 2117 qua
1862 2076 1928 2107 sibi
1948 2076 2174 2113 tenebantur,
2196 2075 2313 2108 absol·-

1302 2131 1412 2163 verat,
1444 2138 1550 2170 seque
1580 2128 1811 2170 postmodum
1840 2129 1884 2161 ad
1914 2129 2075 2170 ejusdem
2104 2129 2311 2161 monasterii

1300 2182 1454 2223 regimen
1476 2182 1647 2213 reassumi
1668 2191 1729 2223 per
1750 2182 1942 2213 secularem
1963 2182 2163 2224 potentiam
2184 2191 2310 2224 procu-

1300 2238 1408 2272 rarat,
1453 2235 1588 2266 dictum
1630 2235 1887 2266 monasterium
1928 2238 2143 2277 occupatum
2185 2238 2307 2268 contra

1298 2288 1474 2329 justitiam
1497 2288 1699 2325 detinendo,
1722 2298 1857 2320 necnon
1879 2289 1974 2330 quod
1996 2288 2208 2326 Conradum,
2231 2298 2308 2331 pre-

1299 2341 1454 2383 positum
1480 2341 1562 2372 celle
1589 2341 1709 2373 Sancti
1734 2341 1908 2373 Johannis
1933 2342 1978 2373 ad
2005 2342 2141 2374 dietum
2166 2351 2307 2374 monas-

1301 2395 1426 2426 terium
1445 2394 1650 2426 immediate
1669 2395 1875 2436 spectantis,
1897 2394 1981 2426 cella
2001 2395 2126 2426 eadem
2145 2397 2181 2426 et
2201 2404 2306 2437 quos-

1298 2448 1380 2479 dam
1403 2447 1489 2479 alios
1513 2448 1705 2479 monachos
1728 2448 1887 2489 ejusdem
1911 2448 2116 2480 monasterii
2140 2448 2306 2480 obedien-

1296 2501 1354 2532 tiis
1373 2503 1408 2532 et
1427 2500 1563 2537 officiis,
1585 2503 1663 2542 post
1685 2501 1960 2543 appellationem
1979 2501 2024 2533 ab
2043 2501 2092 2533 eis
2111 2501 2156 2534 ad
2176 2501 2302 2533 Sedem

1297 2554 1539 2595 Apostolicam
1576 2554 1811 2595 interjectam,
1849 2557 1973 2587 contra
2009 2555 2187 2595 justitiam
2223 2564 2304 2596 spo-

1294 2607 1407 2644 liarat,
1434 2607 1466 2638 in
1491 2617 1549 2639 eos
1573 2610 1608 2639 et
1632 2608 1818 2640 nonnullos
1842 2608 1927 2640 dicti
1952 2608 2155 2640 monasterii
2180 2617 2303 2640 mona-

1294 2661 1377 2692 chos
1403 2660 1549 2692 diversis
1575 2661 1986 2693 excommunicationum
2013 2661 2197 2693 sententiis
2223 2671 2302 2703 pro-

1294 2713 1470 2754 mulgatis,
1498 2714 1566 2745 ad..
1594 2714 1635 2745 de
1660 2714 1864 2756 Arnesburg
1888 2717 1947 2746 et..
1975 2714 2016 2746 de
2043 2714 2213 2746 Slucheue
2239 2714 2301 2746 ab·

1293 2766 1403 2803 bates,
1450 2766 1657 2807 Maguntine
1702 2769 1738 2798 et
1783 2766 2048 2809 Herbipolensis
2095 2767 2298 2806 diocesium,

1292 2822 1415 2851 contra
1445 2829 1525 2851 eum
1556 2820 1621 2851 sub
1651 2822 1746 2852 certa
1778 2820 1890 2852 forma
1920 2820 2057 2852 litteras
2086 2820 2299 2862 apostolicas

1291 2873 1538 2914 impetrarunt.
1564 2873 1629 2904 Sed
1651 2873 1745 2904 idem
1767 2873 1878 2905 abbas
1902 2874 2168 2911 Hersfeldensis,
2191 2883 2235 2905 ex
2256 2883 2296 2906 eo

1293 2925 1447 2957 sentiens
1472 2925 1516 2957 ab
1542 2926 1665 2957 eodem
1691 2926 1821 2958 abbate
1848 2927 1889 2958 de
1916 2926 2078 2958 Sluchere
2103 2929 2138 2958 et
2164 2927 2296 2959 decano

1294 2978 1421 3010 Sancte
1456 2978 1563 3010 Marie
1597 2979 1631 3010 in
1666 2979 1806 3020 Campis
1840 2979 2056 3020 Maguntine,
2091 2979 2147 3011 cui
2181 2979 2296 3011 dictus

2456 2868 2477 2993 ,ir-‘⁶3⁸0
