2477 3512
1000 315 1277 356 QUATRIEME
1292 315 1455 348 ANNEE
2224 320 2290 353 837

166 413 231 442 fuit
261 412 425 441 humiliter
456 412 674 451 supplicatum
706 414 753 447 ut,
787 421 860 442 cum
892 412 1037 442 nonnulli
1069 413 1174 442 clerici

167 474 263 503 super
287 464 468 503 receptione
494 466 533 495 de
558 465 739 503 provisione
764 474 821 495 sua
846 465 879 494 in
905 465 1017 494 eadem
1043 465 1173 495 ecclesia

168 518 228 547 sub
250 519 336 547 certa
358 517 461 547 forma
483 517 682 547 executorias
703 518 828 547 litteras
848 527 866 547 a
889 518 968 548 Sede
989 518 1174 556 Apostolica

171 571 391 609 impetrantes,
415 579 471 608 per
492 572 677 600 executores
700 570 760 599 sibi
783 571 967 609 deputatos,
983 570 1015 599 in
1033 570 1176 608 prefatos

170 623 327 652 cecanum
351 625 384 652 et
408 623 597 661 capitulum,
621 625 773 660 pretextu
798 623 990 661 receptionis
1013 625 1047 652 et
1070 623 1177 661 provi-

167 675 264 705 sionis
298 675 494 713 hujusmodi,
528 674 661 704 fecerint
686 675 860 709 interdicti,
888 675 1104 714 suspensionis
1138 678 1171 704 et

170 727 511 757 excommunicationis
548 728 724 757 sententias
762 728 968 766 promulgari,
1006 737 1042 757 ac
1079 728 1176 757 iidem

171 781 309 810 decanus
342 783 375 809 et
407 780 585 818 capitulum
618 780 781 810 mandatis
814 780 998 818 apostolicis
1031 789 1068 810 ac
1100 781 1177 818 ipsis

169 833 337 862 sententiis
358 833 567 871 postmodum
595 833 761 871 paruerint
788 835 980 867 reverenter,
1010 833 1178 871 providere

169 894 264 924 super
281 886 341 915 hoc
358 885 401 914 eis
420 886 458 914 de
476 888 637 923 oportuno
654 885 866 915 absolutionis
884 885 1040 915 beneficio
1058 886 1178 915 miseri-

170 938 307 968 corditer
327 946 520 967 curaremus.
541 938 607 967 Nos
626 938 737 977 itaque
757 938 796 967 de
815 940 872 968 tua
892 938 1178 977 circumspectione

168 990 293 1025 confisi,
322 991 519 1029 presentium
542 991 603 1020 tibi
625 990 820 1020 auctoritate
843 991 1077 1021 committimus
1101 1001 1179 1030 qua—

169 1043 266 1077 tinus,
286 1043 312 1072 si
331 1043 392 1072 tibi
416 1043 597 1072 constiterit
621 1044 707 1082 quod
732 1043 849 1082 prefati
874 1044 1013 1073 decanus
1036 1046 1070 1074 et
1093 1044 1179 1083 capi-

171 1097 274 1125 tulum
301 1105 412 1134 parere
439 1096 623 1125 studuerint
650 1096 682 1125 in
710 1096 882 1134 premissis,
912 1106 965 1126 eos
991 1097 1087 1135 juxta
1115 1096 1178 1126 for-

155 1146 255 1178 ‘mam
271 1149 412 1178 Ecclesie
428 1157 447 1178 a
464 1149 633 1178 sententiis
650 1150 836 1178 memoratis
854 1150 1015 1183 absolvas,
1033 1152 1067 1179 et
1083 1159 1179 1188 super

119 1243 122 1246 Δ
165 1201 412 1240 irregularitate,
442 1201 468 1230 si
498 1210 596 1240 quam
624 1202 685 1240 ipsi
714 1202 764 1231 vel
794 1202 893 1240 aliqui
923 1211 1033 1231 eorum
1063 1203 1178 1232 exinde

166 1255 398 1288 contraxerint,
436 1254 588 1292 imposita
626 1255 686 1284 sibi
714 1255 894 1293 penitentia
930 1255 1074 1289 salutari,
1104 1264 1177 1284 cum

165 1307 210 1337 eis
228 1307 390 1346 dispenses
407 1309 504 1345 prout
521 1307 698 1336 secundum
716 1307 820 1336 Deum
838 1308 1020 1337 animarum
1046 1317 1177 1337 suarum

165 1360 263 1396 saluti
278 1359 396 1389 videris
414 1359 574 1398 expedire.
605 1360 681 1389 Dat.
708 1360 864 1398 Anagnie,
885 1360 933 1389 III
957 1360 1028 1389 idus
1054 1360 1178 1389 decem-

165 1413 241 1447 bris,
276 1421 360 1442 anno
396 1415 523 1451 quarto.
560 1424 571 1439 »

245 1556 334 1582 2734
629 1556 764 1589 Anagni,
779 1556 816 1582 17
830 1555 994 1583 decembre
1008 1556 1094 1583 1258.

206 1609 366 1636 Prioribus
385 1609 422 1635 de
440 1608 671 1639 Extildesham,
698 1608 735 1634 de
753 1607 923 1634 Lanrecost
941 1609 972 1634 et
990 1608 1027 1634 de
1051 1608 1178 1634 Weder-

164 1649 245 1680 bale,
268 1649 475 1675 Eboracensis
497 1649 528 1674 et
550 1647 762 1674 Karleolensis
783 1647 964 1679 diocesium,
988 1648 1120 1673 mandat
1142 1649 1178 1674 ut

166 1688 352 1720 Romu-tum,
368 1688 443 1715 olim
462 1687 673 1714 Karleolensis
698 1687 845 1714 ecclesiae
866 1687 1001 1720 priorem
1025 1687 1125 1713 solum
1146 1687 1178 1713 in

165 1728 294 1755 ecclesia
328 1728 366 1755 de
400 1728 538 1761 Corhrig‚
565 1727 785 1753 Dunelmensis
819 1727 960 1758 diocesis,
982 1734 1177 1753 commoran-

166 1770 241 1799 tem,
261 1768 301 1794 ad
318 1768 513 1794 redeundum
540 1767 580 1792 ad
606 1767 779 1793 claustrum
806 1774 897 1792 suurn
925 1768 1049 1799 cogant.
1078 1766 1176 1799 (ΒΕΓ).

165 1807 214 1839 25,
233 1807 255 1833 f.
276 1807 333 1834 164
352 1811 398 1838 v0,
419 1814 468 1833 an.
492 1806 544 1838 IV,
565 1813 589 1832 c.
610 1806 692 1839 290.)

205 1895 262 1917 «..‚
292 1884 328 1913 de
357 1883 614 1917 Extildesham,..‚
658 1882 694 1911 de
735 1882 912 1916 Lanrecost,
955 1884 1013 1916 et..,
1044 1882 1079 1911 de
1109 1882 1178 1912 We-

162 1936 283 1966 derbale
291 1936 460 1975 prioribus,
469 1936 498 1965 E
502 1935 674 1965 boracensis
684 1936 708 1963 et
720 1934 931 1964 Karleolensis
940 1935 1118 1964 diocesium.
1130 1935 1178 1973 (1)

164 1989 263 2019 Lecta
319 1998 426 2018 coram
484 1988 575 2018 nobis
619 1988 808 2017 dilectorum
844 1987 1018 2021 filiorum„
1062 1988 1177 2026 prioris

163 2046 190 2072 et
226 2045 404 2071 conventus
434 2041 650 2071 Karleolensis
680 2041 809 2070 ecclesie
839 2041 955 2079 petitio
986 2040 1176 2070 continebat

164 2095 250 2134 quod
286 2104 359 2124 cum
394 2095 477 2124 bone
510 2094 697 2127 memorie„
745 2093 962 2123 Karleolensis
997 2093 1175 2132 episcopus,

162 2148 204 2178 ad
251 2147 446 2177 visitationis
471 2147 725 2185 impendendum
750 2146 906 2180 officium,
933 2146 964 2175 in
989 2146 1101 2175 eadem
1127 2155 1176 2175 ec-

164 2201 258 2230 clesia
294 2200 521 2234 descendisset,
558 2200 721 2229 Robertus
757 2199 940 2233 canonicus,
976 2201 1055 2228 tunc
1090 2199 1177 2238 prior

162 2256 196 2282 et
214 2255 392 2283 conventus
409 2253 508 2291 ipsius
527 2253 656 2282 ecclesie
674 2252 715 2281 ad
732 2252 928 2281 inculcatam
947 2252 1087 2290 episcopi
1105 2260 1176 2290 pre-

163 2306 241 2336 dicti
261 2306 461 2339 instantiam,
483 2314 516 2335 se
536 2305 732 2335 ordinationi
753 2305 898 2342 ejusdem
919 2304 1058 2343 episcopi
1079 2313 1176 2343 super

162 2359 311 2388 omnibus
331 2367 393 2397 que
412 2358 632 2387 visitationem
653 2357 850 2395 hujusmodi,
871 2358 1047 2386 secundum
1069 2358 1174 2386 Deum

161 2414 195 2441 et
218 2421 327 2441 eorum
360 2411 479 2441 ordinis
504 2410 804 2444 conformationem,
830 2410 1065 2448 contingerent,
1089 2419 1176 2439 sum-

162 2465 329 2498 miserunt,
353 2464 564 2494 concedentes
586 2463 689 2493 eidem
706 2465 743 2492 ut
759 2463 801 2492 ad
815 2472 925 2492 eorum
944 2463 1174 2492 correctionem

161 2518 348 2556 procederet
376 2526 411 2546 ea
439 2517 509 2546 vice
530 2519 629 2555 atque
657 2516 873 2554 provisionem
894 2516 1064 2545 honestam
1086 2515 1173 2545 dicto

162 2570 316 2605 Robert0‚
342 2570 367 2599 si
392 2579 449 2608 per
472 2569 541 2607 ejus
566 2569 801 2598 ordinationem
826 2568 876 2597 vel
902 2570 1100 2606 spontaneus
1125 2577 1174 2597 ce-

162 2623 262 2657 deret,
286 2623 473 2661 assignaret.
499 2622 596 2651 Porro
621 2622 733 2651 eodem
756 2621 906 2659 episcopo
931 2621 962 2650 in
986 2621 1174 2650 visitatione

162 2675 346 2713 hujusmodi
371 2675 574 2714 procedente,
598 2674 672 2704 licet
696 2674 881 2703 nominatus
906 2674 944 2703 R.
969 2674 1173 2703 considerans

161 2731 294 2767 propter
312 2737 386 2758 suos
405 2737 552 2757 excessus
572 2727 632 2756 sibi
652 2727 849 2756 amotionem
870 2736 887 2756 a
908 2727 1052 2765 prioratu
1072 2726 1172 2764 ipsius

160 2781 289 2811 ecclesie
312 2781 488 2814 imminere,
512 2780 611 2819 ipsius
647 2779 791 2818 regimini
821 2779 904 2809 male
935 2779 994 2808 sibi
1027 2780 1171 2808 conscius

161 2836 276 2872 sponte
298 2833 436 2868 cesserit,
459 2834 543 2862 idem
566 2835 675 2862 tamen
698 2832 866 2871 episcopus
888 2841 1023 2870 sequens
1045 2832 1171 2870 proprie

160 2886 340 2916 voluntatis
362 2886 540 2920 consilium,
563 2888 714 2924 pretextu
736 2885 969 2914 summissionis
991 2887 1023 2914 et
1044 2893 1171 2914 conces-

159 2939 257 2969 sionis
293 2939 488 2977 hujusmodi,
526 2938 689 2969 ordinavit
732 2938 817 2976 quod
868 2938 952 2967 idem
1008 2937 1169 2966 Robertus

197 3017 220 3041 1.
239 3016 288 3041 Ces
312 3018 378 3041 trois
402 3017 520 3041 derniers
546 3017 616 3040 mots
642 3017 793 3044 manquent
816 3016 884 3039 dans
909 3015 932 3038 ln
957 3014 1096 3043 rubrique.

1284 422 1357 442 cum
1381 423 1445 444 uno
1461 415 1609 445 adminus
1625 415 1777 445 canonico
1794 415 1949 454 quamdiu
1964 415 2082 444 vixerit
2106 416 2137 445 in
2162 416 2291 446 ecclesia

1285 465 1323 495 de
1345 466 1508 506 Corbring,
1532 468 1754 498 Dunelmensis
1777 468 1921 503 diocesis,
1944 477 2042 507 quarn
2064 468 2124 506 ipsi
2165 469 2198 498 in
2219 478 2290 507 pro-

1283 519 1368 557 prios
1404 529 1479 549 usus
1513 521 1644 555 habent,
1680 522 1886 550 residentiam
1920 521 2041 550 faciens
2074 521 2284 559 personalem,

1285 571 1323 601 de
1343 572 1426 602 illius
1446 574 1656 611 proventibus
1677 574 1892 612 quadraginta
1913 583 2038 603 marcas
2060 574 2290 612 Sterlingorum

1284 625 1432 654 exsolvat
1452 626 1571 655 eisdem
1592 626 1689 664 priori
1710 629 1742 655 et
1763 627 1906 664 capitulo
1927 626 2107 660 annuatim,
2129 626 2290 656 residuum

1284 677 1344 705 sibi
1364 687 1421 715 pro
1441 686 1497 707 sua
1517 678 1771 712 subtentatione,
1791 679 1878 717 quod
1899 678 2074 717 nonaginta
2094 687 2218 708 marcas
2238 687 2292 707 ex-

1284 730 1405 759 timant
1419 731 1587 769 attingere,
1602 731 1779 764 retinendo,
1790 734 1822 760 et
1832 731 2022 760 venerabilis
2037 731 2136 760 frater
2150 733 2291 766 noster..‚

1286 783 1510 812 Dunelmensis
1548 783 1715 821 episcopus
1748 783 1854 822 ipsum
1890 784 1929 813 R.
1963 784 1995 812 in
2023 785 2135 813 eadem
2162 783 2292 813 ecclesia

1287 835 1325 864 de
1352 835 1505 874 Corbring
1531 836 1571 865 ad
1594 836 1749 874 predicta,
1772 839 1950 866 memorato
1977 839 2139 865 conventu
2166 846 2223 875 pro
2246 845 2292 866 re-

1285 888 1386 926 gulari
1419 889 1588 918 honestate
1619 889 1679 918 sibi
1711 889 1752 918 ad
1784 889 1976 918 mandatum
2009 889 2126 927 prefati
2159 889 2293 918 Karleo-

1286 941 1380 970 lensis
1406 942 1555 979 episcopi,
1582 942 1642 970 sub
1668 942 1759 979 cujus
1786 941 1932 971 custodia
1958 950 2013 970 seu
2062 942 2293 979 gubernatione

1285 995 1371 1024 idem
1408 997 1585 1024 conventus
1615 996 1692 1023 tunc
1727 994 1865 1032 priorem
1891 1003 1954 1023 non
1980 994 2111 1027 habens,
2130 997 2209 1028 erat,
2239 1003 2294 1032 per

1286 1047 1430 1086 proprias
1453 1047 1577 1076 litteras
1599 1047 1812 1085 supplicante,
1842 1047 1984 1080 admisit,
2007 1046 2039 1075 in
2062 1055 2225 1076 enormem
2246 1047 2293 1085 ip-

1286 1101 1350 1130 sius
1382 1100 1596 1130 Karleolensis
1627 1100 1755 1129 ecclesie
1786 1100 1948 1129 lesionem.
1982 1099 2074 1128 Unde
2105 1108 2177 1128 cum
2208 1099 2292 1128 idem

1286 1154 1337 1187 R„
1362 1153 1392 1182 in
1417 1154 1529 1182 eadem
1552 1153 1681 1182 ecclesia
1705 1153 1789 1181 solus
1813 1161 2014 1182 commorans
2038 1154 2148 1181 contra
2172 1152 2294 1190 regula-

1285 1215 1353 1235 rem
1377 1206 1426 1235 sui
1451 1206 1569 1235 ordinis
1595 1206 1797 1235 honestatem
1822 1208 1855 1234 et
1880 1205 1971 1244 quasi
1996 1205 2102 1243 pullus
2127 1205 2237 1243 onagri
2261 1214 2293 1234 se

1285 1259 1421 1288 liberum
1460 1261 1573 1288 natum
1612 1260 1741 1297 putans,
1781 1258 1963 1287 obedientie
2000 1257 2111 1286 fractis
2150 1257 2292 1292 habenis,

1285 1312 1388 1341 vitam
1421 1312 1519 1341 ducat
1551 1320 1607 1349 per
1637 1311 1706 1340 vias
1739 1311 1865 1340 licentie
1897 1311 2098 1344 dissolutam,
2131 1310 2294 1348 petierunt

1285 1365 1382 1394 iidem
1403 1364 1488 1403 prior
1508 1367 1541 1393 et
1561 1366 1739 1393 conventus
1759 1373 1855 1402 super
1874 1363 1987 1392 eadem
2008 1363 2139 1394 ecclesia
2161 1363 2199 1391 de
2220 1362 2294 1392 Cor-

1286 1418 1388 1456 bring,
1408 1417 1637 1455 indempnitati
1657 1417 1786 1446 ecclesie
1805 1425 1859 1445 sue
1879 1425 1916 1445 ac
1935 1416 2035 1454 ipsius
2055 1416 2106 1449 R„
2126 1415 2233 1449 saluti,
2254 1424 2293 1444 ne

1286 1471 1410 1509 positus
1436 1473 1527 1499 extra
1555 1470 1766 1508 disciplinam,
1790 1471 1910 1507 pereat,
1938 1468 2109 1507 provideri.
2139 1468 2293 1504 Quocirca

1286 1524 1478 1553 mandamus
1499 1523 1652 1561 quatinus
1672 1523 1708 1555 si,
1729 1522 1857 1560 cognita
1878 1522 1916 1550 de
1936 1522 2032 1560 plano
2053 1523 2084 1550 et
2104 1522 2225 1559 absque
2244 1521 2295 1558 ju-

1286 1576 1359 1605 dicii
1376 1576 1513 1615 strepitu
1530 1576 1678 1609 veritate,
1696 1584 1762 1604 rem
1779 1574 1965 1604 inveneritis
1981 1574 2027 1603 ita
2044 1583 2121 1608 esse,
2131 1573 2294 1611 prefatum

1286 1630 1337 1663 R„
1362 1629 1448 1668 quod
1471 1628 1631 1667 premissis
1654 1637 1709 1657 seu
1732 1628 1915 1666 Apostolice
1940 1627 2028 1656 Sedis
2052 1626 2166 1665 quavis
2189 1625 2294 1655 indul-

1285 1683 1392 1721 gentia
1412 1691 1468 1720 per
1487 1690 1583 1720 quam
1602 1681 1681 1719 juris
1700 1681 1871 1719 explicatio
1890 1679 2038 1718 impediri
2056 1679 2164 1708 valeat
2182 1679 2215 1708 in
2234 1679 2294 1708 hac

1286 1738 1378 1774 parte
1415 1744 1620 1773 nequaquam
1657 1734 1873 1766 obstantibus,
1911 1733 1951 1762 ad
1988 1733 2164 1762 claustrum
2199 1740 2293 1760 suum

1286 1789 1408 1821 redeat,
1436 1788 1556 1817 ibidem
1583 1787 1642 1816 sub
1673 1787 1786 1825 prioris
1817 1786 1866 1815 sui
1897 1785 2079 1815 obedientia
2110 1786 2293 1814 moraturus

1286 1841 1462 1871 monitione
1488 1840 1651 1879 premissa,
1681 1849 1736 1878 per
1762 1848 1929 1869 censuram
1954 1838 2212 1871 ecclesiasticam,
2238 1846 2294 1876 ap-

1286 1894 1458 1933 pellatione
1485 1895 1619 1927 remota,
1648 1892 1780 1931 cogatis.
1809 1892 1902 1928 Quod
1927 1891 1953 1920 si
1988 1900 2051 1921 non
2087 1899 2196 1920 omnes
2231 1892 2295 1919 etc.

1286 1948 1362 1976 Dat.
1394 1946 1539 1985 Anagnie
1570 1946 1660 1979 XVI,
1692 1945 1755 1974 kal.
1785 1944 1935 1982 januarii,
1967 1953 2051 1973 anno
2082 1945 2208 1982 quarto.
2241 1954 2253 1970 n

1363 2082 1451 2107 2735
1742 2103 1745 2106 ,
1761 2080 1895 2113 Anagni,
1911 2080 1928 2106 4
1946 2079 2109 2106 decembre
2125 2079 2213 2106 1258.

1324 2135 1532 2166 officialibus,
1556 2133 1792 2160 obedientiariis
1814 2135 1846 2159 et
1869 2133 2178 2163 administratoribus
2201 2131 2295 2158 eccle-

1283 2175 1347 2201 siae
1375 2174 1595 2205 Karleolensis,
1623 2173 1741 2199 ordinis
1760 2173 1789 2199 S.
1808 2173 1987 2205 Augustini,
2005 2173 2126 2199 inhibet
2153 2179 2191 2198 ne
2212 2172 2294 2198 bona

1284 2215 1425 2248 ejusdem
1442 2214 1589 2240 ecclesiae
1603 2212 1633 2239 in
1651 2213 1792 2247 proprios
1815 2214 1846 2239 et
1865 2212 1992 2239 illicitos
2012 2220 2085 2238 usus
2104 2213 2289 2238 convertant

1283 2254 1380 2288 (ΒΕΘ.
1406 2254 1454 2285 25,
1479 2254 1500 2279 f.
1527 2253 1583 2279 164
1608 2256 1654 2284 v0,
1679 2260 1728 2278 an.
1758 2252 1809 2284 IV,
1835 2260 1859 2278 c.
1885 2252 1966 2284 291.)

1325 2343 1336 2358 «
1352 2354 1380 2365 ..‚
1412 2330 1511 2369 priori
1544 2331 1570 2359 et
1601 2329 1735 2367 capitulo
1767 2329 1887 2358 ecclesie
1920 2327 2141 2361 Karleolensis,
2173 2327 2293 2357 ordinis

1284 2384 1391 2414 Sancti
1412 2383 1597 2421 Auyuslini.
1619 2383 1668 2411 Ad
1689 2391 1780 2411 aures
1802 2382 2003 2420 apostolatus
2024 2381 2125 2410 nostri
2146 2380 2293 2419 pervenit

1282 2438 1368 2476 quod
1387 2437 1419 2466 in
1436 2436 1566 2466 ecclesia
1584 2438 1691 2465 vestra
1710 2435 1908 2464 consuetudo
1927 2434 2066 2473 quedam
2087 2434 2151 2472 juri
2164 2442 2293 2472 corrup-

1281 2491 1345 2520 tela
1368 2490 1475 2528 potius
1497 2488 1640 2522 inolevit,
1663 2488 1749 2526 quod
1787 2487 1930 2516 canonici
1976 2487 2120 2524 ejusdem
2143 2486 2197 2524 qui
2219 2486 2293 2515 obe-

1282 2543 1430 2576 dientias,
1451 2542 1559 2571 officia
1579 2550 1633 2570 scu
1647 2540 1943 2570 administrationes
1967 2540 1999 2569 in
2017 2548 2054 2568 ea
2078 2539 2237 2571 obtinent,
2253 2538 2291 2568 de

1282 2596 1373 2625 bonis
1391 2595 1489 2634 ipsius
1507 2594 1635 2624 ecclesie
1653 2603 1715 2632 que
1732 2594 1772 2622 ad
1791 2602 1905 2622 manus
1922 2593 2065 2631 ipsorum
2098 2591 2291 2630 perveniunt

1281 2649 1439 2679 rationem
1469 2657 1531 2677 non
1561 2647 1701 2676 reddunt
1728 2647 1823 2684 juxta
1851 2646 1950 2684 ipsius
1980 2645 2099 2674 ordinis
2127 2644 2288 2675 instituta,

1280 2702 1389 2740 sicque
1407 2710 1481 2739 sepe
1500 2700 1658 2737 contingit
1677 2699 1763 2737 quod
1783 2699 1863 2728 tales
1881 2698 2026 2727 canonici
2044 2698 2129 2726 bona
2148 2696 2290 2734 predicte

1280 2754 1418 2787 ecclesie,
1448 2762 1508 2792 que
1536 2753 1568 2781 in
1597 2752 1773 2781 utilitatem
1801 2751 1945 2781 converti
1973 2751 2092 2779 debent
2119 2749 2228 2787 ipsius,
2256 2749 2287 2778 in

1279 2807 1424 2846 proprios
1456 2815 1493 2836 ac
1523 2808 1705 2844 parentum,
1734 2804 1884 2837 filiorum,
1916 2802 2224 2840 consanguineorum
2257 2804 2289 2831 et

1278 2860 1455 2890 amicorum
1469 2867 1609 2891 suorum,
1625 2860 1657 2887 et
1670 2867 1686 2887 e
1705 2866 1768 2886 am
1782 2857 1860 2885 alios
1874 2856 2000 2885 illicitos
2014 2864 2090 2884 usus
2103 2856 2288 2884 convertere

1279 2922 1343 2943 non
1367 2914 1529 2945 verentur,
1561 2911 1681 2940 utendo
1716 2909 1872 2943 vestibus,
1910 2907 2146 2940 calceamentis,
2183 2907 2283 2940 lectis,

1278 2966 1357 2996 cibis
1372 2968 1405 2994 et
1424 2964 1555 3003 potibus
1576 2963 1719 2992 delicatis
1739 2965 1838 3001 atque
1858 2962 1889 2991 in
1906 2961 1996 3000 equis
2015 2963 2048 2990 et
2067 2969 2223 2999 equorum
2243 2959 2288 2989 fa-

1278 3019 1350 3048 leris
1368 3019 1518 3056 sumptus
1536 3015 1715 3055 superfluos
1733 3015 1890 3049 faciendo,
1910 3023 1949 3043 ex
1968 3022 2031 3053 quo
2050 3014 2136 3043 dicta
2156 3012 2290 3042 ecclesia
