2477 3512
977 260 1250 308 CINQUIEME
1277 261 1443 300 ANNEE
2223 271 2266 303 89

197 389 210 405 «
236 402 255 409 ..
283 376 474 418 guardiam
499 375 631 408 ordinis
655 375 837 407 Minorum
862 373 1037 406 Jadrensi.
1065 372 1155 412 Quia

149 439 316 472 personas
348 429 528 470 religiosas
560 448 614 460 —-.
650 428 734 460 Dat.
769 427 939 469 Anagnie,
975 426 1049 457 XII
1083 424 1152 456 kal.

147 482 235 524 julii,
259 492 351 514 anno
374 485 474 514 sexto
494 482 517 514 ¹.
543 494 554 510 n

228 632 316 658 3038
772 629 809 656 23
832 629 960 656 octobre
983 627 1070 654 1256.

191 694 440 721 Instrumentum
459 700 552 727 super
569 699 730 727 processus
749 691 874 718 habitos
893 698 949 724 per
966 689 1151 723 magistrum
1202 691 1203 723 ξ

146 738 313 765 Albertum
334 738 372 765 de
394 737 517 769 Parma,
538 736 697 763 notarium
718 735 838 762 domini
858 742 970 769 papae,
991 741 1062 760 cum
1082 739 1152 766 rege
1202 727 1203 748 ²

147 782 277 816 Anghae
307 784 337 809 et
367 782 434 809 alus
464 789 557 815 super
584 781 669 807 meto
699 786 785 813 regm
815 779 945 806 S¹C¹h³e'
975 778 1072 811 (REG'
1103 778 1151 809 25¹
1202 820 1204 829 Α
1255 795 1376 832 «serit,
1401 798 1436 827 et
1458 796 1665 827 absolvendi
1688 796 1839 826 eundem
1863 805 1978 837 regem
2001 807 2019 828 a
2044 800 2128 828 voto
2152 799 2263 829 crucis

146 828 167 854 f.
187 826 318 854 234-235
337 830 384 858 v0,
403 833 452 853 an.
465 826 502 858 V,
521 833 546 852 c.
566 825 644 856 262;
666 824 924 855 RODENBERG‚t.
944 822 1003 854 ΙΙΙ,
1023 826 1058 848 110
1071 822 1151 855 446.)

192 940 204 956 «
226 927 268 958 In
286 926 353 958 Dei
373 926 520 963 nomine,
542 935 651 957 amen.
676 925 715 956 In
736 924 912 966 presentia
934 921 1152 955 Sanctissimi

144 993 156 1009 α
175 980 291 1012 Patris
320 979 453 1011 domini
482 978 675 1010 Alexandri
702 988 793 1020 pape
811 977 929 1019 quarti
958 980 1153 1008 01100οΓ3-

145 1032 298 1064 «bilium
329 1035 473 1074 patrum
505 1031 729 1063 dominorum
763 1031 802 1062 G.
836 1030 990 1072 episcopi
1022 1030 1153 1061 Tuscu-

145 1085 255 1123 «lani,
280 1085 400 1117 fratris
424 1084 610 1122 Johannis,
636 1084 733 1116 tituli
759 1083 879 1115 Sancti
913 1082 1092 1115 Laurentii
1119 1082 1152 1113 in

146 1138 319 1181 «Lucina,
345 1141 381 1170 et
406 1137 525 1169 fratris
551 1137 723 1178 Hugonis,
751 1136 846 1168 tituli
873 1136 1000 1168 Sancte
1027 1135 1153 1167 Sabine

145 1191 461 1233 «presbiterorum,
492 1200 531 1222 ac
563 1190 605 1222 R.
638 1190 759 1222 Sancti
787 1189 923 1230 Angeli,
956 1189 995 1220 O.
1027 1188 1153 1220 Sancte

145 1257 158 1273 «
173 1244 281 1276 Marie
303 1244 338 1276 in
362 1244 427 1275 Via
451 1243 552 1280 Lata,
577 1243 610 1274 J.
637 1242 757 1275 Sancti
781 1242 916 1274 Nicolai
952 1242 987 1273 in
1011 1242 1153 1273 Carcere

145 1297 334 1329 «Tulliano
356 1300 391 1328 et
415 1297 455 1328 Ο.
479 1296 600 1328 Sancti
621 1295 770 1328 Adriani
792 1296 1022 1327 diaconorum
1044 1293 1155 1326 cardi-

145 1351 318 1387 «nalium,
343 1353 379 1382 et
404 1349 563 1391 magistri
587 1349 738 1381 Jordani
763 1349 804 1380 de
829 1347 1027 1384 Terracina,
1054 1349 1155 1378 nota-

145 1404 213 1436 «rii
243 1403 377 1436 domini
407 1412 508 1444 pape,
541 1412 580 1434 ac
611 1402 692 1440 mei,
710 1401 820 1439 Bassi,
852 1401 981 1432 notarii
1011 1400 1154 1432 Camere

145 1457 333 1499 «ejusdem
375 1455 520 1492 domini,
564 1455 732 1496 magister
772 1454 950 1491 Albertus,
995 1453 1154 1485 notarius

145 1509 307 1542 «domini
339 1519 440 1551 pape,
475 1509 519 1540 ad
551 1510 675 1539 sancta
709 1507 773 1539 Dei
805 1507 986 1547 evangelia
1018 1506 1154 1547 juravit
1205 1530 1206 1535 ,

144 1563 266 1605 «quod
295 1572 357 1604 per
385 1571 420 1593 se
450 1561 566 1593 nullus
595 1561 684 1592 alius
714 1560 859 1591 habitus
887 1563 941 1591 est
970 1568 1153 1601 processus

144 1616 214 1649 «de
245 1616 341 1647 facto
373 1614 470 1656 regni
502 1613 615 1646 Sicilie
647 1623 728 1646 cum
760 1613 887 1645 illustri
919 1621 997 1654 rege
1029 1611 1153 1653 Anglie

145 1682 158 1699 α
172 1671 236 1702 aut
255 1667 429 1701 Cornubie
449 1669 485 1700 et
504 1666 689 1699 Provincie
709 1666 899 1698 comitibus
918 1665 974 1697 vel
995 1665 1154 1707 qualibet

143 1722 239 1755 «alia
264 1730 424 1763 persona,
450 1723 486 1752 et
511 1720 606 1762 quod
632 1719 706 1761 ipse
732 1719 865 1751 nullam
891 1718 1073 1750 dationem
1096 1717 1154 1750 vel

144 1774 432 1808 «concessionem
467 1773 552 1805 fecit
585 1772 689 1804 dictis
722 1772 880 1814 personis
912 1771 968 1804 vel
1001 1771 1078 1803 aliis
1111 1771 1153 1803 de

144 1828 268 1861 «dicto
293 1835 399 1869 regno
424 1836 486 1858 nec
510 1825 618 1858 faciet
640 1825 676 1857 in
700 1825 862 1857 futurum
887 1825 953 1856 nisi
977 1827 1153 1867 quatenus

144 1881 376 1915 «continetur
410 1879 446 1912 in
483 1879 640 1921 quodam
675 1878 891 1920 transcripto
928 1878 1024 1920 quod
1060 1877 1153 1909 idem

144 1949 157 1965 ι
172 1935 340 1976 magister
380 1933 484 1965 dictis
524 1932 667 1964 domino
708 1941 800 1973 pape
839 1934 875 1963 et
915 1931 1153 1963 cardinalibus

144 2002 157 2018 α
172 1987 281 2026 dedit,
308 1985 504 2028 assignavit
529 1988 565 2017 et
590 1985 740 2016 tradidit
765 1985 801 2016 in
827 1984 992 2016 manibus
1016 1994 1153 2016 eorum-

144 2054 157 2071 «
173 2043 264 2074 dem.
283 2039 428 2072 Juravit
445 2039 555 2071 etiam
574 2038 690 2070 dictus
708 2037 876 2079 magister
893 2048 927 2069 se
946 2037 1152 2069 restiturum

143 2109 157 2126 α
171 2095 315 2128 Camere
334 2092 466 2124 domini
486 2101 576 2134 pape
595 2100 716 2123 omnes
734 2091 871 2123 litteras
890 2100 978 2132 quas
997 2091 1038 2121 de
1057 2090 1152 2122 dicto

144 2148 313 2190 «negotio
341 2156 447 2189 penes
475 2155 510 2177 se
538 2145 647 2176 habet
674 2147 710 2176 et
738 2154 805 2185 que
835 2146 988 2184 tangunt
1017 2143 1152 2175 dictum

144 2201 354 2243 «negotium
388 2209 448 2232 seu
484 2207 697 2240 processum.
733 2197 848 2228 Tenor
882 2199 1002 2228 autem
1040 2199 1153 2227 trans-

144 2255 275 2296 «cripti
302 2252 452 2295 predicti
478 2251 526 2283 sic
553 2251 677 2293 incipit
707 2261 713 2282 :

189 2320 202 2337 «
219 2305 448 2340 Sanctissimo
465 2304 501 2336 in
520 2304 657 2336 Christo
675 2303 769 2345 patri
785 2306 821 2335 et
839 2303 981 2335 domino
1000 2303 1153 2335 Alexan-

143 2374 157 2390 «
172 2361 245 2398 dro,
270 2359 336 2392 Dei
359 2358 472 2401 gratia
497 2357 625 2389 Sancte
650 2357 811 2389 Romane
835 2356 988 2388 Ecclesie
1012 2366 1151 2390 summo

143 2426 156 2443 «
171 2411 344 2456 pontifici,
366 2420 450 2444 suus
471 2409 638 2442 Albertus
661 2410 776 2442 dictus
798 2409 957 2441 notarius
979 2419 1013 2441 se
1035 2409 1152 2451 ipsum

144 2469 208 2499 «et
232 2466 364 2509 pedum
389 2463 508 2496 oscula
534 2463 731 2495 beatorum.
759 2463 808 2495 Ut
835 2463 877 2495 de
903 2473 1065 2504 processu
1092 2472 1153 2504 per

144 2529 228 2552 «me
253 2518 377 2550 habito
404 2526 484 2549 cum
510 2516 637 2548 illustri
664 2516 830 2547 domino..
858 2524 935 2557 rege
964 2516 1086 2557 Anglie
1113 2525 1153 2548 ac

145 2586 157 2602 ι(
172 2573 248 2614 ejus
266 2570 556 2614 procuratoribus
574 2572 610 2601 et
629 2569 761 2601 nuntiis
781 2570 823 2601 de
842 2570 1012 2601 mandato
1031 2572 1152 2601 sancte

144 2624 426 2658 «recordationis
453 2623 586 2654 domini
618 2623 813 2654 Iunocentii
841 2632 931 2664 pape
963 2622 1047 2659 1111,
1077 2631 1153 2663 pre—

144 2677 362 2711 «decessoris
392 2676 512 2713 vestri,
545 2675 781 2707 Sanctitatem
811 2675 975 2707 Vestram
1006 2676 1150 2707 reddam

145 2730 396 2774 «presentibus
420 2729 616 2765 certiorem,
643 2728 812 2760 noveritis
837 2738 891 2760 010
917 2731 997 2770 post
1022 2728 1152 2760 multos

145 2798 157 2813 υ
174 2786 352 2816 tractatus
376 2792 455 2814 cum
483 2782 659 2813 nobilibus
683 2781 766 2812 viris
791 2781 942 2813 dominis
974 2782 1151 2813 1110113010

144 2836 357 2873 «Cornuliie,
385 2838 421 2867 ct
449 2835 592 2871 Karolo,
624 2834 805 2865 l’roviucic
833 2835 1033 2871 comitibus,
1062 2845 1152 2866 recc—

146 2890 264 2932 «pisse
287 2889 415 2932 prefati
438 2888 569 2919 domini
597 2888 621 2918 I.
645 2887 781 2919 litteras
803 2887 836 2918 in
861 2887 952 2919 lumc
976 2888 1120 2919 modurn
1146 2898 1151 2919 :

179 2992 201 3014 1.
221 2992 259 3014 Au
273 2993 339 3019 sulet
352 2993 383 3014 do
395 2994 462 3014 cette
474 2992 533 3013 date
547 2992 601 3013 volr
613 2991 668 3017 plus
682 2991 743 3012 haut
756 2995 785 3012 η’
797 2991 869 3017 3031,
882 2993 949 3013 note.

1770 374 1915 406 Perouse,
1940 375 1973 401 11
1998 375 2075 402 avril
2100 376 2185 402 1253.

1304 437 1316 453 «
1358 425 1583 457 Innocentius
1620 429 1686 457 etc.
1726 427 1893 468 magistro
1932 428 2089 466 Alberto,
2128 430 2264 461 notario

1257 488 1271 507 ι
1286 480 1405 509 nostro
1426 481 1493 510 etc.
1516 479 1603 510 Cum
1624 489 1728 520 super
1749 480 1888 520 negotio
1910 481 2005 521 regni
2028 481 2139 513 Sicilie
2161 482 2265 513 caris-

1256 530 1372 562 «simo
1398 530 1434 562 in
1460 531 1598 563 Christo
1626 531 1698 563 filio
1725 534 1869 564 nostro..
1896 533 2024 565 illustri
2048 534 2119 575 regi
2142 534 2265 575 Anglie

1256 584 1537 624 «crucesignato,
1560 594 1622 615 suo
1643 584 1698 615 vel
1720 584 1783 615 filii
1803 585 1855 616 sui
1878 586 2017 617 nomine
2039 587 2265 618 committen-

1256 636 1339 672 «do,
1365 636 1451 667 alias
1476 637 1539 668 tibi
1566 637 1704 668 litteras
1729 637 1931 677 dirigamus,
1958 639 2179 679 providentie
2204 642 2265 672 tue

1255 701 1267 717 «
1283 690 1498 720 concedendi
1533 690 1645 722 eidem
1682 690 1751 729 regi
1787 690 1839 721 vel
1877 691 1984 731 ipsius
2023 692 2094 723 filio
2131 693 2265 724 (1101001

1256 754 1267 769 «
1283 750 1441 783 regnum,
1459 743 1486 774 si
1503 743 1681 784 prefatum
1699 744 1879 783 negotium
1897 744 2089 775 efficaciter
2105 755 2265 786 assump-

1256 848 1440 890 «illudque
1466 849 1502 880 in
1529 849 1791 890 susceptionem
1818 851 1853 880 et
1881 850 2128 881 executionem
2157 850 2265 891 ipsius

1257 901 1417 942 «negotii
1446 901 1704 938 commutandi,
1735 901 1875 943 plenam
1904 905 1940 933 et
1968 902 2115 934 liberam
2143 903 2267 934 tribui-

1258 963 1366 986 «mus
1395 954 1439 986 de
1468 954 1621 986 fratrum
1652 957 1855 986 nostrorum
1885 955 2028 987 consilio
2059 958 2094 986 et
2124 965 2266 987 assensu

1258 1019 1271 1036 «
1286 1007 1501 1039 auctoritate
1516 1007 1734 1049 presentium
1750 1009 1979 1049 potestatem.
1996 1008 2091 1039 Nulli
2105 1017 2185 1049 ergo
2200 1012 2267 1041 etc.

1259 1071 1271 1088 α
1287 1060 1371 1092 Dat.
1396 1060 1540 1098 Perusii,
1569 1060 1622 1092 III
1644 1061 1724 1093 idus
1747 1060 1877 1102 aprilis,
1902 1061 2135 1102 pontificatus
2157 1062 2268 1093 nostri

1257 1123 1381 1145 «anno
1403 1114 1449 1146 X.
1473 1126 1486 1144 »

1303 1178 1315 1195 «
1337 1167 1427 1198 Item
1449 1166 1591 1210 r[ecepi]
1614 1166 1701 1200 alias
1721 1167 1757 1199 in
1779 1167 1870 1199 113110
1892 1168 2044 1200 formam
2067 1179 2073 1200 ε

1627 1279 1676 1305 Au
1699 1278 1828 1311 Latran,
1852 1278 1889 1305 20
1914 1278 2077 1305 decembre
2100 1279 2187 1306 1253.

1307 1346 1319 1362 «
1360 1334 1586 1365 Innocentius
1623 1336 1690 1365 etc.
1730 1333 1898 1374 magistro
1935 1333 2093 1370 Alberto,
2132 1334 2269 1365 notario

1261 1389 1421 1424 «nostro,
1455 1386 1659 1428 Apostolice
1694 1386 1792 1418 Sedis
1823 1386 1952 1427 legato.
1987 1386 2178 1418 Prudentie
2211 1389 2271 1418 tue

1259 1451 1272 1468 «
1287 1440 1502 1472 concedendi
1525 1439 1653 1471 dilecto
1677 1439 1749 1470 filio
1774 1439 1882 1471 nobili
1904 1439 1980 1470 viro
2003 1439 2158 1479 Aymoni
2181 1439 2268 1480 (sic)

1259 1503 1272 1521 ι
1287 1495 1372 1524 nato
1396 1492 1565 1524 carissimi
1589 1492 1624 1523 in
1650 1492 1787 1523 Christo
1812 1492 1875 1523 filii
1900 1492 2011 1523 nostri
2034 1492 2158 1533 Anglie
2182 1493 2270 1534 regis

1259 1545 1443 1582 «illustris,
1473 1554 1621 1586 regnum
1651 1545 1765 1576 Sicilie
1795 1545 1860 1576 sub
1890 1545 2098 1577 decentibus
2126 1547 2162 1577 et
2190 1555 2272 1577 con-

1259 1598 1380 1638 «gruis
1404 1598 1669 1629 conditionibus
1696 1608 1784 1639 quas
1807 1600 1847 1629 tu
1873 1597 1977 1634 nosti,
2003 1597 2031 1629 si
2056 1597 2210 1629 Ecclesie
2234 1601 2270 1629 et

1259 1650 1396 1693 «ipsius
1428 1650 1525 1692 regni
1558 1650 1741 1692 negotium
1773 1651 1867 1681 idem
1899 1660 1960 1681 rex
1992 1650 2187 1682 efficaciter
2218 1660 2272 1682 as-

1259 1704 1489 1746 «sumpserit,
1517 1704 1658 1745 plenam
1685 1706 1721 1735 et
1746 1703 1893 1734 liberam
1918 1703 2108 1734 tribuimus
2135 1703 2177 1734 de
2202 1703 2271 1735 fra-

1259 1759 1383 1788 «trum
1416 1760 1620 1788 nostrorum
1651 1756 1796 1788 consilio
1822 1758 1857 1787 et
1883 1765 2029 1788 assensu
2056 1756 2271 1788 auctoritate

1259 1810 1506 1851 «presentium
1546 1812 1778 1852 potestatem.
1820 1808 1915 1840 Nulli
1955 1817 2036 1850 ergo
2076 1811 2143 1841 etc.
2186 1809 2269 1841 Dat.

1259 1863 1465 1900 «Laterani,
1494 1862 1588 1894 XIII
1615 1863 1684 1894 kal.
1710 1862 1874 1903 januarii,
1901 1862 2135 1903 pontificatus
2160 1862 2271 1894 nostri

1259 1925 1381 1948 «anno
1407 1916 1474 1947 XI.
1501 1928 1514 1944 n

1305 1981 1319 1998 «
1337 1969 1475 2000 Harum
1494 1969 1603 2010 igitur
1620 1968 1846 2005 auctoritate,
1860 1978 1941 1999 cum
1961 1970 2138 2000 tractatus
2156 1968 2270 2000 habiti

1258 2032 1367 2054 «cum
1398 2022 1565 2064 predictis
1597 2021 1774 2053 nobilibus
1806 2021 1848 2052 R.
1880 2023 1916 2052 et
1947 2021 1982 2053 C.
2014 2021 2204 2053 comitibus
2234 2021 2268 2053 in

1260 2075 1458 2107 «nichilum
1489 2074 1714 2106 devenissent
1745 2084 1807 2106 nec
1837 2077 1928 2106 esset
1958 2084 2036 2115 spes
2067 2074 2161 2116 quod
2192 2084 2270 2116 pos-

1258 2141 1271 2158 «
1286 2132 1364 2161 sent
1385 2136 1562 2168 resurgere
1583 2138 1664 2159 culn
1684 2119 1827 2163 effectu,
1850 2127 1972 2159 multis
1993 2127 2268 2159 difficultatibus

1259 2181 1550 2222 «emergentibus
1580 2181 1660 2212 111110
1689 2183 1725 2212 et
1754 2180 1846 2217 inde,
1878 2190 1941 2211 nec
1973 2181 2131 2221 prefatus
2160 2190 2221 2212 rex
2250 2191 2268 2213 3

1261 2236 1382 2267 «bono
1415 2234 1596 2276 proposito
1629 2234 1724 2275 quod
1756 2234 1956 2275 concepisse
1989 2233 2174 2265 dicebatur
2206 2234 2278 2278 uisiv

1260 2300 1273 2318 a<
1287 2290 1379 2320 esset
1397 2287 1577 2319 voluntati
1595 2296 1656 2318 sue
1674 2286 1899 2318 satisfactum
1918 2287 1954 2317 in
1972 2287 2089 2328 aliquo
2110 2287 2267 2324 resiliret,

1259 2340 1437 2383 «receptis
1457 2340 1566 2382 ipsius
1588 2340 1677 2381 regis
1698 2339 1825 2371 litteris
1846 2340 1881 2371 in
1903 2340 1968 2372 1130
1991 2340 2104 2372 forma
2128 2350 2134 2371 :

1768 2447 1879 2480 Bazas,
1904 2447 1940 2474 12
1962 2447 2076 2475 (ενι-101·
2098 2448 2185 2477 1254.

1307 2515 1320 2531 «
1344 2503 1390 2535 H.
1418 2502 1483 2534 Dei
1508 2501 1621 2544 gratia
1647 2511 1708 2533 rex
1734 2502 1857 2543 Anglie
1882 2504 1949 2533 etc.
1975 2502 2167 2534 venerabili
2194 2502 2268 2534 viro

1262 2556 1458 2597 «magistro
1497 2556 1538 2588 A.
1578 2555 1711 2586 domini
1750 2564 1840 2597 pape
1878 2555 2027 2592 notario,
2067 2555 2268 2597 Apostolice

1259 2610 1385 2641 «Sedis
1406 2609 1522 2650 legato
1544 2611 1610 2640 ete.
1633 2608 1721 2640 Cum
1744 2618 1805 2639 nos
1826 2610 1861 2639 et
1882 2608 2123 2650 progenitores
2144 2607 2269 2647 nostri,

1258 2674 1272 2691 «
1286 2663 1437 2694 honores
1467 2662 1584 2694 varios
1616 2664 1652 2693 et
1684 2661 1895 2703 quamplura
1929 2661 2098 2692 beneficia
2131 2670 2267 2702 recepe-

1259 2716 1397 2747 «rimus
1422 2725 1441 2747 a
1469 2715 1598 2746 Sancta
1626 2715 1788 2745 Romana
1815 2714 1969 2745 Ecclesia
1998 2716 2108 2745 matre
2135 2716 2267 2752 nostra,

1258 2769 1435 2809 «dignum
1467 2770 1674 2809 reputamus
1706 2770 1741 2799 et
1772 2767 1901 2799 rationi
1933 2777 2127 2798 consonum
2160 2769 2199 2798 ut
2230 2766 2265 2797 in

1258 2834 1271 2850 «
1287 2822 1352 2853 hiis
1373 2831 1441 2863 que
1461 2821 1585 2852 honori
1605 2823 1640 2852 et
1663 2820 1809 2852 utilitati
1830 2819 1962 2852 domiui
1983 2829 2073 2861 pape
2093 2822 2129 2851 et
2148 2819 2266 2851 Eccle-

1259 2887 1272 2904 ι(
1286 2875 1334 2907 310
1358 2874 1514 2916 predicte
1537 2876 1737 2915 congruunt
1760 2877 1795 2905 et
1817 2872 2266 2915 expediunt,exhibeamus

1259 2937 1350 2959 «nos
1371 2927 1491 2959 faciles
1512 2930 1548 2958 et
1569 2927 1749 2968 benignos.
1774 2926 1863 2958 Sane
1885 2936 1965 2958 cum
1986 2926 2080 2958 idem
2102 2925 2266 2957 dominus

1260 2990 1380 3022 «papa
1407 2990 1468 3021 per
1494 2980 1662 3012 dilectum
1688 2980 1850 3011 clericum
1879 2981 2037 3011 nostrum
2065 2979 2266 3011 ,1011300010
