2477 3512
977 283 1253 324 QUATRIEME
1274 283 1436 316 ANNEE
2187 291 2247 321 783

130 390 236 420 fuerat
262 390 396 419 obtenta
423 390 599 419 secundum
624 392 769 419 tenorem
796 388 922 428 prestiti
947 387 1132 427 juramenti,

129 451 186 472 nec
204 452 256 472 eos
274 442 451 482 ar[c]tabat
468 443 500 472 in
519 443 563 472 sic
578 445 744 472 contracto
757 442 840 472 inter
849 451 902 471 eos
912 441 950 471 de
967 440 1135 475 factossma-

129 495 280 525 trimonio
296 504 470 530 remanere,
488 496 543 525 sed
560 496 645 534 ipsos
662 495 788 534 proprie
805 494 984 524 voluntatis
1001 493 1134 523 arbitrio

129 548 340 586 relinquebat.

170 601 236 630 Nos
261 601 368 639 igitur,
394 601 454 630 hiis
479 604 512 630 et
536 601 605 630 aliis
631 610 692 639 que
718 610 824 630 coram
850 600 961 629 eodem
986 599 1135 638 episcopo

129 653 315 683 Penestrino
340 662 358 683 a
384 654 529 692 partibus
554 654 630 692 ipsis
655 653 742 683 fuere
767 653 939 692 preposite,
974 662 1030 691 per
1062 661 1135 681 eum

129 706 220 735 nobis
241 708 274 735 et
293 706 446 735 fratribus
467 706 584 736 nostris
605 706 772 744 diligenter
800 706 918 739 relatis,
940 706 979 734 de
999 704 1136 734 fratrum

130 759 273 797 ipsorum
307 759 437 788 consilio
471 759 706 788 sententialiter
739 759 918 788 diffinimus
952 757 1138 796 hujusmodi

130 814 334 841 contractum
361 812 444 841 inter
470 811 612 850 reginam
639 814 672 841 et
696 812 867 841 Balianum
894 811 1054 849 predictos
1082 811 1137 840 ha-

129 864 235 893 bitum
258 865 500 894 matrimonium
524 874 588 894 non
612 864 718 898 fuisse,
743 865 793 894 vel
818 864 1003 902 hujusmodi
1026 863 1138 893 matri-

130 917 274 946 monium
296 917 419 946 nullum
440 926 517 951 esse,
540 917 693 956 quicquid
714 926 754 946 ex
774 926 811 946 eo
831 917 882 946 vel
904 917 944 946 ob
965 917 1070 955 ipsum
1091 925 1138 945 se-

131 972 243 999 cutum
269 972 318 999 est
343 970 506 999 irritantes
532 979 587 999 seu
613 970 739 999 irritum
767 970 964 999 nuntiantes
993 970 1036 998 Et
1062 969 1137 1008 quia

131 1022 293 1061 predictus
320 1023 484 1057 Balianus,
515 1023 679 1052 occasione
707 1023 842 1061 predicti
869 1025 1064 1056 contractus,
1092 1032 1139 1051 re-

130 1083 229 1114 gnum
247 1075 343 1114 Cypri
359 1078 392 1104 et
408 1075 470 1105 alia
487 1076 572 1105 bona
589 1076 695 1114 regine
712 1076 884 1114 occupavit
901 1076 1055 1113 ejusdem,
1070 1084 1140 1114 pre-

130 1127 233 1157 fatam
250 1128 391 1166 reginam
408 1129 500 1167 plene
524 1129 565 1158 ad
590 1136 722 1167 regnum
739 1129 845 1167 ipsum
861 1138 919 1158 suo
935 1131 968 1158 et
985 1128 1139 1158 carissimi

129 1181 162 1210 in
194 1181 319 1210 Christo
349 1180 407 1210 filii
438 1181 539 1210 nostri
570 1182 726 1220 Hugonis,
758 1181 889 1211 illustris
919 1182 1000 1220 regis
1031 1181 1138 1220 Cypri,

131 1234 253 1272 pupilli,
269 1234 338 1263 nati
353 1235 401 1263 sui
420 1234 558 1268 nomine,
578 1237 610 1263 et
628 1235 669 1264 ad
688 1235 749 1264 alia
768 1235 852 1264 bona
871 1244 928 1264 sua
947 1235 1054 1264 omnia
1073 1244 1140 1264 mo-

131 1286 206 1316 bilia
229 1289 262 1316 et
284 1287 460 1316 immobilia
484 1287 721 1316 restituendum
745 1288 954 1321 decernimus,
978 1287 1139 1326 predictos

131 1342 353 1378 procuratores
383 1340 527 1378 ejusdem
556 1340 681 1369 Baliani
711 1341 780 1378 ejus
810 1341 937 1369 nomine
967 1349 1004 1369 ac
1033 1340 1138 1378 ipsum

132 1401 188 1431 per
222 1402 274 1422 eos
309 1393 351 1422 ad
386 1393 625 1422 restitutionem
661 1393 878 1431 predictorum
915 1393 1140 1422 nichilominus

131 1446 373 1483 compescendo.
407 1446 585 1484 Postquam
618 1448 728 1475 autem
761 1446 924 1484 sepedicta
957 1446 1064 1484 regina
1097 1447 1139 1475 ad

131 1498 275 1536 predicta
296 1498 402 1527 omnia
423 1498 514 1536 plene
535 1507 572 1527 ac
591 1498 713 1537 integre
733 1498 830 1528 fuerit
850 1499 1011 1532 restituta,
1032 1502 1064 1528 et
1084 1508 1140 1537 pa-

130 1550 257 1579 cificam
281 1559 391 1580 eorum
418 1551 649 1589 possessionem
675 1551 834 1586 hahuerit,
860 1552 886 1580 si
911 1551 1055 1590 prefatus
1078 1552 1141 1581 Ba-

128 1603 232 1633 lianus
260 1612 437 1642 proponere
464 1604 603 1633 voluerit
630 1613 701 1633 eam
728 1604 852 1634 ratione
879 1604 1055 1642 juramenti
1082 1605 1140 1634 hu-

128 1656 270 1694 jusmodi
295 1655 362 1686 fore
399 1657 653 1695 compellendam
679 1658 719 1686 ad
747 1658 1003 1687 contrahendum
1029 1658 1140 1687 matri-

130 1709 275 1738 monium
292 1718 365 1738 cum
383 1710 495 1739 eodem
511 1712 545 1739 et
561 1710 621 1739 hoc
638 1710 670 1739 in
686 1710 807 1748 judicio
823 1710 962 1739 voluerit
979 1711 1139 1750 prosequi,

129 1762 352 1791 exhibebimus
384 1762 412 1791 ei
444 1771 540 1801 super
571 1763 641 1796 hoc,
675 1765 805 1792 auctore
831 1764 980 1797 Domino,
1013 1764 1139 1802 justitie

130 1815 413 1853 complementum.
437 1815 523 1844 Nulli
547 1818 654 1845 nostre
676 1816 835 1845 sententie
857 1819 890 1845 et
923 1816 1139 1846 diffinitionis.

129 1871 190 1898 etc.
214 1868 289 1897 Dat.
306 1868 453 1902 Viterbii,
474 1868 523 1897 111
540 1869 603 1897 kal.
620 1869 739 1903 martii,
756 1878 842 1898 anno
859 1872 985 1908 quarto.
1003 1881 1015 1896 »

212 2093 291 2119 2511
691 2095 829 2126 Viterbe‚
841 2095 858 2121 3
870 2096 949 2121 avril
974 2095 1060 2122 1258.

172 2142 334 2169 Fratribus
368 2142 543 2176 Hospitalis
576 2144 604 2170 S.
639 2144 770 2171 Antonii
803 2144 987 2170 Viennensis
1019 2144 1141 2186 inhibet

131 2189 169 2207 ne
201 2182 239 2208 de
271 2184 371 2209 cetero
403 2182 525 2209 nullum
556 2183 776 2210 insufficientis
805 2184 1003 2210 litteraturae
1038 2191 1141 2210 Vlrum

132 2223 188 2247 aut
210 2221 371 2254 illegitime
395 2224 507 2248 natum
531 2223 562 2249 in
587 2224 772 2257 magistrum
797 2223 907 2256 eligere
928 2225 1139 2257 praesumant.

134 2261 229 2293 (REG.
253 2261 300 2293 25,
322 2262 342 2288 f.
367 2262 433 2293 131,
455 2266 500 2294 v0,
522 2270 570 2289 an.
597 2263 648 2295 IV,
670 2271 694 2290 c.
717 2263 779 2296 88.)

174 2365 185 2379 «
219 2353 385 2383 Fratribus
418 2354 595 2392 Hospitalis
631 2354 737 2384 Sancti
771 2355 904 2385 Antonii
944 2355 1140 2385 Viennensis.

133 2405 271 2435 Pietatis
291 2415 386 2445 opera
403 2415 464 2445 que
485 2406 733 2445 frequentantur
751 2408 782 2437 in
801 2408 962 2446 Hospitali
982 2411 1089 2438 vestro
1108 2411 1141 2438 et

132 2459 242 2488 ordine
269 2468 325 2488 nos
352 2459 511 2489 inducunt
537 2463 584 2494 ut,
612 2469 673 2499 que
700 2461 740 2490 ad
768 2461 909 2499 ipsorum
937 2462 1082 2491 decorem
1109 2464 1141 2491 et

132 2514 314 2541 vestrarum
333 2512 491 2541 mentium
511 2522 623 2551 pacem
643 2514 821 2543 redundare
842 2514 1060 2552 perspicimus,
1081 2515 1141 2543 sol-

133 2565 217 2593 licite
239 2574 454 2603 procuremus.
478 2565 556 2595 Cum
590 2566 710 2604 itaque,
732 2567 815 2596 sicut
836 2567 1050 2605 accepimus„
1074 2577 1142 2597 ma-

132 2617 229 2655 gister
246 2620 352 2647 vester
369 2618 424 2656 qui
442 2619 533 2647 vobis
551 2618 683 2658 pr[e]est
702 2629 758 2657 pro
776 2622 930 2658 tempore,
949 2623 1090 2649 vestram
1108 2623 1141 2650 et

133 2669 333 2700 infirmorum
361 2680 497 2709 quorum
525 2671 674 2710 frequens
700 2672 876 2702 multitudo
903 2674 943 2702 ad
971 2673 1139 2711 Hospitale

135 2722 238 2761 ipsum
259 2724 405 2757 confluit,
427 2733 537 2753 curam
558 2724 673 2753 habere
695 2728 855 2760 noscatur,
877 2729 910 2755 et
930 2728 1061 2764 propter
1081 2727 1140 2756 hoc

134 2775 265 2814 dignum
280 2778 313 2805 et
329 2777 442 2806 decens
458 2777 578 2806 existat
593 2780 630 2806 ut
645 2787 713 2812 VOS,
729 2778 770 2808 ad
786 2788 866 2817 quos
881 2779 980 2817 ipsius
995 2779 1140 2817 magistri

133 2828 245 2857 electio
263 2829 421 2867 pertinere
438 2830 565 2864 dicitur,
584 2831 621 2859 de
639 2830 696 2859 tali
713 2840 847 2869 persona
864 2832 956 2861 vobis
973 2832 1140 2870 providere

134 2881 260 2915 curetis,
280 2891 341 2920 que
359 2884 452 2912 tanto
471 2886 627 2921 congruat
645 2884 731 2912 oneri
749 2886 782 2913 et
800 2884 922 2919 honori,
942 2894 1008 2919 nos,
1028 2895 1066 2914 ne
1085 2895 1141 2923 per

133 2933 268 2971 alicujus
291 2935 445 2964 astutiam
470 2936 519 2965 vel
544 2936 722 2974 potentiam
747 2937 841 2966 aliter
862 2937 964 2976 possit
986 2938 1138 2972 accidere,

132 2987 259 3016 salubre
281 2987 455 3017 remedium
479 2989 629 3018 adhibere
652 2989 806 3023 volentes,
829 2990 921 3019 vobis
943 2991 1137 3020 auctoritate

1240 386 1437 424 presentium
1463 388 1638 418 districtius
1664 389 1855 424 inhibemus,
1882 399 1921 419 ne
1947 390 2095 428 quotiens
2121 391 2246 420 dictum

1240 439 1410 477 Hospitale
1435 441 1588 479 magistro
1613 451 1727 472 vacare
1758 443 1939 481 contigerit,
1970 443 2094 472 nullum
2124 443 2248 473 insuffi-

1241 491 1353 521 cientis
1379 492 1559 523 litterature
1576 495 1681 524 virum
1699 498 1757 525 aut
1773 495 1936 534 illegitime
1953 498 2068 525 natum
2086 496 2125 525 de
2142 498 2247 526 cetero

1240 544 1273 573 in
1296 547 1440 575 vestrum
1464 547 1653 585 magistrum
1676 548 1788 587 eligere
1811 551 1844 577 et
1866 549 1958 578 vobis
1981 558 2155 587 preponere
2178 558 2248 587 pre—

1242 597 1388 632 sumatis,
1406 598 1473 628 sine
1488 600 1617 638 speciali
1633 601 1788 630 mandato
1806 602 1894 631 Sedis
1911 602 2094 640 Apostolice
2110 602 2248 631 faciente

1242 650 1370 688 plenam
1390 654 1423 680 et
1441 661 1623 690 expressam
1643 654 1681 682 de
1700 654 1890 683 inhibitione
1910 655 2095 692 hujusmodi
2113 655 2249 684 mentio-

1242 711 1326 731 nem.
1370 704 1456 733 Nulli
1499 708 1605 734 nostre
1648 706 1847 735 inhibitionis
1889 710 1949 736 etc.
1986 708 2061 736 Dat.
2101 707 2249 742 Viterbii,

1246 755 1295 784 III
1323 765 1423 785 nonas
1449 758 1567 795 aprilis,
1595 768 1679 788 anno
1706 762 1832 797 quarto.
1861 771 1872 786 »

1323 938 1411 964 2512
1809 939 1945 972 Viterbe,
1958 941 1975 966 9
1987 942 2065 968 avril
2082 942 2167 969 1258.

1284 987 1403 1013 Abbati
1434 987 1616 1013 monasterii
1647 988 1674 1014 S.
1711 988 1820 1014 Isidori
1845 988 2053 1021 Legionensis‚
2078 991 2194 1017 ordinis
2219 991 2248 1018 S.

1244 1026 1424 1059 Augustini,
1455 1027 1596 1060 indulget
1628 1028 1672 1059 ut,
1704 1028 1850 1060 quotiens
1880 1028 1961 1054 infra
1991 1030 2173 1056 monasterii
2203 1032 2251 1058 sui

1245 1066 1400 1092 ambitum
1427 1067 1458 1092 in
1486 1066 1606 1093 festivis
1633 1067 1918 1100 sollempnitatibus
1945 1075 1976 1094 se
2002 1069 2166 1096 missarum
2193 1071 2252 1097 sol-

1243 1106 1381 1139 lepmnia
1402 1106 1556 1132 celebrare
1578 1107 1753 1140 contigerit,
1776 1107 1926 1133 sandaliis
1948 1108 1995 1134 uti
2016 1109 2129 1136 valeat.
2153 1110 2249 1143 (ΗΒΕ.

1245 1145 1293 1177 25,
1316 1145 1336 1172 f.
1362 1145 1415 1171 131
1440 1150 1486 1177 νῦ,
1509 1153 1558 1172 an.
1585 1146 1636 1177 IV,
1659 1154 1684 1173 c.
1707 1146 1769 1179 89.)

1286 1242 1297 1256 «
1313 1253 1342 1265 ..,
1381 1230 1486 1260 abbati
1523 1231 1702 1260 monasterii
1740 1232 1847 1261 Sancti
1886 1232 2001 1262 Isidori
2037 1234 2250 1272 Leqionensis,

1244 1283 1364 1313 ordinis
1385 1283 1491 1313 Sancti
1512 1284 1695 1322 Auyustini,
1723 1285 1763 1313 ad
1781 1285 1955 1314 Romanam
1974 1286 2143 1316 Ecclesiam
2166 1288 2251 1317 nullo

1244 1336 1344 1365 medio
1364 1337 1583 1376 pertinenti[s].
1613 1337 1759 1366 Pensatis
1787 1347 1920 1376 persone
1950 1341 2005 1368 tue
2026 1358 2076 1369 —.
2100 1341 2175 1370 Dat.
2197 1341 2251 1370 Vi-

1246 1389 1350 1423 terbii‚
1373 1390 1401 1419 V
1422 1389 1493 1419 idus
1515 1390 1633 1428 aprilis,
1656 1400 1741 1420 anno
1763 1393 1890 1429 quarto.
1914 1403 1925 1418 »

1325 1573 1412 1599 2513
1810 1575 1948 1607 Viterbe,
1961 1575 1978 1601 5
1990 1576 2069 1602 avril
2086 1575 2171 1603 1258.

1287 1622 1409 1655 Rogcro
1436 1622 1472 1648 de
1499 1622 1648 1654 Riticurt,
1674 1623 1787 1649 rectori
1812 1624 1957 1650 ecclesiae
1984 1624 2021 1650 de
2045 1624 2256 1651 Brantestone

1246 1661 1389 1694 indulget
1420 1663 1465 1693 ut,
1496 1663 1619 1695 praeter
1648 1663 1810 1689 ecclesiam
1842 1663 1878 1689 de
1907 1663 2126 1696 Brantestone,
2158 1671 2253 1697 quam

1247 1701 1381 1733 obtinet,
1411 1703 1442 1728 et
1472 1702 1675 1728 medietatem
1705 1703 1851 1729 ecclesiae
1881 1703 1918 1729 de
1948 1703 2153 1730 Minstertone
2183 1704 2255 1730 Lin-

1247 1741 1411 1767 colniensis
1434 1741 1575 1773 diocesis,
1598 1742 1658 1768 sibi
1680 1749 1698 1768 a
1719 1742 1779 1768 loci
1802 1743 1967 1769 diocesano
1990 1744 2254 1776 commendatam,

1247 1781 1374 1807 unicum
1402 1781 1488 1807 aliud
1516 1781 1703 1808 beneficium
1731 1782 1975 1808 ecclesiasticum
2003 1790 2109 1809 curam
2136 1784 2256 1810 habens

1247 1820 1425 1846 animarum
1450 1828 1617 1853 annexam,
1642 1821 1777 1855 recipere
1802 1823 1833 1848 et
1858 1822 1990 1848 retinere
2015 1823 2130 1850 valeat.
2156 1823 2254 1856 (REG.

1247 1860 1295 1891 25,
1317 1860 1338 1886 f.
1363 1860 1418 1886 131
1441 1863 1488 1891 νο,
1511 1868 1560 1887 an.
1586 1860 1638 1892 IV,
1661 1869 1685 1887 c.
1709 1861 1771 1894 90.)

1287 1956 1299 1971 «
1326 1945 1445 1983 Roqero
1473 1945 1509 1974 de
1536 1945 1681 1980 Riticurt‚
1711 1947 1816 1976 rectori
1846 1947 1966 1977 ecclesie
1987 1948 2022 1977 de
2042 1948 2252 1984 Brantestone,

1244 1998 1475 2027 Lincolniensis
1496 1998 1635 2028 diocesis.
1658 1999 1781 2029 Meritis
1803 2003 1858 2029 tue
1880 2001 2053 2039 probitatis
2088 2019 2138 2031 —.
2176 2002 2252 2032 Dat.

1245 2051 1391 2085 viterbii,
1419 2051 1510 2080 nonis
1535 2052 1654 2090 aprilis,
1681 2061 1766 2081 anno
1793 2056 1919 2091 quarto.
1947 2066 1958 2080 »

1327 2241 1413 2267 2514
1762 2243 1899 2276 Viterbe,
1912 2244 1949 2271 23
1960 2245 2073 2271 fevrier
2085 2246 2170 2273 1258.

1288 2281 1438 2314 Magistro
1454 2281 1613 2309 Bernardo
1632 2283 1669 2309 de
1688 2283 1811 2314 Olerda,
1829 2284 1991 2317 capellano
2002 2292 2067 2316 suo,
2080 2286 2251 2313 committit

1247 2322 1283 2347 ut
1312 2322 1454 2348 redditus
1483 2323 1514 2348 et
1543 2324 1715 2355 proventus
1745 2323 1877 2349 duorum
1907 2324 2130 2352 beneficiorum
2159 2326 2252 2353 eccle-

1246 2361 1454 2393 siasticorum,
1475 2361 1571 2388 etiam
1590 2369 1697 2388 curam
1717 2363 1902 2389 habentium
1923 2364 2108 2396 animarum,
2128 2365 2159 2391 in
2178 2366 2253 2392 civi-

1247 2402 1314 2427 tate
1333 2401 1381 2427 vel
1401 2401 1515 2427 diocesi
1534 2401 1779 2429 Barchinonensi
1798 2404 1991 2436 vacantium,
2011 2411 2065 2437 per
2082 2405 2251 2432 triennium

1246 2440 1387 2473 recipiat,
1416 2441 1447 2466 in
1475 2441 1662 2468 solutionem
1707 2442 1883 2469 debitorum
1912 2444 2057 2470 ecclesiae
2084 2445 2251 2471 Barchino-

1246 2481 1360 2512 nensis,
1389 2481 1505 2513 guerris
1533 2483 1563 2508 et
1592 2482 1661 2508 aliis
1687 2482 1780 2515 justis
1809 2483 1909 2509 causis
1937 2486 2096 2516 gravatae,
2125 2492 2252 2511 conver-

1246 2520 1367 2547 tendos.
1388 2520 1484 2554 (REG.
1504 2520 1552 2553 25,
1572 2521 1591 2548 f.
1615 2522 1667 2547 131
1689 2526 1734 2553 νο,
1755 2530 1803 2549 an.
1827 2522 1879 2554 IV,
1898 2530 1922 2550 c.
1944 2523 2005 2556 91.)

1267 2616 1277 2631 «
1288 2605 1328 2634 M
1330 2605 1444 2643 ayistro
1455 2606 1614 2636 Bernardo
1625 2607 1660 2636 de
1672 2607 1791 2641 Olerda,
1804 2608 1962 2646 capellano
1973 2610 2084 2643 nostro,
2105 2609 2250 2638 canonico

1244 2658 1502 2688 Barchinonensi.
1530 2660 1580 2688 Ex
1605 2662 1696 2698 parte
1721 2661 1912 2690 venerabilis
1937 2679 1986 2689 ψ.
2014 2662 2089 2690 Dat.
2104 2662 2248 2696 Viterbii,

1244 2711 1389 2740 kalendis
1414 2712 1532 2746 martii,
1558 2722 1642 2741 anno
1668 2715 1795 2751 quarto.
1823 2726 1833 2739 u

1325 2915 1411 2941 2515
1819 2917 1955 2948 Viterbe,
1968 2917 1985 2943 3
1997 2918 2075 2944 avril
2092 2918 2176 2945 1258.

1287 2954 1483 2981 Sententiam
1504 2955 1710 2983 diffinitivam
1731 2956 1770 2982 ab
1791 2956 1842 2987 H.‚
1866 2956 1950 2983 tituli
1970 2956 1998 2983 S.
2021 2957 2153 2984 Sabinae
2167 2966 2248 2991 pres-

1245 2994 1355 3028 bytero
1381 2995 1541 3026 cardinali,
1566 2995 1663 3022 latam
1688 2996 1719 3022 in
1744 3003 1837 3023 causa
1861 2996 1942 3022 inter
1965 2997 2149 3030 magistrum
2175 2998 2248 3025 Wil-
