2477 3512
317 285 382 315 694

313 358 427 398 quietis
448 355 615 387 commoda
631 353 735 384 studio
756 353 836 383 bene
850 351 965 392 agendi
982 361 1102 392 augere
1115 349 1255 381 deberes
1265 358 1301 380 ac

313 415 402 445 novis
424 422 552 453 semper
567 409 772 441 successibus
788 418 959 445 renovare,
982 418 1000 438 a
1013 406 1193 447 disciplinis
1212 408 1300 437 vete·
1326 438 1327 446 ,

313 480 383 500 rum
409 471 535 510 patrum
556 466 754 498 doctissimis
771 466 909 496 animum
931 473 1104 499 revocans,
1124 462 1154 493 id
1174 463 1300 503 operari
1325 469 1327 502 j

314 527 416 567 potius
439 528 470 555 te
492 524 646 554 delectat.
669 522 751 563 quod
771 531 831 552 non
846 520 941 551 decet
963 519 1167 556 monachum,
1189 522 1221 549 et
1243 518 1298 549 tibi
1324 538 1326 562 3

312 584 419 623 potest
439 581 569 611 infamio
592 588 751 620 generare
764 578 940 619 jacturam,
960 577 1040 607 ineo
1060 575 1200 606 maxime
1217 574 1300 615 quod
1325 579 1326 600 ἒ

312 638 516 669 Guillelmum
540 636 673 667 Arnaldi
694 635 797 665 virum
819 634 902 670 rixe,
921 632 1082 663 discordie
1110 632 1222 667 filium,
1248 631 1298 672 qui
1324 650 1325 657 κ

309 696 383 726 olim
413 695 507 725 animi
536 693 685 729 levitate,
706 692 757 722 vel
792 692 897 733 potius
927 690 1022 731 culpa
1051 699 1120 728 sua,
1153 688 1298 720 ordinem

311 753 447 783 fratrum
472 752 641 784 Minorum,
664 760 756 790 quem
780 750 948 791 professus
973 748 1094 782 fuerat,
1125 746 1299 786 dereliquit

312 810 383 850 post
406 808 505 839 vitam
527 807 648 847 absque
667 807 746 847 jugo
773 805 958 846 discipline,
983 814 1077 845 quam
1099 803 1181 834 idem
1208 802 1299 832 duxit

310 864 560 906 dampnabiliter
576 874 632 904 per
647 863 791 894 seculum
802 861 1042 903 vagabundam,
1056 861 1207 901 protextu
1220 868 1298 899 qua-

313 920 457 951 rumdam
480 920 660 950 litterarum
689 919 794 949 felicis
822 917 1057 949 recordationis
1080 917 1102 946 1.
1128 926 1208 957 pape
1230 924 1300 955 pre-

1324 907 1326 964 l

310 977 492 1009 decessoris
518 976 632 1011 nostri,
663 986 758 1016 super
782 974 984 1005 absolutione
1005 973 1103 1014 ipsius
1125 972 1163 1001 ab
1189 970 1300 1001 ordine
1324 965 1326 999 ἶ

311 1033 509 1075 supradicto,
528 1043 585 1074 per
613 1033 850 1072 surreptionem
869 1030 1087 1066 obtentarum,
1111 1028 1141 1059 in
1160 1032 1212 1058 tuo
1236 1037 1301 1058 mo-

311 1092 457 1123 nasterio
475 1090 628 1131 recepisti
653 1089 684 1119 in
707 1089 898 1119 monachum
917 1089 949 1117 et
979 1087 1009 1116 in
1030 1086 1180 1120 frat-rem,
1206 1094 1301 1115 occa-

1325 1024 1327 1037 l

1325 1046 1327 1118 l

1020 273 1251 307 REGISTRES
1276 272 1582 305 D’ALEXANDRE
1608 274 1651 305 lV

1353 348 1461 379 officio
1481 347 1522 379 de
1540 352 1652 380 cetero
1672 358 1864 390 permanere
1887 358 1893 380 1
1917 348 2055 380 firmiter
2069 359 2204 390 quoque,
2229 360 2265 381 ac
2287 350 2344 380 sub

1354 415 1437 446 pena
1455 405 1813 442 excommunicationis,
1833 414 1926 445 quam
1947 415 2033 443 eum,
2046 406 2097 446 qui
2116 408 2229 437 contra
2256 407 2346 438 fece-

1353 462 1407 495 rit,
1428 461 1575 492 volumus
1591 462 1659 503 ipso
1671 461 1759 492 far-to
1780 461 1960 496 incurrere,
1977 461 2171 500 inhibemus,
2186 465 2219 493 ut
2239 462 2345 493 nullus

1352 518 1505 558 deinceps
1539 517 1658 548 dictum
1694 517 1899 548 Guillelmum
1921 518 1995 549 inde
2025 528 2187 555 amovere,
2222 519 2272 550 vel
2303 519 2343 550 ad

1354 574 1513 615 prosatum
1535 574 1766 604 monasterium
1784 573 1894 605 Sancti
1917 573 2223 605 Facundireducere
2235 585 2344 616 presu-

1354 633 1418 661 mat
1440 630 1622 670 aliquando.
1642 630 1764 671 absque
1781 630 1934 661 mandato
1956 630 2047 662 Sedis
2061 631 2248 672 Apostolice
2273 641 2343 673 spe-

1353 687 1448 722 ciali;
1487 697 1603 728 preces
1641 691 1748 717 autem
1783 690 1817 718 et
1845 689 2033 728 preceptum
2062 690 2205 718 nostrum
2234 687 2347 719 taliter

1353 743 1533 784 adimpleas
1546 744 1578 774 in
1598 743 1656 774 liac
1669 748 1774 784 parte,
1799 747 1833 774 ut
1852 743 1971 774 exinde
1991 743 2242 785 (lignalaudibus
2263 744 2346 785 apud

1353 810 1410 831 nos
1437 804 1492 831 tua
1531 800 1703 831 sinceritas
1731 800 1900 831 habeatur.
1927 800 2075 840 Alioquin
2108 799 2346 831 venerabilibus

1324 854 1325 860 ¹
1353 856 1508 887 fratribus
1546 857 1691 887 nostris..
1726 857 1918 897 Legionensi
1949 859 2006 887 et..
2042 857 2229 888 Zamorensi
2259 857 2345 898 epis-

1352 913 1450 954 copis,
1479 924 1534 954 per
1563 913 1688 944 litteras
1721 916 1849 944 nostras
1875 913 2086 954 injungimus,
2110 916 2143 944 ut
2177 915 2210 944 te
2235 912 2275 944 ad
2298 913 2343 950 id,

1353 970 1527 1001 monitione
1539 970 1697 1011 premissa
1707 980 1764 1010 per
1773 980 1943 1000 censuram
1953 969 2226 1008 ecclesiasticam,
2235 969 2346 1011 appel—

1352 1026 1473 1057 latione
1496 1029 1634 1061 remota,
1658 1026 1874 1067 compellant:
1899 1036 1960 1057 non
1988 1026 2140 1057 obstante
2161 1027 2186 1057 si
2214 1026 2270 1058 tibi
2296 1026 2347 1058 vel

1355 1083 1550 1113 monasterio
1572 1086 1626 1113 tuo
1656 1092 1673 1112 a
1693 1082 1778 1113 Sede
1801 1082 1990 1123 Apostolica
2019 1083 2060 1113 sit
2078 1082 2246 1116 indultum.
2265 1082 2347 1124 quod

311 1149 401 1179 sione
422 1148 522 1189 ipsius
539 1151 568 1177 te
587 1146 740 1176 infestum
762 1144 890 1175 dilectis
907 1143 978 1174 tiliis
999 1143 1156 1173 fratribus
1173 1141 1302 1172 Minori·
1326 1132 1328 1174 l
1355 1139 1506 1180 suspendi
1521 1139 1572 1169 vel
1591 1139 1742 1170 interdici
1762 1140 1818 1169 aut
1832 1139 2108 1170 excommunicari
2126 1150 2187 1170 non
2203 1140 2345 1181 possitis,

312 1204 417 1235 bnsde
430 1209 542 1234 sancto
565 1201 725 1238 Facundo,
739 1200 951 1241 Legionensis
961 1199 1111 1236 diocesis,
1129 1198 1300 1235 exhibens,

311 1262 339 1291 in
364 1271 475 1291 eorum
498 1259 700 1292 scandalum,
726 1266 903 1297 gravamen
925 1256 973 1287 sui
996 1255 1116 1286 ordinis
1135 1257 1168 1286 et
1189 1254 1302 1284 salutis

312 1320 365 1348 tue
386 1328 446 1347 non
470 1316 626 1347 modicum
644 1315 886 1345 detrimentum.
905 1312 990 1343 Idem
1005 1322 1142 1352 namque
1169 1310 1304 1341 Guillel-

312 1384 380 1404 mus
403 1374 432 1403 in
465 1371 663 1403 monasterio
683 1371 752 1412 ipso
785 1369 842 1400 sub
862 1372 917 1400 tue
949 1368 1163 1410 protectionis
1195 1367 1306 1398 umbra
1331 1409 1332 1413 Ἰ

312 1430 434 1471 pariter
456 1431 489 1460 et
510 1428 631 1459 favoris
652 1426 875 1457 monachalem
893 1436 1013 1466 gerens
1034 1425 1189 1462 habitum,
1212 1434 1306 1464 quem
1332 1462 1333 1472 γ

313 1486 456 1517 moribus
476 1485 647 1522 diffitetur,
668 1483 784 1516 adhuc,
798 1484 831 1513 ut
844 1483 929 1514 olim.
951 1480 1307 1513 fraudulenterincedit
1332 1492 1334 1518 ‘3

317 1544 390 1585 post
410 1543 585 1584 principem
604 1540 811 1572 tenebrarum
827 1550 861 1569 se
880 1540 911 1569 in
926 1538 1007 1569 lucis
1029 1538 1178 1579 angelum
1201 1540 1307 1568 trans-
1333 1566 1335 1586 ³,

316 1600 475 1641 figurans,
493 1598 565 1629 dum
593 1598 651 1627 sul)
672 1597 781 1638 specie
802 1596 1001 1628 sanctitatis,
1027 1595 1121 1636 cnjus
1153 1594 1308 1625 virtutem
1334 1612 1335 1619 κ

317 1666 448 1698 prorsus
473 1655 627 1694 abnegat,
651 1656 763 1684 contra
787 1652 950 1694 predictos
978 1652 1101 1682 fratres
1126 1651 1234 1691 utique
1265 1651 1311 1680 in-
1335 1649 1336 1677 l

315 1717 485 1748 noc-entes,
508 1714 541 1742 ut
559 1710 700 1752 gladium
721 1710 807 1741 acuit
830 1708 973 1749 lingnam
998 1717 1089 1738 suam
1120 1718 1158 1738 ac
1181 1706 1310 1737 detrac-
1335 1712 1337 1756 l

315 1770 410 1801 tionis
432 1769 530 1799 dente
547 1768 666 1798 faniam
681 1776 790 1797 eorum
816 1766 977 1803 lacerans,
994 1764 1181 1795 constitutis
1202 1773 1310 1794 coram
1336 1757 1337 1791 i

313 1835 348 1856 se
373 1825 461 1856 clero
481 1829 513 1855 et
539 1824 665 1865 populo,
690 1826 724 1853 ut
746 1821 877 1853 audiant
905 1821 1039 1852 verbum
1064 1821 1133 1859 Dei,
1158 1830 1214 1861 pro
1237 1819 1312 1850 favo
1336 1813 1337 1829 ¹

313 1881 412 1912 divini
428 1881 587 1912 sermonis
608 1881 697 1910 virus
726 1878 846 1909 invidie
866 1877 1118 1909 subministrare
1141 1877 1309 1918 presumit,
1336 1879 1337 1907 1

313 1944 347 1969 et
367 1949 478 1970 eorum
498 1937 687 1968 munditiam
709 1945 746 1966 ac
765 1936 796 1966 in
818 1935 896 1976 ipsis
919 1934 1109 1965 sanctitatis
1126 1934 1262 1964 formam
1279 1936 1313 1964 et
1336 1934 1338 1970 ξ

311 1995 440 2037 justitie
460 1993 626 2035 speculum
648 1993 762 2023 nititur
784 1991 978 2032 depravare,
1001 2000 1134 2030 quorum
1166 1990 1310 2021 ordinem
1337 1995 1338 2029 j

315 2053 466 2083 Dominus
484 2056 517 2082 ut
534 2051 700 2081 lucernam
721 2049 882 2089 insignem
902 2047 943 2078 ad
971 2047 1237 2077 illuminationem
1257 2046 1312 2077 ‹lo-

315 2120 384 2140 inus
406 2119 462 2139 sue
478 2109 564 2139 inter
585 2107 664 2138 alias
685 2105 856 2137 celestium
886 2104 1122 2145 exemplarium
1145 2103 1311 2144 lampades
1338 2106 1339 2131 I

316 2166 498 2197 suscitavit.
531 2164 578 2194 Ne
599 2164 699 2204 igitur
718 2162 802 2193 idem
824 2161 862 2192 G.
892 2162 925 2191 in
950 2160 1099 2201 injuriam
1128 2160 1248 2191 Christi
1280 2164 1311 2189 et

316 2224 460 2253 nostram
482 2231 519 2251 ac
541 2219 757 2261 predictorum
778 2218 916 2248 fratrum
953 2217 1159 2258 opprobrium
1177 2226 1211 2246 se
1233 2227 1312 2256 gan-

316 2279 393 2310 deat
416 2277 611 2318 triumphum
632 2276 671 2306 de
688 2275 788 2306 tantis
810 2273 1001 2304 excessibus
1023 2273 1111 2304 etde
1129 2273 1189 2303 liiis
1211 2273 1309 2303 veluti

318 2335 376 2377 piis
391 2334 542 2375 operibus
557 2332 685 2363 laudum
707 2331 828 2372 premia
849 2332 1030 2371 reportare,
1051 2329 1238 2360 discretioni
1256 2331 1310 2360 tue

319 2402 376 2432 per
390 2390 570 2433 apostolica
591 2389 724 2429 scripta,
747 2387 777 2417 in
797 2387 918 2417 virtute
942 2386 1139 2420 obedientie,
1161 2386 1310 2417 districte

320 2446 526 2490 precipiendo
548 2445 747 2483 mandamus,
761 2444 912 2485 quatinus
933 2442 1069 2473 eundem
1103 2443 1309 2474 Guillelmum

319 2504 455 2536 Arnaldi
471 2516 490 2534 a
506 2503 633 2545 prefato
649 2501 858 2536 monasterio,
877 2500 961 2530 infra
971 2500 1111 2540 spatium
1128 2499 1310 2540 quindecim

320 2561 443 2592 dierum
460 2563 532 2602 post
548 2559 768 2600 receptionem
790 2557 999 2598 presentium,
1021 2556 1090 2586 sine
1117 2556 1310 2587 difficultate

322 2618 517 2653 transferas,
535 2626 592 2657 per
613 2619 656 2651 te,
678 2614 874 2645 auctoritate
894 2612 1056 2649 nostra,in
1066 2612 1127 2642 alio
1149 2614 1312 2643 monaste-

322 2675 368 2705 rio
391 2675 437 2705 tui
465 2673 586 2704 ordinis
602 2671 837 2703 collocandum.
869 2669 934 2700 Nos
963 2669 1048 2698 enim
1069 2669 1256 2707 statuimus,
1278 2672 1313 2700 ut

323 2731 438 2763 ibidem
470 2730 559 2761 velut
587 2728 725 2769 simplex
755 2725 953 2760 claustralis
983 2735 1076 2766 quem
1109 2725 1313 2757 decernimus

323 2786 499 2828 cujuslibet
518 2785 616 2816 officii
644 2787 677 2815 et
699 2783 868 2824 regiminis
901 2781 1099 2823 presidentia
1120 2782 1168 2812 vel
1181 2782 1315 2812 aminis-

325 2844 464 2875 tratione
488 2842 666 2882 indignum,
696 2843 761 2871 tam
789 2840 876 2870 intus
898 2848 993 2879 quam
1030 2840 1126 2869 extra
1152 2841 1315 2870 monaste-

325 2901 418 2938 rium,
437 2908 636 2939 quocumque
661 2897 788 2928 nomine
809 2896 994 2931 censeatur,
1017 2894 1134 2925 debeat
1165 2895 1315 2936 predica-

328 2957 423 2986 tionis
444 2957 477 2986 et
501 2954 714 2986 confessionis
742 2963 759 2983 a
786 2952 875 2983 nobis
901 2953 930 2982 in
956 2954 1147 2992 perpetuum
1167 2951 1315 2992 privatus

1357 1199 1413 1226 aut
1428 1195 1680 1236 (piibuscmnque
1704 1196 1822 1226 litteris
1849 1206 1905 1226 seu
1933 1195 2142 1236 indulgentiis
2166 1196 2348 1237 impetratis

1329 1262 1331 1271 ¹
1356 1263 1411 1283 seu
1432 1253 1642 1294 imposterum
1661 1251 1884 1293 impetrandiS,
1908 1262 1965 1293 per
1983 1262 2062 1292 quas
2087 1254 2198 1283 nostre
2228 1252 2258 1283 in
2286 1252 2347 1283 hac

1356 1311 1447 1350 parte
1484 1309 1720 1340 commissionis
1742 1308 1926 1349 jurisdictio
1953 1309 2100 1350 impediri
2129 1309 2182 1340 vel
2210 1307 2346 1347 differri,

1356 1368 1411 1396 aut
1429 1366 1526 1397 etiam
1543 1365 1726 1407 hujusmodi
1747 1370 1859 1397 nostre
1878 1366 2122 1397 constitutionis
2139 1365 2348 1397 etinhibitio—

1358 1424 1405 1454 nis
1442 1423 1539 1454 robur
1577 1423 1684 1454 valeat
1719 1422 1883 1453 infirmari.
1916 1423 2028 1453 Datum
2070 1422 2224 1459 Viterbii,
2256 1422 2348 1453 nonis

1358 1479 1513 1514 octobris,
1530 1489 1614 1510 anno
1635 1479 1744 1510 tertio.
1765 1493 1778 1506 υ

1431 1585 1532 1612 2252
1891 1584 2016 1611 Viterbc.
2033 1586 2048 1609 2
2065 1584 2184 1609 octobre
2205 1584 2279 1609 1257.

1399 1675 1533 1709 Magistro
1547 1674 1674 1700 Thoinae
1684 1674 1796 1700 decano
1813 1673 1976 1699 Ceritaniae
1996 1681 2028 1699 ac
2045 1673 2186 1699 ecclesiae
2202 1673 2229 1699 S.
2247 1672 2352 1699 Mariae

1364 1722 1399 1748 de
1415 1722 1524 1748 Tolono
1539 1725 1567 1748 et
1585 1721 1727 1748 ecclesiae
1744 1722 1778 1748 de
1795 1720 2051 1748 Turrellisrectori
2072 1721 2214 1755 indulget,
2228 1723 2354 1755 utprae-

1364 1772 1407 1795 ter
1421 1770 1499 1803 ipsos
1514 1770 1690 1796 decanatum
1708 1774 1737 1796 et
1749 1771 1897 1802 ecclesias,
1908 1770 2050 1797 beneficia
2063 1770 2272 1801 ecclesiastica,
2289 1768 2354 1804 qui-

1364 1818 1417 1844 bus
1435 1826 1493 1844 non
1511 1818 1549 1844 sit
1567 1827 1637 1844 cura
1655 1819 1820 1845 animarum
1837 1827 1962 1851 annexa,
1980 1827 2074 1853 usque
2092 1819 2128 1845 ad
2142 1818 2270 1844 valorem
2284 1825 2353 1852 qua-

1364 1866 1500 1901 draginta
1512 1875 1678 1893 marcarum
1695 1868 1807 1902 argenti
1824 1867 1957 1901 recipere
1977 1866 2080 1893 valeat.
2100 1868 2177 1899 mim.
2200 1868 2243 1897 25,
2260 1874 2285 1892 a.
2304 1866 2350 1895 ΙΙΙ,

1363 1922 1386 1940 e.
1406 1916 1466 1944 (¹159,
1485 1914 1503 1940 f.
1521 1915 1577 1947 86.)

1410 2020 1424 2034 α
1454 2006 1619 2049 illayistro
1650 2007 1766 2038 Tltome
1790 2006 1994 2039 subdiacono
2016 2013 2140 2045 nostro,
2174 2006 2350 2051 capellano

1363 2062 1481 2095 dilecti
1517 2063 1640 2105 fratris
1674 2063 1780 2095 nostri
1799 2065 1830 2095 .Ι.
1854 2063 1947 2095 tituli
1973 2064 2091 2095 Sancti
2114 2062 2292 2095 Laurentii
2314 2062 2350 2094 in

1364 2119 1494 2152 Lucina
1504 2119 1684 2163 presbiteri
1702 2120 1899 2157 cardinalis,
1918 2120 2045 2152 ‹lecum›
2060 2120 2352 2159 Ce1·ieanz'e‚acec-

1364 2176 1462 2207 clesie
1482 2176 1605 2208 Sancte
1624 2177 1732 2208 Mat-ie
1751 2177 1791 2208 (le
1811 2177 1933 2208 Tolmm
1949 2182 1981 2208 et
1999 2177 2134 2208 ecclesie
2143 2176 2182 2208 de
2199 2175 2348 2212 Turellis,

1363 2232 1495 2272 rectori,
1530 2244 1672 2276 quarum
1712 2244 1779 2265 muz
1810 2232 1974 2276 dependet
2003 2233 2044 2264 ab
2077 2232 2198 2271 altera,
2233 2231 2351 2276 Urqel—

1362 2289 1459 2321 sensis
1494 2295 1524 2320 ee
1562 2289 1788 2321 Narbonensis
1828 2289 2023 2322 (lioresz'um.
2052 2290 2226 2332 Cupientes
2262 2290 2352 2331 proni

1359 2346 1400 2378 ai
1431 2347 1570 2387 gratiam
1600 2365 1652 2378 —-,
1691 2347 1761 2378 Dat.
1798 2346 1949 2383 Viterbii,
1981 2347 2024 2377 VI
2059 2357 2158 2378 nouas
2193 2346 2350 2383 octobris,

1360 2414 1444 2434 anno
1459 2403 1567 2434 tertio.
1594 2416 1608 2430 »ι

1432 2511 1533 2538 2253
1875 2511 2001 2543 vuerhe,
2020 2514 2051 2537 15
2066 2512 2185 2538 octobre
2202 2514 2279 2539 1257.

1399 2603 1542 2637 Episcopo
1561 2604 1752 2630 Cremonensi
1769 2605 2054 2639 inandal,quatenus
2070 2606 2217 2632 Panevino
2232 2606 2352 2640 presby-

1364 2653 1436 2682 tero,
1452 2650 1520 2676 olim
1532 2651 1638 2677 recturi
1655 2651 1795 2678 ecclesiae
1806 2652 1832 2678 S.
1847 2652 1899 2678 Viti
1918 2652 2351 2687 Cremonensis,praebendam,

1363 2708 1437 2733 quae
1458 2700 1488 2726 in
1508 2699 1593 2734 plebe
1615 2699 1650 2726 de
1679 2700 1792 2726 l‘latina
1813 2708 1914 2727 vacare
1936 2701 2055 2732 dicitur,
2072 2701 2204 2727 conserat
2224 2709 2352 2735 eumque

1364 2748 1456 2781 recipi
1475 2748 1561 2774 saciat
1579 2748 1606 2774 in
1623 2748 1812 2774 canonicum.
1830 2749 1908 2776 iflico.
1923 2750 1964 2778 25.
1981 2756 2008 2775 a.
2026 2749 2072 2781 ΙΙΙ,
2090 2757 2114 2775 c.
2131 2750 2192 2780 660,
2211 2749 2228 2774 f.
2243 2749 2298 2782 86.)

1409 2853 1424 2867 «
1451 2865 1470 2870 ..
1488 2839 1640 2882 episcopo
1663 2840 1890 2871 Cremonensi.
1914 2840 2016 2882 Digne
2029 2840 2147 2872 debent
2164 2852 2221 2882 per
2241 2841 2351 2873 Eccle-

1365 2896 1445 2927 siam
1477 2897 1731 2929 consolationem
1750 2897 1871 2928 habere
1894 2918 1946 2928 —.
1971 2898 2042 2929 Dat.
2076 2898 2227 2936 Viterbii,
2250 2897 2352 2929 idibus

1365 2953 1519 2988 octobris,
1543 2964 1626 2984 anno
1647 2955 1754 2985 tertio.
1774 2968 1789 2982 »
