2477 3512
197 248 241 283 74
893 248 1162 283 REGISTRES
1187 248 1540 283 D'ALEXANDRE
1568 250 1618 283 IV

207 355 296 387 circa
316 355 529 387 mandamus
549 354 728 396 quatinus,
749 354 775 385 si
796 356 848 385 est
868 354 916 386 ita
937 357 973 385 et
992 353 1087 386 aliud
1107 364 1212 386 eano-

207 408 324 440 nicum
356 417 426 439 non
458 407 610 443 obsistit,
642 407 757 448 ipsum
789 407 834 437 ob
866 407 930 438 boc
965 406 1109 439 ulterius
1140 417 1210 439 non

207 460 381 493 molestes.
411 460 494 491 Dat.
523 460 692 500 Anagnie,
720 459 751 490 V
778 459 847 490 kal.
876 460 1088 497 novembris,
1117 470 1210 492 anno

207 513 343 556 quinto.
369 526 381 542 n

286 666 375 692 287⁴
675 666 809 700 Anagffi,
832 667 865 693 31
892 667 1019 694 octobre
1043 668 1129 694 1259.

247 719 409 753 Religiosis
443 719 589 746 ecclesiae
624 719 652 746 S.
689 719 805 746 Wlfadi
840 721 877 746 de
912 720 1035 752 Stanes,
1071 721 1210 754 indulget

206 765 242 790 ut
256 764 296 790 ad
310 764 540 790 ordinationem
555 763 687 797 alicujus
705 764 839 790 vicariae
853 765 884 790 in
898 765 1059 798 praedicta
1074 765 1211 796 ecclesia,

206 809 374 842 praetextu
394 808 601 841 quarumdem
621 808 799 834 litterarum
820 816 837 835 a
859 808 887 835 S.
910 809 987 835 Sede
1007 810 1211 842 prolatarum,

206 852 333 879 minime
349 853 527 879 teneantur.
545 852 642 885 (Rea.
661 852 709 884 25,
728 852 748 879 f.
767 853 824 879 226
842 856 887 884 v0,
905 860 954 879 an.
975 853 1009 884 V,
1027 861 1052 880 c.
1070 853 1152 888 202.)

250 946 262 962 «
287 958 307 965 ..
331 932 440 975 priori
465 933 494 963 el
517 932 694 964 conventui
719 932 851 964 ecclesie
876 933 992 965 Sancti
1020 933 1148 975 Wlladi
1173 935 1212 966 de

203 987 334 1023 Stanes,
373 984 506 1017 ordinis
546 985 664 1017 Sancti
703 986 906 1026 Auquslini,
951 986 1210 1019 Conoenlrensis

201 1039 355 1072 diocesis
385 1038 440 1070 Ex
466 1041 583 1069 vestre
612 1038 812 1070 devotionis
839 1057 894 1071 —.
925 1040 1008 1071 Dat.
1039 1040 1208 1081 Anagnie,

206 1093 239 1125 11
264 1091 334 1124 kal.
360 1090 572 1127 novembris,
599 1100 692 1122 anno
717 1091 855 1133 quinto.
882 1104 894 1120 ι)

282 1248 373 1275 2975
647 1250 781 1284 Anagni‚
806 1251 819 1277 1
845 1252 1015 1279 novembre
1039 1251 1126 1279 1259.

244 1302 407 1336 Religiosis
431 1303 613 1329 monasterii
637 1302 825 1330 Sanctorum
848 1303 1009 1331 Laurentii
1033 1306 1065 1332 et
1088 1304 1209 1332 Nicolai

204 1347 241 1373 de
274 1347 398 1380 Aquila,
431 1354 502 1373 cum
535 1347 566 1373 in
599 1347 729 1374 civitate
755 1348 918 1381 Aquilensi
937 1350 1124 1376 commorari
1143 1357 1206 1376 non

203 1390 334 1424 possint,
357 1390 490 1417 ruralem
512 1391 672 1417 ecclesiam
696 1392 724 1418 S.
748 1392 902 1419 Leonardi
925 1393 962 1420 de
984 1394 1080 1420 Cruce
1102 1393 1206 1425 Rodii,

203 1434 380 1468 Aquilensis
405 1434 544 1466 diocesis,
568 1443 639 1462 cum
664 1436 911 1469 possessionibus
935 1439 965 1464 et
988 1438 1110 1470 juribus
1134 1438 1208 1469 suis,

203 1478 268 1505 sine
286 1479 422 1513 episcopi
440 1481 470 1506 et
489 1479 665 1513 Aquilensis
683 1487 718 1506 ac
736 1480 765 1507 S.
784 1480 932 1507 Martiani
951 1482 987 1508 de
1007 1482 1108 1509 Rodio
1127 1483 1210 1516 capi-

202 1523 341 1549 tulorum
372 1531 509 1555 assensu,
530 1524 683 1555 concedit,
704 1526 847 1551 statuens
869 1527 903 1552 ut
924 1526 962 1552 dc
982 1528 1104 1553 caetero
1126 1527 1210 1553 dicta

203 1567 330 1594 ecclesia
348 1568 388 1593 sit
407 1570 501 1601 caput
522 1570 553 1594 et
572 1568 603 1594 in
622 1576 657 1595 ea
676 1569 791 1595 liberae
810 1571 841 1595 et
860 1572 1026 1603 exemptae
1046 1573 1206 1597 maneant.

204 1610 300 1644 (Rea.
320 1611 368 1643 25,
386 1611 407 1638 f.
426 1611 484 1638 226
502 1616 548 1644 v0,
566 1619 615 1639 an.
636 1613 672 1644 V,
691 1620 715 1639 c.
735 1613 792 1639 203
808 1621 814 1644 ;
835 1613 1007 1640 ΡοττΗΑετ
1026 1615 1148 1649 17695.)

249 1711 263 1728 «
288 1724 308 1732 ..
335 1699 505 1731 abbatisse
530 1703 557 1731 e!
582 1702 759 1733 conventui
785 1703 982 1734 monasterii
1009 1703 1210 1735 Sanctorum

204 1752 383 1784 Laurentii
421 1755 449 1784 et
486 1753 624 1785 Nicolui
663 1755 701 1785 (Ie
740 1754 879 1796 Aquilo,
919 1756 1052 1787 ordinis
1092 1757 1210 1789 Sam-ii

202 1805 380 1841 Damiani,
423 1806 466 1837 ad
505 1806 696 1838 Romanam
738 1807 925 1839 Ecclesiam
967 1809 1061 1841 nullo
1101 1810 1210 1841 medio

201 1858 413 1899 pertinentis.
435 1858 627 1900 Religionis
648 1861 749 1892 favor
769 1861 833 1892 sub
856 1880 909 1892 Α.
932 1863 1016 1893 Dat.
1039 1863 1209 1903 Anagnie.

202 1911 362 1942 kalendis
393 1912 606 1949 novembris,
641 1923 733 1944 anuo
767 1914 904 1955 quinto.
940 1928 952 1943 »

284 2061 372 2087 2978
649 2065 782 2098 Anagni,
807 2065 823 2092 7
846 2067 1016 2093 novembre
1041 2067 1127 2094 1259.

244 2113 391 2147 Magistro
424 2115 601 2149 Raynaldo,
631 2118 780 2144 canonico
811 2119 977 2151 Theatino,
1009 2122 1141 2147 mandat
1173 2123 1208 2147 ut

203 2159 427 2185 monasterium
448 2160 630 2187 monialium
651 2162 679 2188 S.
700 2162 855 2189 Johannis
874 2163 912 2190 de
932 2164 1070 2197 Logano,
1091 2166 1209 2192 ordinis

206 2201 234 2227 S.
266 2201 438 2235 Benedicti,
471 2204 710 2238 Albinganensis
743 2207 883 2239 diocesis,
916 2209 939 2234 si
974 2210 1207 2236 reformandum

206 2252 267 2271 non
288 2247 338 2277 sit,
358 2248 445 2274 uniat
466 2250 635 2275 conventui
656 2252 684 2276 S.
706 2252 890 2278 Catherinae
910 2253 1073 2285 Januensi,
1094 2255 1210 2281 ordinis

206 2288 408 2368 {bengrgiiani
425 2292 522 2325 (Res.
540 2294 587 2326 25,
604 2294 623 2320 f.
641 2295 698 2321 226
714 2299 760 2327 v0,
777 2303 826 2322 an.
844 2296 881 2328 V,
898 2304 922 2323 c.
940 2297 997 2323 204
1014 2306 1020 2329 ;
1038 2298 1209 2325 POTTnAST

266 2334 283 2360 9
307 2355 312 2361 .

251 2437 263 2453 «
297 2426 468 2467 Moyislro
504 2427 693 2468 Ii’aynuldo,
729 2430 891 2461 canonico
930 2431 1104 2463 leealino.
1142 2433 1210 2464 Sua

204 2478 306 2509 nobis
321 2479 446 2511 dilecte
460 2498 514 2510 -ὴ,
532 2480 615 2512 Dat.
631 2481 801 2521 Anagnie,
819 2482 886 2514 VII
903 2483 982 2515 idus
998 2486 1210 2523 novembris,

205 2539 298 2562 anno
321 2531 458 2573 quinto.
483 2544 496 2561 n

283 2692 372 2719 2977
646 2695 779 2729 Anagni‚
802 2697 819 2723 5
843 2698 1013 2725 novembre
1037 2699 1124 2726 1259.

245 2745 394 2779 Magistro
409 2747 525 2773 ordinis
541 2748 670 2775 militiae
687 2749 714 2775 S.
732 2749 844 2776 Jacobi
859 2751 889 2777 in
906 2751 1061 2785 Hispania
1078 2753 1209 2780 mandat

206 2791 240 2815 ut
255 2790 383 2816 Munino
399 2791 564 2823 Fernandi,
579 2792 667 2824 laico,
682 2793 772 2819 fratri
787 2794 903 2821 ordinis
919 2796 1071 2829 eJusdem,
1086 2797 1208 2830 signum

206 2834 289 2867 quod
319 2835 385 2861 dari
413 2837 480 2862 tam
509 2836 661 2863 militibus
691 2845 785 2871 quam
815 2839 881 2865 aliis
911 2840 1029 2866 ordinis
1059 2841 1210 2867 fratribus

206 2880 390 2905 consuetum
413 2881 459 2905 est
482 2882 512 2906 et
535 2881 619 2914 quod
641 2881 667 2907 ei
689 2884 778 2908 motu
800 2883 936 2916 proprio,
959 2884 1024 2911 sine
1046 2892 1141 2912 causa
1162 2893 1209 2912 ra-

207 2922 339 2948 tionibili
364 2923 548 2956 abstulerat,
573 2925 730 2952 restituat.
757 2926 853 2959 (Rea.
879 2927 928 2960 25,
953 2928 974 2954 f.
1000 2928 1069 2960 227,
1095 2936 1144 2955 an.
1170 2929 1208 2961 V,

207 2973 232 2992 c.
254 2966 336 2999 205.)

1348 367 1361 383 «
1399 355 1574 397 Maqislro
1612 357 1745 390 ordinis
1784 358 1908 390 mililie
1948 359 2066 392 Sancti
2106 361 2230 394 Jacobi
2276 362 2312 395 in

1304 407 1462 449 [spania.
1487 409 1647 442 Dilectus
1667 410 1763 442 filius
1785 412 1931 444 Munino
1954 431 2007 445 —.
2032 413 2116 446 Dat.
2141 415 2314 458 Anagnie‚

1302 462 1404 493 nonis
1431 463 1643 500 novembris.
1671 473 1764 496 anno
1791 465 1929 506 quinto.
1957 478 1970 494 ι)

1384 630 1474 658 2978
1775 635 1909 669 Anagni,
1931 635 1970 663 27
1992 636 2120 664 octobre
2143 637 2231 665 1259.

1345 684 1517 717 Theodino,
1551 687 1678 713 ostiario
1711 695 1778 720 suo,
1811 688 1843 715 in
1875 689 2070 723 possessione
2103 691 2314 725 quorumdam

1304 729 1458 756 bonorum
1483 731 1622 758 civitatis
1648 732 1792 765 Signinae
1817 733 1855 760 de
1880 734 1994 768 quibus
2017 735 2057 761 ab
2082 735 2259 762 octaviano
2283 735 2303 763 S

1305 773 1420 801 Mariae
1450 775 1481 801 in
1512 775 1568 802 Via
1599 776 1679 803 Lata
1708 777 1840 804 diacono
1870 778 2022 805 cardinali
2050 779 2218 806 investitus
2247 781 2315 807 erat

1305 818 1484 851 confirmat,
1525 820 1729 848 instrumenti
1768 829 1862 856 super
1900 822 1961 849 hoc
1999 823 2135 850 contecti
2174 825 2315 851 tenorem

1301 866 1449 891 inserens.
1469 864 1566 897 (Rau.
1585 864 1634 897 25,
1653 865 1673 892 s.
1693 865 1762 898 227,
1781 873 1831 893 an.
1851 865 1889 898 V,
1907 873 1932 894 c.
1953 866 2035 900 206.)

1351 967 1363 983 «
1398 955 1580 993 Theodino,
1613 956 1753 988 ostiario
1785 958 1908 990 noslro.
1945 957 2125 989 Inducunt
2157 967 2221 990 nos
2252 960 2314 990 tue

1305 1007 1505 1040 devotionis
1526 1009 1652 1041 merita
1675 1012 1715 1041 ut
1735 1012 1772 1042 te
1793 1019 2052 1052 prosequamur
2072 1009 2314 1043 benivolentia

1303 1061 1470 1102 gratiosa.
1496 1061 1587 1093 Sane
1610 1062 1736 1104 petitio
1760 1065 1823 1095 tua
1848 1063 1950 1095 nobis
1973 1063 2132 1096 exhibita
2156 1063 2316 1096 contine·

1304 1113 1368 1145 bat
1397 1115 1492 1156 quod
1523 1113 1673 1147 dilectus
1702 1115 1796 1148 filius
1826 1118 1946 1148 noster
1976 1115 2016 1149 Ο.
2047 1116 2176 1149 Sancte
2205 1116 2315 1149 Marie

1304 1167 1339 1198 in
1377 1166 1520 1200 Vialata
1559 1168 1730 1200 diaconus
1767 1169 1967 1206 cardinalis,
2005 1172 2122 1202 rector
2158 1169 2316 1202 civitatis

1306 1220 1458 1262 Signine,
1499 1221 1617 1253 omnia
1659 1221 1751 1253 bona
1790 1221 1986 1254 immobilia
2025 1231 2093 1264 que
2132 1222 2316 1255 Johannes

1305 1273 1422 1305 dictus
1458 1274 1563 1306 Cossa
1599 1277 1635 1306 et
1671 1275 1853 1317 quondam
1888 1275 2169 1313 Transmundus,
2206 1276 2316 1308 frater

1304 1327 1391 1368 ejus,
1420 1327 1514 1359 cives
1542 1327 1686 1369 Signini,
1715 1330 1908 1360 tenuerunt
1935 1328 1969 1360 in
1997 1329 2145 1361 civitate
2171 1328 2315 1370 Signina

1303 1382 1339 1412 et
1376 1380 1539 1412 districtu
1577 1380 1686 1422 ipsius
1723 1390 1863 1423 queque
1899 1381 1944 1413 ad
1981 1381 2187 1414 demanium
2221 1381 2316 1414 curie

1304 1436 1405 1466 erant
1428 1433 1689 1465 rationabiliter
1712 1434 1892 1471 devoluta,
1918 1444 2054 1466 necnon
2078 1435 2224 1467 domum
2247 1444 2316 1477 que

1304 1487 1372 1518 fuit
1401 1487 1492 1518 bone
1521 1487 1711 1518 memorie..
1741 1487 1896 1528 episcopi
1925 1487 2179 1525 Mothonensss,
2209 1488 2316 1520 sitam

1304 1539 1338 1571 in
1373 1539 1520 1571 civitate
1555 1540 1725 1581 predicta,
1760 1540 1826 1571 tibi
1861 1543 1896 1572 et
1929 1540 2095 1580 legitimis
2127 1541 2317 1573 heredibus

1303 1592 1375 1624 tuis
1401 1602 1444 1624 ex
1470 1595 1505 1624 te
1532 1593 1839 1630 descendentibus,
1867 1594 2062 1625 secundum
2089 1594 2317 1627 consuetudi-

1305 1656 1385 1677 nem
1412 1646 1570 1677 civitatis
1596 1646 1766 1687 ejusdem,
1795 1646 1894 1678 dedit
1920 1649 1956 1678 et
1982 1646 2155 1678 concessit
2180 1647 2216 1679 in
2241 1647 2317 1680 fen-

1304 1699 1400 1735 dum,
1426 1702 1461 1730 et
1485 1699 1527 1731 de
1550 1698 1634 1741 ipsis
1658 1701 1692 1731 te
1716 1709 1778 1740 per
1800 1699 1971 1731 birretum
1995 1709 2099 1731 suum
2122 1700 2317 1741 presentia-

1302 1751 1383 1783 liter
1406 1752 1594 1789 investitit,
1618 1754 1725 1794 prout
1748 1752 1782 1783 in
1806 1752 2045 1785 instrumento
2069 1752 2210 1794 publico
2231 1753 2315 1785 inde

1303 1805 1477 1842 confectm
1504 1805 1656 1846 sigillato
1682 1805 1793 1845 sigillo
1819 1805 1928 1846 ipsius
1953 1805 2152 1843 cardinalis,
2177 1805 2316 1848 plenius

1302 1858 1518 1890 continetur.
1540 1858 1613 1890 Nos
1632 1858 1765 1899 itaque,
1788 1859 1858 1890 tuis
1877 1858 2199 1900 supplicationibus
2216 1858 2319 1891 incli-

1303 1911 1390 1949 nati,
1419 1912 1513 1953 quod
1540 1921 1645 1953 super
1670 1911 1735 1943 boc
1761 1911 1806 1943 ab
1832 1912 1956 1943 eodem
1982 1911 2153 1943 cardinali
2177 1912 2316 1944 factum

1303 1967 1367 2002 est,
1404 1967 1523 1996 ratum
1560 1967 1595 1996 et
1630 1965 1775 1996 firmum
1810 1964 1994 2002 habentes,
2032 1974 2072 1996 ac
2108 1964 2314 2007 supplentes

1303 2018 1493 2054 defectum,
1531 2018 1558 2049 si
1594 2017 1673 2059 quis
1708 2027 1753 2049 ex
1787 2027 2000 2059 quacunque
2035 2027 2141 2050 causa
2176 2018 2212 2050 in
2248 2018 2314 2051 hoc

1302 2071 1435 2108 extitit,
1474 2071 1515 2103 de
1552 2070 1744 2112 apostolice
1781 2070 2004 2112 plenitudine
2040 2071 2241 2112 potestatis,
2278 2071 2314 2103 id

1303 2124 1517 2156 auctoritate
1553 2123 1747 2166 apostolica
1782 2123 2036 2155 confirmamus
2070 2126 2106 2155 et
2140 2124 2313 2165 presentis

1303 2177 1424 2219 scripti
1462 2176 1658 2218 patrocinio
1695 2176 1967 2213 communimus,
2006 2179 2167 2208 tenorem
2202 2177 2313 2219 ipsius

1303 2230 1530 2262 instrumenti
1550 2230 1591 2261 de
1609 2230 1718 2261 verbo
1737 2230 1780 2261 ad
1799 2229 1949 2261 verbum
1967 2230 2191 2271 presentibus
2208 2229 2313 2262 inseri

1304 2283 1474 2315 facientes
1495 2283 1554 2325 qui
1577 2282 1656 2315 talis
1675 2285 1728 2315 est
1750 2294 1756 2314 :

1747 2381 1879 2415 Anagni.
1903 2382 1940 2409 16
1955 2381 2138 2416 septembre
2161 2380 2246 2409 1259.

1351 2449 1363 2464 «
1390 2436 1620 2472 Octavianus,
1649 2436 1873 2467 miseratione
1900 2435 2020 2467 divina
2048 2435 2176 2467 Sancte
2201 2433 2311 2466 Marie

1305 2489 1367 2520 «in
1389 2489 1530 2520 Vialata
1553 2489 1722 2520 diaconus
1743 2488 1940 2526 cardinalis,
1964 2489 2091 2520 dilecto
2113 2488 2179 2520 sibi
2199 2487 2313 2520 Theo-

1305 2555 1317 2571 «
1333 2542 1426 2579 dino,
1451 2542 1585 2573 domini
1607 2551 1698 2584 pape
1720 2542 1902 2579 hostiario,
1925 2541 2077 2574 salutem
2093 2541 2128 2572 in
2144 2540 2311 2573 Domino.

1304 2595 1514 2627 «Inducunt
1551 2604 1614 2627 nos
1650 2598 1710 2626 tue
1748 2595 1938 2637 probitatis
1975 2595 2101 2627 merita
2137 2596 2174 2626 et
2209 2595 2312 2635 grata

1302 2648 1531 2680 «devotionis
1559 2648 1728 2690 obsequia
1757 2658 1818 2690 per
1847 2658 1914 2690 que
1943 2648 2044 2680 nobis
2073 2647 2209 2689 placere
2237 2648 2312 2678 stu-

1304 2714 1316 2729 «
1332 2701 1440 2733 duisti
1467 2710 1605 2742 semper
1631 2704 1667 2732 et
1695 2701 1811 2742 places
1838 2700 2021 2733 indefessis
2048 2700 2175 2732 studiis
2202 2699 2313 2731 inces-

1303 2766 1315 2782 «
1331 2757 1460 2791 santer,
1489 2756 1530 2785 ut
1556 2764 1743 2795 personam
1772 2757 1871 2786 tuam
1898 2753 2123 2796 prerogativa
2150 2751 2311 2794 specialis

1303 2807 1462 2838 «favoris
1485 2809 1521 2838 et
1544 2807 1656 2848 gratie
1681 2816 1947 2848 prosequamur.
1974 2807 2061 2839 Cum
2087 2806 2194 2847 igitur
2217 2804 2310 2836 bona

1302 2859 1447 2891 «omnia
1480 2859 1622 2891 stabilia
1655 2870 1722 2901 que
1755 2860 1938 2891 Johannes
1970 2859 2087 2891 dictus
2119 2859 2236 2895 Cossa,
2271 2865 2311 2888 ac

1301 2924 1315 2942 (ι
1329 2913 1511 2954 quondam
1529 2913 1808 2950 Transmundus,
1828 2912 1938 2944 frater
1955 2913 2042 2954 ejus,
2062 2912 2156 2944 cives
2175 2909 2309 2952 Signini

1301 2965 1362 2997 «in
1386 2965 1532 2997 civitate
1556 2968 1591 2997 et
1615 2966 1778 2998 districtu
1803 2965 1918 3007 Signie
1942 2967 2146 3002 tenuerunt,
2170 2964 2242 2997 sint
2265 2962 2311 2994 ad
