2477 3512
203 271 246 303 -12

203 377 318 408 Deum
352 378 388 407 et
419 375 521 406 Beati
554 373 736 405 Benedicti
771 372 926 412 regulam
957 374 992 403 et
1015 371 1204 403 formulam

204 431 277 463 vite
303 433 419 462 vestre
446 429 546 461 vobis
573 428 787 460 auctoritate
816 429 934 458 nostra
961 426 1142 463 traditam,
1170 425 1203 457 in

203 487 325 518 eodem
356 485 432 517 loeo
464 485 650 515 institutus
681 493 753 514 esse
786 482 990 517 dinoscitur,
1024 480 1204 523 perpetuis

204 541 333 573 ibidem
361 539 579 581 temporibus
607 537 859 569 inviolabiliter
885 537 1103 568 observetur.
1127 535 1206 567 Pre-

204 598 297 627 terea
332 604 559 636 quascunque
594 593 838 634 possessiones,
873 582 1085 633 quecunque*
1115 591 1206 622 bona

204 649 295 680 idem
318 647 571 679 monasterium
594 646 626 676 in
651 645 906 687 presentiarum
928 645 1021 685 juste
1044 654 1082 675 ac
1104 653 1208 675 cano-

204 701 279 733 nice
307 700 473 742 possidet.
502 702 564 731 aut
592 699 625 730 in
655 699 814 729 futurum
843 698 1064 729 concessione
1092 696 1209 738 ponti-

204 754 310 785 ficum
351 756 417 784 etc.
461 762 570 794 usque
611 755 853 793 permaneant.
899 751 936 781 ln
978 750 1106 792 quibus
1147 750 1207 781 hec

204 807 352 848 propriis
383 806 548 837 duximus
579 805 807 846 exprimenda
841 803 1022 835 vocabulis
1054 814 1060 834 :
1092 803 1208 834 locum

204 860 318 901 ipsum
348 859 382 890 in
414 869 482 901 quo
513 858 691 900 prefatum
723 857 977 889 monasterium
1007 857 1114 887 situm
1144 858 1207 891 est,

202 922 282 944 cum
313 912 477 944 omnibus
509 911 730 953 pertinentiis
761 911 832 942 suis
863 910 895 941 in
929 909 1056 941 diocesi
1088 908 1209 940 Ferra-

202 965 317 1002 riensi,
354 965 608 996 monasterium
645 964 764 995 Sancti
801 963 972 1005 Stephani
1007 963 1049 994 ‹le
1085 962 1207 1003 Rupta

202 1029 282 1051 cum
302 1019 476 1055 domibus,
500 1018 610 1054 terris,
630 1018 752 1053 vineis,
774 1016 1062 1058 possessionibus,
1084 1015 1206 1057 prati&

203 1072 352 1114 pascuis,
381 1071 593 1107 nemoribus,
622 1071 733 1111 aquis,
761 1070 856 1101 silvis
883 1072 917 1101 et
944 1069 1108 1100 omnibus
1134 1078 1209 1110 per-

203 1125 362 1156 tinentiis
396 1125 489 1160 suis;
525 1125 658 1159 domos,
697 1127 816 1159 terraS,
852 1123 973 1154 vineas
1007 1125 1041 1154 et
1076 1131 1209 1163 posses-

203 1178 317 1210 siones
338 1187 426 1219 quas
446 1177 584 1209 habetis
604 1177 638 1208 in
660 1177 750 1207 villis
774 1177 861 1216 (sic)
884 1176 1056 1211 Gaibana,
1079 1174 1209 1206 mansis

205 1230 325 1263 Sancti
355 1230 491 1266 Jacobi,
525 1230 666 1261 Guasdo
699 1231 889 1261 (Iocomaro
920 1232 954 1260 et
986 1227 1208 1260 (Ialcatonica

204 1283 397 1325 vulgariter
426 1283 650 1324 nuncupatis,
681 1292 761 1313 eum
791 1282 902 1319 terris,
934 1282 1054 1318 vineis,
1085 1280 1207 1323 pratis

205 1336 416 1372 nemoribus,
447 1336 575 1375 usagiis
603 1339 637 1366 et
666 1335 803 1376 pascuis
832 1335 866 1366 in
896 1335 999 1365 bosco
1028 1337 1063 1366 et
1091 1333 1207 1376 plane,

204 1390 238 1421 in
259 1389 360 1431 aquis
380 1391 415 1420 et
437 1388 656 1424 molendinis,
679 1388 712 1419 in
735 1388 800 1419 viis
820 1391 855 1419 et
876 1388 1020 1423 semitis,
1042 1389 1078 1418 et
1099 1386 1210 1418 omni-

206 1443 270 1474 bus
288 1442 364 1474 aliis
382 1441 608 1473 libertatibus
627 1444 661 1472 et
680 1441 968 1472 immunitatibus
987 1441 1068 1472 suis.
1089 1440 1209 1472 Liceat

205 1506 345 1537 quoque
382 1495 483 1526 vobis
520 1504 687 1536 personas
724 1494 850 1525 liberas
887 1497 921 1525 et
959 1494 1151 1530 absolutas,
1190 1502 1209 1524 a

205 1548 319 1580 seculo
345 1548 531 1589 fugientes,
557 1548 601 1579 ad
627 1548 891 1579 conversionem
917 1548 1067 1588 recipere
1092 1549 1128 1578 et
1151 1555 1210 1578 eas

205 1602 339 1642 absque
375 1601 654 1632 contradictione.
691 1601 809 1641 aliqua
846 1601 1005 1632 retinere.
1044 1599 1210 1631 Prohibe—

206 1664 283 1686 mus
317 1654 459 1695 insuper
494 1656 533 1685 ut
569 1653 653 1685 nulli
688 1663 846 1685 sororum
883 1656 1092 1689 vestrarum,
1130 1655 1210 1694 post

205 1708 339 1739 tactam
375 1707 410 1738 in
448 1707 661 1738 monasterio
700 1710 817 1738 vestro
856 1706 1118 1748 professionem,
1156 1705 1210 1736 fas

205 1760 250 1792 sit
283 1761 324 1791 de
356 1760 479 1791 eodem
512 1760 587 1791 loco
621 1760 820 1795 discedere;
856 1760 1094 1791 discedentem
1126 1768 1209 1790 vero

206 1813 320 1845 nullus
346 1813 475 1844 audeat
504 1813 662 1844 retinere.
685 1813 749 1843 l'ro
777 1812 1100 1844 consecrationibus
1127 1821 1209 1843 vero

205 1866 368 1898 altarium
397 1865 449 1897 vel
477 1866 617 1897 ecclesie
636 1868 770 1902 westre,
798 1866 870 1896 sive
897 1876 958 1907 pro
986 1865 1060 1896 oleo
1086 1867 1209 1897 sancto

204 1919 259 1950 vel
297 1919 454 1960 quolibet
491 1918 726 1950 ecclesiastico
765 1922 998 1955 sacramento,
1039 1918 1154 1949 nullus
1191 1928 1208 1948 a

204 1972 305 2004 vobis
337 1972 401 2003 sub
435 1972 584 2003 obtentu
619 1972 884 2003 consuetudinis
918 1972 970 2003 vel
1004 1971 1071 2003 alio
1105 1972 1210 2003 modo

206 2025 396 2066 quicquam
441 2025 569 2056 audeat
615 2028 836 2066 extorquere,
882 2025 941 2056 scd
987 2025 1048 2056 bec
1092 2024 1210 2056 omnia

204 2078 312 2120 gratis
336 2078 436 2109 vobis
459 2078 644 2119 episcopus
668 2078 875 2109 diocesanus
900 2078 1093 2119 impendat.
1119 2078 1211 2109 Alio-

206 2131 290 2172 quin
319 2131 417 2161 liceat
450 2131 550 2161 vobis
580 2131 639 2161 liec
670 2134 787 2162 nostra
818 2131 1032 2162 auctoritate
1061 2131 1211 2172 recipere

206 2194 224 2215 a
258 2193 467 2225 quocunque
501 2184 693 2215 malueritis
725 2184 899 2215 catholico
931 2184 1103 2220 antistite,
1136 2192 1212 2224 gra-

210 2237 293 2268 tiam
336 2239 367 2267 et
413 2237 695 2267 communionem
740 2238 837 2267 Sedis
878 2237 1079 2278 Apostolice
1121 2237 1212 2268 obti-

207 2292 322 2321 nente.
346 2290 445 2328 Quod
467 2290 493 2320 si
514 2290 611 2321 sedes
632 2290 805 2321 diocesani
826 2290 979 2331 episcopi
1000 2290 1089 2322 forte
1108 2300 1212 2322 vaca-

208 2342 307 2377 verit,
344 2342 482 2373 interim
517 2343 633 2374 omnia
668 2343 901 2374 ecclesiastica
937 2346 1158 2375 sacramenta
1192 2353 1210 2374 a

207 2395 329 2425 vicinis
353 2395 524 2436 episcopis
548 2396 703 2436 accipere
728 2396 832 2427 libere
856 2399 891 2427 et
915 2397 1048 2437 absque
1072 2399 1211 2429 contra-

208 2448 359 2479 dictione
382 2448 531 2488 possitis,
554 2448 600 2478 sic
623 2451 742 2479 tamen
766 2452 803 2479 ut.
825 2460 866 2480 ex
889 2449 952 2480 boc
974 2450 1007 2480 in
1030 2451 1210 2491 posterum

207 2500 346 2542 proprio
380 2501 543 2542 episcopo
579 2501 712 2532 nullum
747 2502 980 2542 prejudicium
1014 2505 1210 2542 generetur.

209 2553 297 2593 Quia
334 2563 416 2584 vero
454 2553 630 2584 interdum
669 2554 844 2585 diocesani
882 2555 1035 2597 episcopi
1072 2555 1210 2597 copiam

208 2616 277 2637 non
304 2605 453 2642 habetis,
482 2606 655 2647 siquidem
683 2607 886 2648 episcopum
916 2608 1074 2641 Romane
1102 2608 1210 2646 Sedis,

208 2661 248 2690 ut
275 2658 439 2694 diximus,
468 2659 618 2699 gratiam
646 2662 680 2690 et
708 2661 991 2692 communionem
1020 2661 1210 2694 habentem

208 2714 242 2743 et
278 2711 321 2743 de
357 2721 426 2752 quo
464 2712 604 2753 plenam
640 2713 805 2744 notitiam
842 2713 1013 2750 habeatis,
1052 2724 1114 2756 per
1148 2725 1212 2747 vos

208 2764 356 2796 transire
392 2764 589 2805 contigerit,
626 2766 670 2797 ab
706 2776 745 2797 eo
783 2766 1043 2798 benedictiones
1079 2768 1212 2800 monia—

209 2817 305 2854 lium,
332 2826 497 2849 vasorum
524 2821 560 2850 et
586 2819 738 2850 vestium
764 2821 800 2851 et
826 2820 1098 2853 consecrationis
1124 2821 1212 2854 alta-

209 2869 298 2901 rium
319 2870 472 2912 recipere
493 2871 653 2903 valeatis.
676 2872 763 2903 Cum
785 2875 905 2904 autem
926 2874 1085 2914 generale
1106 2874 1212 2906 inter-

211 2922 345 2954 dictum
366 2925 456 2955 terre
477 2923 582 2955 fuerit
604 2927 670 2956 etc.
693 2934 803 2966 usque
824 2925 1025 2958 interdicto.
1049 2926 1211 2959 Obeunte

209 2984 292 3006 vero
319 2979 365 3013 te,
393 2986 486 3008 nunc
511 2977 670 3018 ejusdem
696 2978 761 3010 loci
789 2978 981 3017 abbatissa,
1009 2980 1064 3012 vel
1091 2990 1211 3013 earum

902 263 1169 298 REGISTRES
1195 261 1548 296 D'ALEXANDRE
1578 261 1626 294 IV

1306 370 1423 410 aliqua
1450 378 1517 410 que
1543 369 1590 400 ibi
1616 369 1831 406 successerit,
1860 369 1953 401 nulla
1980 369 2027 401 ibi
2053 371 2212 412 qualibet
2237 370 2311 404 su'r·

1308 424 1477 467 reptionis
1507 424 1639 456 astutia
1669 426 1736 456 etc.
1768 434 1878 466 usque
1907 425 2115 465 eligendam.
2148 426 2255 458 Porro
2284 427 2312 459 si

1308 479 1462 522 episcopi
1494 479 1548 511 vel
1580 478 1638 511 alii
1669 479 1893 511 eeclesiarum
1926 482 2077 512 rectores
2108 481 2142 512 in
2176 491 2314 514 monas-

1311 535 1438 567 terium
1484 537 1653 570 vestrum,
1700 534 1754 566 vel
1801 544 1968 576 personas
2011 536 2187 576 regulares
2231 537 2318 570 inibi

1312 590 1464 622 Domino
1510 589 1734 626 famulantes.
1781 590 2032 631 suspensionis,
2078 592 2319 624 excommuni-

1312 645 1461 678 cationis
1483 645 1537 677 vel
1562 645 1741 677 interdicti
1764 645 1978 677 sententiam
2001 646 2316 688 promulgaverint,

1312 701 1426 743 ipsam
1457 703 1631 742 tanquam
1662 703 1785 732 contra
1818 700 1916 732 Sedis
1946 701 2148 742 Apostolice
2179 702 2317 736 indulta

1314 756 1489 798 prolatam
1529 755 1748 787 decernimus
1785 765 1854 787 non
1892 758 2022 788 tenere.
2061 756 2142 789 Paci
2179 767 2320 800 quoque

1313 814 1348 843 et
1372 811 1627 852 tranquillitati
1652 813 1767 842 vestre
1792 814 1939 852 paterna
1965 811 1999 842 in
2025 815 2205 853 posterum
2229 813 2322 845 solli-

1314 867 1470 899 eitudine
1504 866 1686 907 providere
1719 865 1877 897 volentes
1908 869 1974 898 etc.
2008 876 2117 909 usque
2148 877 2319 901 exercere.

1316 922 1478 954 Preterea
1504 932 1625 953 omnes
1650 921 1832 953 libertates
1856 924 1891 953 et
1916 921 2161 955 immunitates
2185 933 2204 956 a
2230 923 2320 957 bone

1315 977 1481 1010 memorie
1515 977 1690 1013 Johanne,
1727 977 1937 1008 Ferrariensi
1972 978 2147 1020 episcopo,
2182 988 2321 1012 monas-

1315 1033 1402 1065 terio
1422 1036 1540 1064 vestro
1559 1042 1751 1069 concessas,
1772 1042 1906 1063 necnon
1927 1033 2108 1065 libertates
2126 1036 2161 1065 et
2179 1044 2321 1077 exemp-

1315 1088 1429 1120 tiones
1447 1088 1656 1119 secularium
1675 1087 1902 1119 exactionum
1921 1098 1939 1119 a
1959 1088 2175 1129 quibuslibet
2194 1089 2322 1122 Christi

1315 1144 1479 1176 fidelibus
1505 1143 1765 1175 rationabiliter
1789 1143 1890 1174 vobis
1914 1143 2081 1180 indultas,
2107 1145 2322 1178 auctoritate

1315 1199 1509 1241 apostolica
1543 1199 1796 1231 confirmamus
1828 1201 1863 1230 et
1897 1199 2068 1240 presentis
2101 1199 2222 1242 scripti
2255 1201 2323 1243 pri-

1315 1255 1440 1295 vilegio
1473 1254 1744 1286 communimus.
1778 1254 1831 1285 Ad
1864 1254 2033 1286 indicium
2064 1258 2185 1287 autem
2217 1255 2323 1297 hujus

1316 1313 1479 1352 percepte
1513 1319 1532 1342 a
1567 1309 1653 1342 Sede
1687 1309 1891 1351 Apostoliea
1924 1309 2109 1347 libertatis,
2145 1320 2252 1343 unam
2284 1311 2324 1343 li-

1317 1366 1416 1398 bram
1452 1375 1527 1397 cere
1562 1365 1663 1396 nobis
1698 1364 1896 1406 nostrisque
1931 1365 2189 1398 successoribus
2223 1366 2324 1399 annis

1317 1421 1461 1463 singulis
1480 1420 1702 1462 persolvatis.
1723 1420 1769 1451 Et
1789 1420 1870 1461 quia
1891 1420 1983 1452 idem
2003 1420 2184 1453 Johannes
2203 1421 2324 1454 Ferra-

1316 1477 1436 1509 riensis
1465 1477 1651 1518 episcopus
1680 1485 1760 1507 cum
1790 1475 1834 1506 ab
1863 1475 2052 1517 episcopali
2079 1476 2323 1517 jurisdictione

1316 1532 1571 1564 monasterium
1607 1531 1723 1572 ipsum
1759 1530 1902 1566 exemit,
1942 1540 2048 1562 unam
2084 1531 2211 1563 libram
2247 1542 2323 1565 cere

1315 1588 1349 1619 in
1379 1597 1419 1619 eo
1450 1586 1635 1618 annuatim
1666 1585 1731 1617 sibi
1761 1588 1796 1617 et
1826 1585 1898 1617 suis
1927 1586 2185 1618 successoribus
2215 1596 2324 1619 reser-

1316 1643 1427 1679 vavit,
1473 1641 1637 1674 volumus
1681 1644 1719 1672 ut
1763 1640 1858 1672 illam
1903 1641 2115 1673 Ferrariensi
2158 1641 2324 1684 episcopo

1316 1698 1416 1730 annis
1445 1697 1589 1738 singulis
1618 1696 1781 1728 exhibere
1811 1696 1950 1728 curetis.
1984 1696 2212 1729 Decernimus
2240 1706 2322 1740 ergo

1317 1756 1355 1786 ut
1386 1753 1471 1784 nulli
1500 1752 1643 1784 omnino
1674 1751 1858 1783 hominum
1886 1754 1953 1783 etc.
1984 1761 2094 1793 usque
2126 1752 2323 1794 profutura,

1316 1809 1414 1841 salva
1444 1808 1541 1840 Sedis
1569 1806 1771 1849 Apostolice
1799 1807 2025 1839 auctoritate.
2056 1806 2089 1838 Si
2118 1817 2188 1849 qua
2215 1807 2324 1850 igitur

1316 1864 1351 1896 in
1381 1864 1543 1895 futurum
1572 1862 1807 1909 ecclesiastica
1837 1862 2048 1894 secularisve
2077 1872 2226 1904 persona
2255 1866 2322 1896 etc.

1319 1929 1428 1961 usque
1450 1918 1586 1950 ultioni.
1609 1917 1754 1950 Cunctis
1774 1920 1895 1949 autem
1916 1919 1983 1950 etc.
2005 1927 2116 1959 usque
2135 1917 2324 1951 inveniunt

1318 1976 1442 2012 Amen,
1467 1973 1627 2016 A[men],
1652 1974 1777 2005 Amen.
1802 1973 1886 2005 Dat.
1911 1973 2070 2014 Anagnie
2094 1983 2156 2014 per
2178 1983 2325 2007 manum

1318 2030 1477 2071 magistri
1499 2029 1659 2065 Jordani,
1684 2029 1811 2061 Sancte
1835 2028 1996 2060 Romane
2018 2028 2172 2061 Ecclesie
2195 2029 2325 2062 notarii

1319 2090 1354 2118 et
1377 2085 1662 2121 vicecancellarii,
1687 2084 1717 2115 V
1740 2084 1808 2115 kal.
1831 2083 1919 2125 julii,
1943 2083 2135 2116 indictione
2157 2084 2323 2123 secunda,

1322 2140 1579 2174 Incarnationis
1613 2139 1797 2172 Dominice
1831 2148 1924 2170 anno
1958 2138 2204 2176 MCCLVIIII,
2239 2149 2326 2182 pon-

1317 2197 1478 2229 tificatus
1506 2205 1590 2228 vero
1620 2194 1752 2227 domini
1781 2193 1974 2226 Alexandri
2004 2203 2094 2235 pape
2127 2193 2201 2226 1111
2230 2203 2324 2227 anno

1320 2253 1456 2294 quinto.
1482 2264 1495 2281 »

1397 2412 1486 2438 2893
1847 2411 1982 2445 Anagni,
2004 2410 2043 2438 28
2063 2410 2133 2444 Juin
2156 2409 2243 2437 1259.

1356 2465 1522 2498 BalduinO,
1548 2464 1658 2492 abbati
1683 2464 1865 2491 monasterii
1891 2464 1920 2491 S.
1946 2464 2090 2492 Andreae
2115 2463 2152 2490 de
2178 2462 2323 2495 Castello,

1317 2509 1548 2537 Cameracensis
1572 2509 1712 2541 diocesis,
1737 2509 1777 2536 ad
1800 2509 1989 2536 solutionem
2013 2514 2222 2542 expensarum
2246 2513 2324 2541 quas

1316 2555 1477 2582 occasione
1507 2553 1699 2588 quaestionis
1729 2553 1810 2580 inter
1837 2561 1869 2580 se
1898 2555 1929 2580 et
1958 2553 2112 2587 quosdam
2141 2550 2324 2579 monasterii

1316 2598 1487 2626 monachos
1509 2605 1602 2632 super
1627 2597 1757 2624 diversis
1782 2597 1921 2624 articulis
1946 2597 2049 2624 subire
2074 2596 2226 2631 oportuit,
2251 2602 2325 2622 con-

1315 2642 1462 2671 trahendi
1488 2644 1636 2669 mutuum
1664 2649 1763 2676 usque
1790 2642 1830 2669 ad
1857 2649 2015 2669 summam
2041 2642 2162 2675 septem
2189 2639 2323 2666 millium

1315 2690 1347 2715 et
1369 2688 1613 2722 quingentarum
1634 2687 1785 2713 librarum
1807 2686 2036 2713 Turonensium
2057 2687 2089 2712 et
2110 2693 2141 2712 se
2163 2683 2325 2718 obligandi

1315 2732 1502 2760 facultatem
1521 2732 1674 2758 concedit.
1695 2731 1791 2765 (Rea.
1812 2731 1861 2763 25,
1880 2731 1901 2758 f.
1922 2730 1980 2757 208
1999 2733 2048 2762 νο,
2069 2736 2119 2757 an.
2139 2729 2177 2761 V,
2197 2736 2222 2756 c.
2244 2728 2327 2762 130.)

1363 2834 1376 2850 «
1414 2820 1598 2859 Balduino,
1640 2820 1754 2853 abbati
1795 2819 1994 2853 monasterii
2036 2818 2153 2852 Sancti
2193 2816 2328 2849 Andree

1316 2874 1356 2906 de
1380 2873 1533 2911 Castello,
1558 2874 1691 2906 ordinis
1716 2874 1833 2906 Sancti
1857 2872 2042 2910 Benedicti,
2069 2869 2325 2904 Cameracensis

1317 2927 1469 2959 diocesis.
1489 2926 1585 2959 Inter
1598 2929 1634 2959 te
1650 2928 1786 2959 dudum
1800 2946 1855 2960 —.
1872 2927 1956 2959 Dat.
1972 2925 2142 2968 Anagnie‚
2162 2923 2237 2957 1111
2254 2922 2325 2955 kal.

1319 2980 1407 3021 julii,
1439 2989 1531 3012 anno
1563 2980 1699 3022 quinto.
1732 2992 1744 3010 υ
