2477 3512
928 306 1158 346 TROISIEME
1182 306 1329 344 ANNEE

187 385 231 411 21
242 384 287 411 18
706 381 833 409 Viterbe.
849 384 864 408 9
879 382 1032 414 juin1257.

157 472 295 506 Magistro
309 470 436 497 Waltero
449 471 483 497 de
500 471 610 496 Exonia
622 469 814 504 indulget,ut‚
831 473 946 503 praeter
961 468 1106 494 archidia-

114 521 264 545 conatum
279 519 403 552 Surreye
418 521 445 544 et
460 518 516 544 alia
531 517 685 549 beneficia,
701 524 775 550 quae
792 515 1014 546 obtinet„unum
1025 515 1104 542 aliud

126 566 302 592 beneficium
321 566 450 600 recipere
466 565 568 591 valeat.
584 565 662 594 (fleo.
680 566 723 595 25,
738 572 763 589 a.
783 564 828 592 ΙΙΙ,
846 572 869 589 c,
889 566 948 592 538.
963 564 980 589 s.
997 565 1051 595 67.)

168 671 180 683 υ
216 654 377 697 Moyistro
424 653 567 685 Wallel‘o
604 651 641 683 de
680 651 825 690 Emonia,
868 651 1104 683 archidiacono

122 714 280 753 Surreye,
303 709 476 753 capellano
493 714 614 739 nostro.
634 708 821 749 Apostolice
842 708 936 739 Sedis
958 708 1105 749 benigni-

121 772 168 798 tas
190 786 242 797 ——.
265 768 335 797 Dat.
361 765 510 799 Viterbii,
532 765 559 795 V
580 764 650 794 idus
667 764 761 805 junii,
785 774 867 794 anno
889 765 999 795 tertio.
1024 778 1036 791 »ι

190 882 231 908 21
246 881 288 907 19
656 878 780 904 Viterbe.
798 880 825 904 31
841 876 940 910 juillet
959 878 1032 902 ¹257.

154 969 340 999 Generalem,
373 973 515 996 rectorem
548 973 577 995 et
607 969 712 994 fratres
741 969 775 994 de
810 967 993 993 Paenitentia
1021 967 1104 993 Jesus

118 1018 228 1044 Christi
247 1018 300 1043 suh
317 1017 394 1043 beati
420 1017 496 1042 Petri
524 1020 552 1042 et
576 1024 628 1042 sua
652 1016 835 1050 protectione
856 1015 981 1048 suscipit
1003 1014 1103 1048 eisque

119 1065 268 1092 nonnulla
289 1065 356 1099 jura
385 1068 414 1091 et
434 1065 636 1090 immunitates
656 1064 800 1089 concedit.
819 1064 897 1095 <nm
925 1064 968 1094 ³25,
1002 1071 1025 1088 a.
1057 1063 1102 1091 ΙΙΙ,

119 1122 143 1139 c.
162 1115 221 1144 539,
239 1113 256 1138 f.
275 1115 327 1138 67..

163 1216 175 1228 «ψ
206 1225 226 1230 ..
251 1199 445 1242 qeneralz'...
474 1198 594 1230 rectori
614 1205 644 1230 el
665 1198 829 1241 fratribus
850 1197 889 1227 (le
911 1197 1104 1228 Penitenlia

118 1256 219 1288 ‚llzesu
240 1255 362 1287 Christi
380 1261 447 1286 lam
471 1254 677 1298 presenlibus
698 1266 800 1297 quam
819 1254 947 1298 falaris
967 1253 1104 1297 requla-

119 1325 187 1345 rem
211 1313 312 1344 citam
328 1312 496 1356 professi<
517 1312 549 1343 in
561 1318 777 1355 perpetuum.
793 1312 988 1353 Religiosam
1006 1311 1105 1341 vitam

120 1369 318 1410 eligentibus
349 1371 413 1400 etc.
443 1379 541 1409 usque
576 1378 582 1399 :
620 1368 787 1408 infringat.
829 1368 1020 1408 Eapropter,
1057 1366 1105 1397 di-

120 1427 198 1457 lecti
232 1427 261 1456 in
299 1426 428 1456 Domino
460 1424 527 1463 filii,
565 1425 683 1455 vestris
708 1424 806 1465 justis
837 1424 1105 1465 postulationilms

119 1483 301 1514 clementer
314 1482 480 1512 annuimus
495 1483 527 1512 et
538 1481 648 1511 domos
657 1482 797 1518 vestras,
809 1480 839 1510 in
850 1480 962 1521 quibus
973 1481 1105 1511 Domino

119 1539 200 1570 estis
229 1538 382 1578 obsequio
409 1538 595 1578 mancipati,
624 1537 681 1568 sub
710 1537 795 1568 beati
818 1537 908 1567 Petri
933 1538 966 1567 et
996 1538 1107 1567 nostra

120 1595 322 1636 protectione
345 1594 535 1634 suscipimus
559 1599 591 1624 et
618 1593 780 1634 presentis
801 1593 913 1634 scripti
934 1593 1106 1634 privilegio

119 1651 374 1688 communinius;
397 1651 428 1680 in
448 1650 558 1691 primis
581 1650 738 1690 siquidem
759 1652 956 1688 statuentes,
978 1652 1011 1680 ut
1029 1649 1106 1681 ordo

114 1708 311 1744 canonicus,
334 1708 385 1748 qui
414 1706 591 1737 secundum
624 1706 724 1737 Deum
757 1708 790 1737 et
819 1706 905 1737 beati
933 1706 1107 1747 Augustini

120 1764 271 1805 regulam
291 1764 322 1793 in
337 1763 484 1794 domibus
501 1763 580 1804 ipsis
602 1763 795 1794 auctoritate
819 1762 998 1803 apostolica
1016 1763 1107 1793 insti-

120 1822 207 1851 tutus
235 1830 309 1851 esse
336 1820 526 1855 dinoscitur,
568 1820 733 1861 perpetuis
763 1819 876 1850 ibidem
909 1820 1107 1860 temporibus

119 1875 348 1908 inviolabiliter
372 1877 576 1914 observetur,
593 1878 746 1917 preterea
780 1886 997 1917 quascumque
1036 1887 1107 1917 pos-

119 1933 298 1971 sessiones,
322 1943 521 1973 quecumque
543 1933 625 1963 bona
651 1932 764 1963 eedem
795 1932 906 1963 domus
927 1933 1106 1974 impresen-

121 1990 238 2020 tiarum
262 1989 351 2029 juste
379 1991 413 2019 ct
441 1989 596 2020 canonice
625 1988 789 2030 possident
818 1990 872 2020 aut
896 1989 928 2019 in
947 1989 1104 2027 futurum,

119 2046 331 2077 concessione
359 2046 556 2087 pontificum,
582 2046 752 2087 largitione
775 2056 888 2086 regum
915 2045 966 2076 vel
986 2046 1106 2087 princi-

120 2112 205 2142 pum,
224 2101 386 2133 oblatione
413 2101 565 2139 fidelium,
588 2112 643 2133 seu
665 2102 734 2132 aliis
752 2102 850 2143 justis
878 2101 991 2138 modis,
1014 2113 1106 2144 pres—
1131 2111 1133 2120 ’

121 2160 216 2188 tante
253 2158 396 2196 Domino,
426 2160 577 2199 poterunt
607 2158 752 2199 adipisci,
784 2157 875 2189 firma
907 2159 998 2189 vobis
1032 2169 1106 2190 ves-

123 2215 248 2254 trisque
265 2215 508 2246 successoribus
521 2218 555 2246 et
570 2215 692 2246 illibata
703 2218 927 2256 permaneant.
944 2216 978 2246 In
992 2216 1105 2256 quibus
1131 2244 1132 2248 ,

122 2271 180 2301 hec
201 2271 337 2312 propriis
357 2271 505 2302 duximus
526 2272 735 2313 exprimenda
749 2271 914 2302 vocabulis
934 2272 1002 2303 loca
1023 2273 1104 2313 ipsa,

122 2327 150 2357 in
167 2327 282 2367 quibus
304 2328 429 2368 prefate
449 2327 562 2359 domus
583 2329 644 2359 site
664 2331 737 2359 sunt
757 2338 827 2359 cum
846 2328 991 2359 omnibus
1010 2330 1107 2366 perti·
1131 2341 1132 2346 ¹

123 2384 239 2414 nentiis
264 2384 341 2414 suis.
371 2384 480 2414 Liceat
501 2394 624 2426 quoque
648 2384 739 2415 vobis
764 2384 900 2415 clericos
925 2385 978 2415 vel
1006 2385 1106 2416 laicos

122 2440 239 2470 liberos
260 2444 292 2470 et
310 2440 474 2471 absolutos
496 2451 512 2471 e
539 2441 648 2472 seculo
677 2441 840 2482 fugientes
865 2441 903 2471 ad
922 2442 1107 2472 conversio·
1131 2430 1132 2458 l

123 2506 193 2527 nem
219 2496 377 2537 recipere,
407 2498 439 2527 et
467 2507 521 2527 eos
555 2497 676 2538 absque
709 2497 966 2528 contradictione
1001 2497 1107 2538 aliqua

123 2553 278 2584 retinere.
305 2553 516 2584 Probibcmus
544 2555 685 2595 insuper,
709 2557 742 2585 ut
770 2554 846 2585 nulli
868 2554 1002 2585 fratrum
1033 2564 1105 2585 ves-

122 2612 257 2645 trorum,
276 2612 346 2650 post
369 2610 487 2640 factam
506 2611 534 2640 in
555 2610 700 2641 domibus
716 2611 836 2641 vestris
858 2610 1104 2651 professionem,

124 2666 173 2697 l'as
192 2666 233 2696 sit
262 2667 330 2697 sine
351 2667 487 2697 rectoris
511 2668 558 2698 sui
578 2667 710 2699 licentia
731 2667 769 2698 alo
785 2667 906 2698 eisdem
928 2667 1021 2705 locis,
1045 2668 1106 2698 nisi

123 2722 252 2753 artioris
287 2723 454 2763 religionis
482 2723 628 2762 obtentu,
660 2723 840 2755 discedere.
878 2723 1106 2755 Discedentem

123 2788 212 2816 vero,
239 2778 359 2819 absque
384 2780 598 2810 communium
618 2779 801 2811 litterarum
828 2782 1010 2810 vestrarum
1031 2790 1107 2810 cau-

123 2834 224 2873 tione,
253 2835 357 2866 nullus
386 2835 502 2866 audeat
527 2836 681 2866 rotinere.
714 2835 789 2867 Cum
816 2841 920 2866 autem
951 2836 1106 2877 generale
1132 2858 1133 2863 ,

123 2890 332 2922 interdictum
368 2894 454 2922 terre
484 2893 548 2922 etc.
596 2902 725 2932 usque:
764 2892 948 2923 interdicto.
995 2892 1107 2923 Oleum

125 2955 202 2977 vero
218 2957 356 2986 sacrum,
371 2948 633 2979 consecrationes
654 2948 804 2979 altarium
819 2959 875 2979 scu
890 2948 1104 2987 basilicarum,

122 3002 341 3035 ordinationes
361 3005 565 3043 clericorum,
579 3005 630 3045 qui
642 3004 680 3035 ad
701 3004 830 3036 ordines
848 3005 965 3036 fuerint
980 3015 1105 3046 promo-

2077 314 2137 344 651

1156 382 1265 419 vendi,
1290 391 1308 412 a
1327 381 1501 412 diocesano
1527 382 1708 422 suscipietis
1726 383 1890 423 episcopo,
1913 381 2067 421 siquidem
2087 392 2141 411 ra—

1157 439 1296 469 tliolicus
1328 438 1427 469 fuerit
1461 439 1494 468 et
1531 438 1667 479 gratiam
1688 445 1719 469 et
1746 439 2000 469 communionem
2030 447 2140 468 sacro-

1157 496 1273 525 sancte
1302 495 1444 525 Romane
1465 493 1556 524 Sedis
1578 493 1738 531 habuerit,
1759 500 1792 525 et
1816 505 1854 524 ea
1886 495 1975 525 vobis
2005 494 2142 525 voluerit

1157 551 1225 580 sine
1247 551 1408 591 pravitate
1429 550 1536 590 aliqua
1556 550 1725 580 exhibere.
1746 551 1794 580 Ad
1811 551 1868 581 hec
1884 561 1982 581 novas
2002 553 2035 581 et
2054 550 2142 580 inde-

1159 606 1247 637 bitas
1264 607 1454 637 exactiones
1474 606 1513 636 ab
1542 605 1806 647 archiepiscopis,
1830 607 2002 648 episcopis.
2032 607 2141 637 archi-

1156 663 1300 693 diaconis
1324 674 1380 694 seu
1405 662 1536 693 decanis
1562 662 1699 702 aliisque
1731 662 1875 692 omnibus
1906 663 2140 694 ecclesiasticis

1156 719 1403 750 seoularibusve
1424 719 1571 760 personis
1592 729 1609 749 a
1628 718 1719 749 vobis
1747 719 1874 749 omnino
1902 719 1968 749 lieri
1995 719 2141 760 prohibe-

1159 786 1240 806 mus.
1255 775 1404 807 Obeunte
1416 785 1494 805 vero
1512 775 1657 815 generali
1674 780 1804 805 rectore
1824 781 1946 813 vestro,
1963 775 2066 805 nullus
2088 785 2141 805 vo-

1157 831 1206 863 bis
1227 830 1368 871 qualibet
1397 830 1613 871 subreptionis
1639 831 1760 861 astutia
1784 841 1840 862 seu
1861 831 2010 862 violentia
2028 842 2142 872 propo-

1156 893 1264 927 natur,
1287 888 1349 918 nisi
1361 896 1453 928 quem
1475 887 1594 917 fratres
1606 887 1765 917 communi
1786 897 1947 917 consensu
1961 887 2012 918 vel
2032 898 2141 918 eorum

1156 944 1263 985 major
1297 954 1370 984 pars
1405 943 1531 973 consilii
1566 943 1716 981 sanioris,
1757 943 1933 974 secundum
1973 944 2070 974 Deum
2110 948 2141 974 et

1156 1000 1241 1031 beati
1261 1000 1434 1041 Augustini
1450 1000 1608 1040 regulam,
1630 999 1830 1040 providerint.
1846 1000 2041 1040 eligendum.
2065 1001 2142 1031 Paci

1155 1067 1278 1098 quoque
1299 1058 1333 1088 et
1352 1056 1580 1096 tranquillitati
1599 1059 1711 1087 vestre
1727 1058 1790 1087 etc.
1808 1066 1907 1096 usque
1926 1066 1932 1087 ;
1948 1056 2032 1086 infra
2053 1056 2141 1087 clau·

1128 1143 1129 1156 ἱ
1156 1124 1251 1144 suras
1265 1113 1430 1144 domorum
1453 1116 1637 1145 vestrarum
1659 1113 1767 1143 nullus
1788 1113 2007 1153 rapinametc.
2024 1122 2139 1153 usque:

1155 1180 1328 1201 exercere.
1365 1171 1525 1201 Preterea
1558 1180 1669 1200 omnes
1711 1169 1882 1200 libertates
1919 1171 1982 1200 etc.
2020 1179 2139 1209 usque:

1127 1239 1129 1245 ·
1156 1226 1401 1257 communimus.
1417 1226 1626 1257 Decernimus
1642 1235 1732 1266 ergo,
1749 1228 1783 1256 ut
1795 1225 1871 1256 nulli
1884 1225 2143 1255 homninohomi-

1160 1292 1233 1312 num
1263 1282 1359 1313 liceat
1393 1283 1538 1323 prefatas
1559 1282 1669 1313 domos
1698 1284 1823 1313 temere
1852 1281 2044 1322 perturbare
2073 1283 2137 1312 etc.

1156 1348 1260 1379 usque
1283 1347 1289 1368 :
1313 1338 1493 1379 profutura,
1519 1338 1608 1369 salva
1629 1338 1720 1369 Sedis
1737 1338 1921 1379 Apostolice
1947 1338 2141 1368 auctoritate

1157 1398 1190 1426 et
1218 1394 1383 1425 diocesani
1408 1394 1550 1435 episcopi
1579 1394 1887 1435 canonic-ajustitia.
1912 1394 2018 1433 Siqua
2042 1394 2144 1434 igitur

1157 1452 1189 1482 in
1211 1451 1356 1481 futurum
1383 1453 1447 1481 etc.
1476 1460 1603 1491 usque:
1635 1450 1756 1481 ultioni.
1779 1450 1910 1481 Cunctis
1938 1455 2044 1481 autem
2077 1452 2141 1481 etc.

1158 1517 1260 1547 usque
1283 1516 1290 1538 ;
1312 1508 1427 1537 Amen.
1442 1507 1558 1537 Amen.
1579 1507 1691 1537 Datum
1710 1506 1849 1537 Viterbii
1864 1516 1920 1548 per
1933 1516 2058 1537 manum
2081 1516 2146 1536 ma—

1159 1564 1253 1605 gistri
1275 1563 1418 1600 Jordani,
1440 1565 1552 1594 sancte
1577 1564 1719 1594 Romane
1732 1563 1880 1594 Ecclesie
1903 1562 2089 1593 subdiaconi
2114 1566 2147 1593 et

1159 1620 1289 1657 notarii,
1305 1621 1332 1650 ΙΙ
1346 1620 1502 1650 kalendas
1518 1620 1658 1660 augusti,
1673 1619 1845 1650 indictione
1861 1619 1933 1657 XV,
1949 1619 2146 1649 incarnatio—

1159 1677 1207 1707 nis
1223 1676 1384 1707 dominice
1411 1686 1493 1707 anno
1519 1675 1739 1714 M.CG.LVH‚
1766 1675 1970 1717 pontificatus
1995 1685 2070 1706 vero
2091 1675 2145 1705 do-

1132 1759 1134 1766 ,
1159 1733 1234 1764 mini
1255 1733 1435 1763 Alexandri
1455 1743 1537 1774 pape
1553 1733 1623 1768 IIII,
1647 1742 1729 1762 anno
1745 1732 1851 1763 tertio.
1876 1746 1888 1759 »

1230 1830 1330 1857 2120
1748 1829 1872 1859 Viterbe,
1891 1829 1979 1862 2juin
1999 1832 2072 1855 1257.

1197 1911 1420 1944 Archiepiscopo
1443 1914 1472 1936 et
1491 1911 1618 1944 capitulo
1634 1909 1880 1944 Compostellanis
1897 1910 2026 1942 mandat,
2042 1914 2145 1944 quate—

1158 1969 1212 1986 nus
1234 1961 1262 1986 in
1279 1959 1455 1985 canonicum
1469 1958 1763 1991 recipiantdoannem
1778 1957 1890 1983 Martini
1908 1957 2049 1983 clericum
2062 1958 2142 1984 chori

1158 2008 1300 2034 ecclesiae
1315 2006 1565 2041 Compostellanae
1582 2006 1666 2039 cique
1683 2005 1717 2031 de
1740 2005 1907 2039 praebenda
1924 2006 2075 2039 providere
2097 2013 2144 2031 cu-

1159 2058 1232 2082 rent.
1247 2056 1324 2084 (lim.
1342 2057 1385 2084 233,
1400 2062 1424 2080 a.
1443 2054 1488 2083 ΙΙΙ,
1507 2062 1530 2079 c.
1546 2055 1605 2081 540.
1628 2053 1646 2078 f.
1662 2054 1715 2078 67.)

1203 2152 1216 2164 «
1257 2162 1278 2167 ..
1314 2135 1562 2178 archiepiscopo
1597 2141 1627 2166 et
1667 2133 1815 2176 capitulo
1853 2133 2140 2176 Compostellanis.

1158 2195 1227 2226 Etsi
1263 2194 1301 2224 ad
1333 2193 1551 2235 provisionem
1581 2211 1633 2222 —.
1667 2192 1738 2222 Dat.
1772 2191 1919 2228 Viterbii,
1955 2191 2013 2221 llll
2043 2201 2142 2222 nonas

1155 2252 1250 2293 junii,
1273 2261 1355 2281 anno
1369 2250 1479 2281 tertio.
1502 2263 1515 2276 υ

1229 2342 1323 2368 2121
1736 2339 1859 2369 Viterbe,
1876 2342 1889 2364 2
1910 2341 1977 2365 aout
1996 2341 2069 2365 ¹257.

1197 2432 1331 2466 Magistro
1349 2431 1489 2457 Riceardo
1505 2430 1539 2455 dc
1562 2429 1707 2455 Montibus
1723 2428 1830 2455 clerico
1848 2428 1989 2462 indulget,
2008 2431 2038 2453 ut
2048 2427 2142 2453 eccle-

1158 2481 1216 2506 sias
1236 2480 1271 2505 de
1287 2478 1457 2505 'rholevasto
1472 2480 1501 2504 et
1521 2477 1556 2503 de
1573 2479 1693 2505 Ortona,
1710 2475 1944 2502 Constantiensis
1960 2478 1988 2501 et
2001 2475 2144 2501 Ron‘ensis

1158 2527 1351 2559 dioecesium,
1368 2525 1486 2552 insimul
1504 2525 1630 2551 retinere
1652 2523 1753 2550 valeat.
1786 2525 1851 2549 luza.
1870 2525 1912 2552 233,
1932 2532 1956 2548 a.
1976 2523 2021 2549 ΙΙΙ.
2042 2530 2065 2548 c.
2082 2524 2142 2548 54¹.

1159 2576 1176 2601 s.
1192 2575 1260 2602 &Usi

1203 2677 1217 2692 α
1246 2662 1409 2705 Maqistro
1431 2660 1592 2693 liic-cardo
1621 2660 1660 2691 «le
1687 2659 1868 2695 Montibus,
1891 2658 2010 2690 clerico
2040 2659 2142 2689 Cons-

1158 2719 1338 2751 tannem-i.»-
1363 2717 1514 2750 diocesis.
1538 2718 1627 2748 Licet
1648 2727 1686 2747 ne
1714 2717 1783 2757 quis
1809 2734 1861 2746 —.
1887 2716 1956 2745 Dat.
1993 2712 2140 2749 Viterbii,

1159 2777 1217 2807 llll
1233 2786 1334 2807 nonas
1351 2776 1492 2816 augusti,
1511 2784 1593 2804 anno
1615 2773 1722 2804 tertio.
1749 2786 1763 2799 υ

1229 2878 1330 2905 2122
1733 2876 1858 2906 Viterbe,
1878 2874 1978 2907 lojuin
1998 2874 2071 2898 1257.

1193 2961 1297 2987 loanni
1318 2961 1407 2995 priori
1431 2961 1579 2995 prioratus
1597 2959 1632 2984 ‹le
1648 2959 1777 2984 lioeheta
1794 2957 1935 2989 indulget,
1948 2959 1979 2981 ut
1995 2954 2143 2988 quoddam

1158 3009 1284 3035 ollicium
1296 3008 1324 3035 in
1337 3007 1528 3035 &lauriacensi
1541 3006 1728 3037 monasterio,
1737 3003 1984 3031 Claroinontensis
1991 3001 2145 3031 dioecesis,
