2477 3512
952 282 1224 328 CINQUIEME
1250 282 1416 320 ANNEE
2199 292 2241 323 29

175 409 187 423 «
226 396 393 428 Willelmo
429 397 467 428 (Ic
505 396 672 433 Chanan:‚
712 396 872 427 canonico
908 395 1132 435 Linqonensi.

134 448 299 480 Yolentes
327 449 391 480 tibi
419 449 569 490 gratiam
598 468 652 480 ᾉ.
682 449 764 480 Dat.
794 449 963 489 Anagnie,
997 449 1027 478 11
1058 448 1135 479 idus

130 501 258 538 martii,
291 512 382 532 anno
414 502 582 542 quinto.»

212 650 303 676 2853
614 651 748 685 Anagni,
773 652 808 678 13
832 651 944 678 fevrier
968 651 1053 677 1259.

165 704 442 738 Archiepiscopum
471 704 759 738 Rothomagensem
783 705 912 738 ejusque
941 705 1136 737 suffraganes

130 754 250 774 necnon
284 748 414 774 abbates
455 748 593 781 aliosque
627 748 827 775 ecclesiarum
860 749 1016 782 praelatos
1054 749 1136 774 ordi-
1186 781 1188 789 Α

124 791 245 817 nariam
261 792 440 818 obtinentes
451 792 482 818 in
495 792 637 819 subditos
657 794 865 826 postestatem
886 800 941 826 per
961 793 1135 819 Rothorna-

122 840 249 867 gensem
282 835 477 869 provinciam
511 836 712 867 constitutos,
747 838 814 862 tam
844 838 1007 870 exemptos
1038 844 1133 869 quam

127 886 188 905 non
205 881 379 913 exemptos,
395 882 500 906 monet
519 882 549 906 et
565 881 712 907 hortatur
727 882 759 907 ut
778 881 950 907 ferventius
967 883 1130 914 assurgant

130 925 239 950 contra
257 924 381 950 clericos
399 925 645 951 concubinarios.
665 925 761 958 (Bm.
781 925 828 956 25,
847 926 867 951 f.
887 925 944 951 200
964 929 1008 956 v⁰‚
1027 933 1076 951 an.
1096 926 1132 954 V,

124 975 149 994 c.
172 967 231 999 87;
254 968 425 994 POTTHAST
448 969 555 1000 17480,
579 969 609 995 in
638 978 663 995 e.
688 970 742 1001 m.)

171 1065 182 1079 (ι
208 1077 227 1083 ..
253 1052 504 1094 (trclu'episropo
527 1053 790 1094 Ifollionmssensi
808 1056 819 1073 1
846 1054 983 1095 ejusque
1005 1054 1129 1095 suflra-

129 1104 257 1145 qancis,
299 1115 426 1136 necnon
468 1106 596 1137 dilectis
636 1106 725 1146 siliis
766 1106 947 1137 abbatibus
988 1107 1132 1148 aliisque

128 1157 341 1189 ecclesiarum
375 1158 513 1199 prelatis
547 1159 758 1190 ordinariam
795 1159 828 1190 in
863 1160 1014 1191 snbdilos
1048 1160 1132 1191 obli-

128 1210 286 1242 nenlibns
320 1213 530 1252 proles-latmi
566 1221 625 1253 per
660 1212 959 1253 Rotliomnsyenscm
994 1213 1132 1254 provin-

127 1263 214 1294 ciam
246 1264 445 1301 constitutis,
478 1266 545 1295 lam
577 1265 738 1306 eremptis
769 1275 869 1306 quam
900 1275 967 1296 non
999 1275 1131 1307 cremp-

126 1316 179 1347 tis.
199 1316 233 1347 Si
249 1327 329 1348 vere
347 1318 440 1358 quod
458 1337 512 1349 —.
530 1318 613 1349 Dat.
632 1318 800 1358 Anagnie,
819 1318 936 1349 idibus
952 1319 1128 1355 februarii,

129 1379 221 1400 anno
245 1370 381 1410 quinto,
407 1383 418 1397 ιι

201 1518 293 1543 2854
635 1519 770 1552 Anagni,
793 1519 830 1545 23
854 1527 936 1546 mars
962 1520 1047 1547 1259.

162 1571 240 1597 Cum
258 1572 411 1605 potestas,
430 1571 614 1605 capitaneus
633 1574 664 1598 et
682 1572 848 1598 consiliarii
867 1572 1016 1599 Senenses
1035 1581 1129 1600 onera

124 1615 250 1642 insolita
280 1615 414 1641 ecclesiis
444 1615 676 1649 imposuissent,
707 1617 840 1643 mandat
870 1624 953 1650 papa
984 1617 1129 1651 episcopo

123 1659 249 1686 Senensi
267 1661 302 1685 ut
321 1660 497 1693 praedictos
516 1660 555 1686 ad
573 1660 756 1693 hujusmodi
774 1668 917 1687 excessus
935 1662 1128 1688 amovendos

125 1703 206 1730 infra
230 1704 307 1730 duos
331 1711 452 1730 menses
476 1704 654 1738 compellat,
679 1704 818 1738 alioquin
842 1712 893 1731 eos
917 1706 1130 1732 excommuni-

123 1749 210 1774 catos
228 1748 363 1774 nuntiet.
382 1748 479 1781 (Bm.
498 1748 546 1780 25,
565 1748 585 1775 f.
605 1749 658 1774 201
680 1752 726 1779 v⁰‚
745 1756 794 1775 an.
814 1749 851 1781 V,
869 1756 894 1775 c.
914 1749 973 1781 883
992 1750 1129 1777 Ronm-

123 1799 221 1823 BERG,
239 1793 262 1818 t.
286 1792 344 1824 III,
363 1795 399 1818 n⁰
417 1792 499 1826 491.)

168 1893 181 1908 «
211 1905 230 1912 ..
261 1880 419 1922 episcopo
450 1880 602 1912 Senensi.
634 1882 721 1913 Cum
751 1882 859 1913 simus
888 1882 922 1913 in
951 1902 1006 1914 —.
1038 1883 1127 1914 Sane

123 1933 291 1965 mirantes
328 1934 528 1975 accepimus
565 1937 599 1965 ct
636 1934 731 1975 justa
770 1935 904 1966 ratione
943 1945 1128 1967 movemur

125 1987 244 2028 quod..
263 1989 458 2028 potestas‚..
478 1987 684 2028 capitaneus
702 1990 736 2018 et
754 1988 940 2019 consiliarii
959 1988 1127 2021 Senenses

121 2039 290 2071 nonnulla
326 2039 583 2076 ordinamenta,
620 2042 759 2071 statuta
799 2043 834 2072 et
868 2041 1125 2073 stantiamenta

121 2092 323 2133 juramento
361 2092 515 2130 firmata,
554 2095 677 2124 contra
715 2093 986 2125 ecclesiasticam
1024 2094 1126 2126 liber-

121 2147 234 2177 tatem
258 2145 460 2182 condentes,
486 2148 541 2177 tot
566 2156 670 2177 onera
695 2149 730 2177 et
753 2146 912 2178 insolitas
935 2147 1125 2179 servitutes

118 2197 251 2231 clericis
279 2200 315 2230 et
343 2198 494 2230 ecclesiis
523 2209 658 2230 necnon
684 2199 784 2231 bonis
809 2200 1034 2231 ecclesiarum
1059 2200 1125 2232 fre-

122 2253 271 2293 quenter
310 2251 510 2293 imponunt,
553 2252 648 2293 quod
690 2252 871 2284 deterioris
912 2253 1125 2285 conditionis

122 2304 259 2336 factum
287 2304 352 2336 sub
381 2304 429 2336 eis
457 2305 693 2337 sacerdotium
722 2305 888 2337 videatur
916 2316 1023 2347 quam
1058 2307 1123 2338 sub

122 2357 306 2389 Pharaone
339 2357 455 2394 fuerit,
491 2357 550 2399 qui
584 2358 668 2399 legis
702 2358 819 2390 divine
854 2358 1019 2390 notitiam
1055 2369 1123 2391 non

123 2410 291 2441 habebat.
334 2409 503 2442 Nolentes
545 2411 652 2451 igitur
693 2411 795 2442 sicuti
839 2421 901 2443 nec
944 2412 1123 2449 debemus,

123 2463 219 2500 talia,
259 2472 326 2504 que
363 2463 436 2494 sine
478 2463 601 2495 salutis
639 2464 802 2495 interritu
840 2465 1016 2496 committi
1055 2475 1124 2497 non

123 2518 272 2557 possunt
291 2515 336 2547 ab
356 2515 486 2547 eisdem
507 2519 685 2558 potestate
705 2526 743 2548 ac
765 2517 850 2553 aliis,
871 2517 997 2549 clausis
1017 2518 1125 2550 oculis

122 2568 345 2610 pertransire,
375 2568 592 2600 fraternitati
621 2572 681 2601 tue
702 2580 762 2611 per
781 2570 974 2611 apostolica
994 2571 1125 2612 scripta

123 2621 334 2653 mandamus
370 2621 549 2663 quatinus,
586 2622 612 2653 si
648 2625 701 2654 est
740 2623 801 2659 ita,
839 2625 1055 2664 potestatem
1090 2626 1126 2655 et

121 2674 207 2706 alios
229 2674 405 2715 predictos
428 2684 571 2706 moneas
594 2675 767 2707 attentius
789 2678 824 2707 et
846 2676 993 2707 inducas
1016 2677 1122 2717 quod,

121 2726 323 2768 juramento
361 2737 430 2758 non
468 2727 632 2759 obstante
671 2728 819 2769 prefato,
858 2729 1122 2766 ordina1nentis‚

123 2780 269 2811 statutis
295 2782 331 2811 et
357 2780 621 2811 stantiamentis
648 2781 850 2822 hujusmodi
878 2782 919 2813 de
946 2782 1125 2813 codicibus

154 2863 174 2883 1.
195 2863 213 2883 Ι]
226 2868 242 2888 y
255 2863 332 2887 avait.
345 2863 359 2883 a
372 2863 395 2883 la
408 2863 477 2888 place
490 2864 520 2884 de
533 2869 559 2884 cc
573 2866 625 2884 mot
638 2864 700 2884 (lans
713 2864 734 2884 la
748 2865 873 2890 rubrique,
886 2871 919 2885 un
933 2867 1004 2885 nutrc-
1016 2867 1069 2886 mot
1083 2866 1125 2891 qui

120 2904 134 2918 n
149 2898 189 2918 cte
202 2898 292 2922 grane,
307 2898 337 2918 dc
352 2898 432 2918 meme
446 2904 494 2923 qu(¹
509 2899 563 2924 plus
579 2900 622 2919 bas
636 2900 858 2924 Rotlmmaqenseem
873 2900 1003 2921 ecclesiam.
1019 2902 1056 2921 On
1072 2901 1124 2921 voit

121 2933 254 2957 &ninom-2³,
277 2939 321 2959 par
342 2933 376 2953 lcs
397 2934 545 2954 indicatious
567 2940 614 2959 quc
636 2935 718 2955 ‹tunm›
741 2936 884 2959 l‘ti'FsnAST,
907 2941 954 2961 que
975 2937 1018 2956 (los
1040 2936 1126 2957 loun-s

121 2968 268 2989 svmhlablcs
285 2969 385 2989 avaient
403 2969 442 2988 (·t(—
459 2969 583 2989 mli-osseos
600 2970 614 2990 11
632 2970 654 2989 ln
672 2971 751 2990 infime
768 2971 826 2990 date
843 2976 893 2991 aux
910 2971 1077 2996 uteru—vomas
1094 2972 1124 2991 ‹h-

121 3003 257 3028 Salzbourg
271 3005 295 3024 et
310 3004 341 3024 (lo
357 3004 514 3025 Drontbetm.

1239 403 1360 425 eorum
1386 394 1476 426 infra
1503 394 1590 425 duos
1617 403 1752 425 menses
1776 397 1857 435 post
1885 395 2115 427 monitionem
2142 399 2242 428 tuam

1240 456 1381 488 prorsus
1409 447 1548 483 amotis,
1578 447 1653 488 ipsa
1681 456 1741 478 seu
1771 456 2071 489 quascuncunque
2099 459 2242 481 consue-

1241 499 1382 531 tudines
1420 502 1542 531 contra
1582 499 1786 530 libertatem
1824 499 2096 532 ecclesiasticam
2134 501 2243 533 intro-

1242 552 1367 583 ductas
1407 552 1630 593 aliquatenus
1670 561 1740 583 non
1780 552 1969 584 observent
2008 562 2070 584 nec
2109 553 2243 585 faciant

1242 605 1285 636 ab
1322 605 1397 636 aliis
1433 604 1621 641 observari,
1660 604 1745 645 quin
1780 604 1888 636 immo
1924 615 1943 636 a
1979 605 2243 646 gravaminibus

1242 657 1445 698 hujusmodi
1485 658 1526 689 de
1565 660 1680 689 cetero
1719 657 1972 698 conquiescant
2010 658 2165 700 alioquin
2204 661 2243 690 tu

1241 720 1298 742 eos
1322 721 1365 742 ex
1391 713 1485 747 tunc,
1510 710 1655 751 singulis
1678 710 1801 742 diebus
1830 710 2014 742 dominicis
2037 714 2072 743 et
2094 711 2241 749 festivis,

1242 774 1302 805 per
1330 766 1363 795 te
1392 764 1448 795 vel
1477 763 1574 800 alios,
1604 762 1753 804 pulsatis
1781 763 1974 805 campanis,
2004 765 2244 796 excommuni-

1240 819 1339 849 catos
1375 816 1512 858 publice
1549 815 1691 847 nunties
1726 818 1761 847 et
1796 816 1905 848 facias
1941 817 1985 848 ab
2022 817 2097 849 aliis
2133 818 2243 850 artius

1240 870 1377 908 evitari,
1405 869 1682 901 contradictores
1708 871 1774 901 etc.
1803 869 1886 900 Dat.
1914 870 2083 911 Anagnie,
2113 871 2147 902 X
2173 871 2241 903 kal.

1241 923 1369 964 aprilis,
1392 933 1484 954 anno
1506 921 1642 963 quinto.
1665 934 1678 950 »

1319 1071 1412 1096 2855
1734 1069 1868 1102 AnagnL
1891 1070 1929 1095 29
1951 1069 2074 1102 janvier
2098 1070 2182 1096 1259.

1281 1120 1388 1146 Fratre
1417 1119 1569 1150 NValasco,
1597 1119 1635 1145 de
1661 1118 1769 1144 ordine
1797 1118 1963 1149 Minorum,
1990 1118 2150 1151 capellano
2177 1126 2243 1151 suo,

1239 1164 1277 1190 de
1313 1163 1411 1190 libera
1448 1163 1721 1190 administratione
1759 1162 1904 1188 ecclesiae.
1943 1162 2175 1194 Wintoniensis,
2213 1164 2244 1189 in

1239 1209 1346 1234 favore
1380 1207 1604 1234 VVintoniensis
1638 1206 1728 1233 electi
1761 1206 1878 1237 scribit,
1913 1208 1948 1232 ut
1981 1206 2012 1232 111
2046 1207 2244 1239 praecedeuti

1239 1253 1344 1279 littera
1361 1252 1418 1278 sub
1436 1259 1461 1278 c.
1479 1252 1526 1278 85.
1545 1252 1641 1284 (REG.
1660 1251 1708 1282 25,
1725 1251 1746 1277 f.
1764 1251 1819 1276 201
1839 1254 1885 1282 v0‚
1902 1258 1952 1276 an.
1972 1250 2007 1282 V,
2025 1258 2049 1276 c.
2068 1250 2129 1283 89.)

1284 1352 1296 1368 κ
1323 1340 1439 1372 Fratri
1468 1339 1634 1377 Wczlasco,
1663 1340 1701 1371 dc
1727 1339 1844 1371 ordine
1870 1339 2063 1377 Minorum,
2090 1340 2242 1381 peniten-

1237 1393 1339 1425 liario
1356 1395 1384 1424 el
1405 1393 1578 1435 capellano
1598 1395 1721 1424 noslro.
1744 1392 1887 1424 Statum
1908 1393 2061 1425 Ecclesie
2081 1394 2153 1425 fore
2173 1394 2184 1413 ¹
2199 1411 2244 1417 —-

1238 1446 1408 1478 faciemus
1437 1447 1532 1488 quod
1561 1446 1701 1486 justitia
1730 1446 1906 1477 suadebit.
1938 1446 2161 1488 Precepimus
2189 1449 2243 1478 ta-

1239 1509 1319 1531 men
1351 1502 1387 1531 et
1418 1500 1633 1531 auctoritate
1665 1499 1859 1541 apostolica
1892 1500 1934 1531 (le
1966 1499 2143 1531 dictorum
2173 1500 2243 1531 fra-

1237 1555 1334 1584 trum
1375 1553 1518 1584 consilio
1560 1552 1754 1584 districtius
1795 1552 1995 1584 inhibemus
2036 1562 2079 1585 ne
2119 1555 2242 1584 contra

1237 1606 1389 1637 eundem
1416 1606 1568 1637 electum
1594 1605 1630 1636 in
1658 1605 1826 1647 premissa
1853 1605 2111 1637 Winatoniensi
2137 1606 2243 1637 eccle-

1237 1659 1287 1690 sia
1314 1658 1506 1700 quicquam
1532 1668 1551 1690 a
1578 1660 1758 1690 conventu
1783 1658 1892 1700 ipsius
1918 1658 2059 1690 ecclesie
2085 1658 2141 1690 vel
2167 1659 2243 1700 qui-

1237 1713 1445 1753 buscunque
1465 1711 1541 1743 aliis
1560 1711 1804 1753 cujuscunque
1824 1711 2038 1743 conditionis
2057 1711 2111 1743 vel
2132 1711 2242 1753 digni-

1239 1765 1323 1796 tatis
1356 1765 1525 1802 existant,
1561 1774 1622 1807 pcr
1654 1765 1863 1797 electionem
1896 1767 1959 1796 aut
1993 1774 2242 1806 quamcunque

1236 1818 1473 1859 provisionem
1504 1818 1559 1849 vel
1591 1818 1676 1849 alias
1708 1818 1975 1859 quomodolibet
2006 1819 2240 1859 presumatur,

1235 1880 1276 1903 ac
1297 1871 1516 1902 decernimus
1537 1880 1580 1902 ex
1601 1880 1705 1907 nunc,
1728 1871 1779 1902 ita
1802 1871 1896 1912 quod
1919 1871 2099 1902 decretum
2121 1871 2242 1912 hujus-

1236 1924 1330 1955 modi
1350 1934 1369 1955 a
1390 1924 1474 1955 data
1495 1924 1711 1965 presentium
1731 1924 1872 1965 plenam
1891 1923 2089 1955 efficaciam
2108 1923 2240 1955 habeat

1234 1979 1270 2008 et
1305 1977 1485 2013 effectum,
1523 1976 1663 2008 irritum
1699 1980 1735 2008 et
1770 1977 1874 2008 inane
1911 1976 2079 2018 quicquid
2116 1978 2238 2008 contra

1234 2033 1440 2071 preceptum
1465 2032 1500 2062 et
1524 2030 1771 2061 inhibitionem
1796 2029 2002 2070 hujusmodi
2028 2038 2239 2070 quacunque

1233 2083 1415 2114 occasione
1458 2083 1644 2123 contigerit
1688 2082 1907 2124 attemptari.
1954 2082 2036 2113 Dat.
2081 2081 2239 2123 Anagnie

1238 2136 1310 2167 IIII
1332 2136 1400 2167 kal.
1423 2136 1600 2172 februarii,
1623 2145 1715 2167 anno
1737 2135 1873 2177 quinto.
1896 2148 1908 2163 »

1313 2288 1404 2314 2856
1752 2288 1886 2322 Anagni,
1912 2288 1947 2315 13
1970 2288 2049 2314 avril
2072 2287 2158 2314 1259.

1272 2336 1391 2363 Abbati
1410 2338 1441 2362 et
1460 2336 1630 2362 conventui
1650 2336 1831 2363 monasterii
1851 2336 1887 2362 de
1908 2336 2004 2368 Paris,
2022 2335 2240 2363 Cistertiensis-

1232 2381 1359 2412 ordinis,
1382 2380 1559 2407 Basiliensis
1582 2381 1722 2413 diocesis,
1746 2381 1785 2407 ad
1808 2381 1837 2407 .J.
1862 2381 1947 2407 tituli
1970 2380 1999 2407 S.
2024 2380 2186 2407 Laurentii
2209 2380 2240 2406 111

1233 2426 1351 2451 Lucina
1384 2425 1558 2458 presbyteri
1592 2425 1768 2456 cardinalis,
1803 2425 2066 2458 supplicationem
2099 2424 2240 2457 indulget

1232 2472 1268 2496 ut
1297 2470 1477 2495 fondatores
1506 2469 1687 2495 monasterii
1716 2477 1751 2495 ac
1780 2469 1918 2502 ipsorum
1949 2469 2076 2495 heredes
2105 2470 2136 2495 et
2165 2468 2240 2495 alios

1233 2514 1396 2544 seculares,
1421 2513 1592 2539 dummodo
1616 2513 1899 2539 excommunIecati
1922 2513 1971 2539 vel
1995 2513 2153 2539 interdicti
2177 2520 2237 2538 non

1233 2559 1295 2584 sint
1317 2566 1369 2584 seu
1393 2557 1488 2583 ctiam
1512 2557 1644 2583 usurarii
1666 2557 1836 2588 manifesti,
1859 2557 1912 2590 qui
1934 2557 2018 2590 apud
2041 2565 2092 2583 eos
2117 2556 2239 2590 sepeliri

1232 2603 1357 2635 eligent,
1375 2602 1469 2628 libere
1488 2602 1527 2627 ad
1545 2602 1741 2635 sepulturam
1762 2602 1792 2627 in
1812 2602 2002 2628 monasterio
2022 2601 2238 2631 admittentes,

1232 2647 1309 2673 nulli
1330 2647 1367 2672 de
1389 2646 1446 2672 hiis
1469 2653 1548 2679 quae
1569 2646 1627 2671 sibi
1648 2646 1726 2672 tales
1748 2646 1778 2671 in
1800 2646 1911 2672 ultima
1933 2646 2097 2672 voluntate
2119 2646 2240 2678 legave-

1232 2692 1295 2717 rint
1321 2692 1375 2717 aut
1403 2690 1498 2716 etiam
1526 2691 1563 2716 de
1590 2690 1647 2716 hiis
1675 2698 1754 2723 quae
1781 2691 1839 2716 sibi
1866 2691 2018 2716 hactenus
2045 2690 2151 2716 taliter
2176 2690 2238 2715 sint

1232 2736 1344 2768 legata,
1368 2735 1485 2768 aliquid
1498 2734 1643 2760 exhibere
1656 2736 1823 2761 teneantur
1835 2734 1954 2761 ratione
1978 2734 2145 2760 canonicae
2169 2741 2239 2766 por-

1234 2779 1336 2810 tionis,
1358 2779 1437 2804 sicut
1457 2779 1522 2811 jaun
1544 2778 1573 2804 iu
1595 2780 1687 2804 antea
1710 2779 1859 2805 iecerunt.
1882 2779 1978 2811 (riso.
2001 2779 2048 2809 25,
2072 2779 2090 2804 i'.
2114 2778 2170 2803 202
2193 2781 2238 2810 v⁰‚

1233 2832 1257 2850 c.
1285 2824 1321 2849 95
1339 2822 1372 2853 2;
1399 2823 1618 2854 BianomrLl,
1644 2828 1679 2848 110
1705 2823 1787 2855 (377.)

1264 2900 1285 2920 1.
1304 2900 1365 2919 Saul
1382 2899 1402 2919 le
1419 2899 1563 2924 pr‹'=an1l)1111=
1581 2900 1604 2918 ⁴¹1
1627 2899 1660 2918 los<
1677 2899 1800 2919 ‹lcrnicrcs
1817 2899 1894 2923 ligni-s
1910 2899 1940 2919 (lc
1959 2899 1980 2918 la
1999 2899 2042 2921 siu,
2059 2904 2106 2922 quc
2124 2903 2187 2917 nous
2204 2902 2239 2922 pu

1232 2935 1311 2955 blions
1328 2935 1366 2958 ici,
1385 2935 1405 2954 le
1425 2936 1492 2954 texte
1509 2934 1539 2954 (lv
1556 2936 1622 2953 ectio
1639 2934 1712 2954 lcum·
1729 2937 1764 2954 cst
1784 2941 1814 2954 (’11
1835 2936 1888 2954 tnui
1908 2934 2042 2953 semihianti»
2060 2934 2072 2952 ii
2090 2932 2151 2952 colui
2169 2932 2199 2953 dc
2216 2932 2238 2953 lu

1232 2971 1304 2990 lettre
1321 2970 1475 2994 prs-cedente.
1490 2975 1510 2989 c.
1526 2969 1556 2988 85»
1571 2970 1610 2993 (11⁰
1624 2970 1705 2992 2831).

1264 3006 1286 3025 1.
1308 3005 1325 3025 ll
1339 3005 1380 3029 n'y
1392 3011 1406 3024 a
1419 3010 1462 3030 pas
1474 3004 1504 3024 dc
1516 3010 1537 3024 e.
1550 3004 1605 3024 9051
1618 3004 1656 3024 (11.
