2477 3512
912 295 1141 335 TROISIEME
1169 297 1314 335 ANNEE

165 368 264 395 2352
564 371 689 402 Viterbe,
707 373 740 398 26
755 371 915 397 novembre
932 373 1009 397 1257.

127 459 301 492 Campaniae
316 459 648 493 Maritimaequerectori
659 460 787 490 mandat,
798 462 954 493 quatenus,
964 461 988 485 si
1003 460 1082 486 hahi-
1107 487 1108 498 ἵ

92 509 199 532 [atores
213 506 353 540 praedicti
368 507 455 532 castri
469 506 504 532 de
521 507 621 533 Trebis
637 506 807 541 supradicta
827 508 964 533 mandata
986 507 1082 542 negle-
1107 508 1108 543 ξ

92 553 188 579 xerint
213 553 386 587 adimplere,
409 562 459 580 eos
484 554 520 580 ad
544 554 573 580 id
600 554 768 588 compellat.
799 555 878 583 (arco.
905 557 948 583 25,
975 564 1000 581 a.
1034 555 1080 588 111,

92 609 116 626 c.
133 600 214 632 7352,
234 601 342 627 s.100.v

136 701 149 714 a
182 714 202 718 ..
239 688 422 731 Campanie
452 687 689 731 Maricimeque
734 690 864 721 rectori.
907 691 985 722 Cum
1024 701 1080 722 nos

85 745 162 785 jura
182 762 235 774 ——.
259 745 330 775 Dat.
354 744 502 782 Viterbii,
530 745 575 775 Vl
603 745 667 776 kal.
689 746 883 782 decembris,
907 757 990 778 anno
1010 750 1079 778 ter-

91 800 146 831 tio.
173 813 188 827 ν»

158 955 259 982 2353
565 956 689 985 Viterbe,
708 959 745 982 1⁰¹·
759 956 914 982 decembre
930 958 1005 982 1257.

120 1054 279 1080 Confirmat
295 1054 416 1086 litteras,
428 1054 534 1088 quibus
544 1055 718 1081 Octavianus
736 1056 763 1081 S.
782 1055 884 1081 Mariae
902 1055 930 1081 in
950 1055 998 1081 Via
1009 1056 1076 1081 Lata

84 1197 312 1232 Engolismensis
326 1198 478 1227 ecclesiae,
490 1206 564 1231 quae
579 1198 717 1232 magister
733 1198 905 1224 Guillelmus
915 1199 950 1224 de
966 1200 1072 1225 Gromo

83 1245 249 1279 resignavit.
268 1246 345 1279 (nno.
363 1247 406 1275 25,
421 1253 446 1271 a.
467 1245 686 1277 111,c.736¹,f.
707 1247 777 1273 100.)

129 1368 142 1379 «ι
171 1352 320 1384 Ανηαί(ίο
346 1352 534 1395 Mayllem-di
551 1352 770 1391 subdiacono,
793 1353 916 1385 rectori
937 1353 1070 1386 ecclesie

83 1408 123 1440 de
156 1408 360 1451 Ayrasrilla,
397 1408 662 1451 Enqolz’smensis
705 1409 856 1441 diocesis.
898 1411 968 1442 Hiis
1009 1422 1069 1450 que

84 1464 161 1496 fiunt
191 1466 292 1496 nostri
314 1466 508 1496 auctoritate
531 1466 685 1504 mandati,
717 1470 750 1496 ut
783 1467 908 1497 intacta
941 1477 1068 1507 perma-

83 1525 182 1552 neant
196 1523 228 1552 et
244 1521 367 1552 illibata
382 1522 575 1559 consistant,
598 1522 738 1553 libenter
758 1523 914 1553 adicimus
935 1526 1068 1564 aposto—

80 1577 133 1608 lici
152 1577 277 1608 roboris
302 1578 498 1608 firmitatem.
522 1579 588 1609 Tua
609 1588 686 1609 sane
706 1579 820 1619 petitio
852 1579 943 1610 nobis
978 1580 1068 1611 exhi-

82 1633 148 1665 bita
166 1634 364 1672 continebat,
387 1634 468 1674 quod
487 1634 623 1665 dilectus
648 1634 731 1665 filins
756 1637 867 1666 noster
891 1635 928 1667 Ο.
949 1636 1067 1667 Sancte

79 1691 180 1722 Marie
201 1691 231 1720 in
252 1691 314 1721 Via
326 1691 406 1721 Lata
419 1691 572 1721 diaconus
586 1691 759 1722 cardinalis
773 1691 829 1722 tibi
840 1693 1065 1723 canonicatum

77 1750 110 1778 et
126 1746 324 1788 prebendam
339 1747 589 1785 sacerdotalem,
612 1758 672 1788 que
693 1748 852 1789 magister
875 1748 1067 1780 Guillelmus

77 1803 116 1834 de
137 1803 257 1834 Gromo
277 1802 393 1834 dudum
414 1803 564 1835 obtinens
596 1805 626 1834 in
653 1804 892 1845 Engolismensi
926 1806 1067 1836 ecclesia

76 1859 180 1891 libere
198 1861 395 1891 auctoritate
417 1863 527 1891 nostra
547 1861 579 1891 in
596 1861 698 1902 ipsius
717 1862 892 1893 cardinalis
920 1863 1066 1893 manibus

77 1917 275 1958 resignarat,
295 1917 335 1947 de
356 1917 488 1958 speciali
513 1917 664 1948 mandato
694 1920 805 1949 nostro
835 1918 896 1949 sibi
914 1921 1066 1950 oretenus

77 1973 165 2004 facto
185 1973 320 2004 contulit
341 1983 413 2004 cum
434 1974 579 2004 omnibus
598 1975 664 2005 suis
689 1976 895 2016 pertinentiis
921 1979 955 2006 et
976 1977 1007 2006 te
1028 1976 1067 2006 de

75 2029 154 2070 ipsis
175 2039 232 2069 per
253 2039 343 2060 suum
364 2030 480 2071 pileum
506 2031 688 2067 investivit,
711 2032 754 2062 ita
776 2032 859 2071 quod
878 2032 918 2063 ad
938 2031 1067 2063 ordines

78 2088 111 2116 et
139 2086 347 2118 residentiam
369 2087 526 2125 tenearis,
549 2092 642 2128 prout
664 2088 764 2128 ipsius
793 2088 956 2128 prebende
987 2099 1067 2119 omis
1093 2105 1094 2109 =

77 2143 182 2183 exigit
200 2147 234 2173 et
253 2143 400 2184 ejusdem
425 2143 568 2174 ecclesie
597 2144 797 2175 consuetudo
827 2145 977 2184 requirit,
1004 2155 1066 2175 non

75 2198 226 2230 obstante
247 2200 272 2229 si
292 2199 389 2239 aliqui
410 2200 474 2231 sint
502 2200 621 2231 ibidem
642 2211 845 2241 quacumque
870 2202 1066 2233 auctoritate

76 2256 213 2296 recepti,
232 2255 283 2286 vel
310 2258 343 2286 ut
371 2256 571 2296 recipiantur
607 2257 772 2293 insistant,
799 2257 923 2297 quibus,
962 2257 1067 2298 quoad

75 2312 311 2343 assecutionem
342 2313 474 2343 aliarum
498 2313 746 2353 prebendarum,
770 2313 890 2344 nullum
921 2314 1067 2355 prejudi-

75 2368 158 2398 cium
179 2370 368 2409 generetur,
392 2380 447 2399 seu
464 2369 608 2409 qualibet
629 2369 721 2401 Sedis
742 2370 929 2411 Apostolice
961 2370 1066 2401 indul-

73 2424 183 2465 gentia
208 2424 259 2455 vel
293 2427 428 2462 statuto,
452 2426 683 2467 cujuscumque
699 2427 821 2457 tenoris
848 2427 978 2461 fuerint,
1009 2437 1067 2468 per

75 2490 136 2520 que
159 2480 288 2511 collatio
309 2484 341 2511 et
360 2481 552 2512 investitura
575 2482 758 2523 hujusmodi
803 2483 934 2514 valeant
963 2484 1064 2525 impe-

75 2536 148 2567 diri.
171 2537 214 2567 Te
229 2547 354 2578 quoque
372 2537 479 2568 ‹lictns
499 2538 674 2569 cardinalis
703 2540 742 2570 ad
770 2540 905 2570 eandem
928 2540 1064 2581 preben-

74 2593 145 2623 dam
167 2594 196 2623 in
219 2593 360 2624 ecclesia
380 2594 447 2635 ipsa
474 2595 573 2636 recipi
598 2596 724 2633 statuit,
748 2599 781 2626 et
802 2597 827 2626 si
849 2606 944 2627 secus
968 2596 1064 2627 tieret

73 2649 197 2679 irritum
218 2653 250 2680 et
275 2650 369 2680 inane
390 2650 550 2689 decrevit,
576 2655 669 2693 prout
696 2652 727 2682 in
751 2653 967 2683 instrumento
1005 2664 1062 2694 pu-

73 2705 155 2736 blico
176 2705 247 2736 inde
267 2707 418 2737 consecto
439 2710 472 2737 et
489 2707 596 2747 sigillo
611 2708 711 2749 ipsius
734 2708 910 2739 cardinalis
939 2710 1061 2740 munito

74 2761 196 2801 plenius
223 2762 420 2793 continetur.
457 2763 521 2794 Nos
547 2764 668 2805 itaque,
689 2765 751 2795 tuis
772 2765 1060 2806 supplicationibus

72 2817 228 2851 inclinati,
251 2818 334 2858 qnod
357 2830 454 2860 super
473 2819 534 2850 hiis
560 2820 597 2851 ab
616 2820 727 2851 eodem
757 2821 913 2852 cardinali
938 2822 1058 2853 factum

72 2875 123 2904 est
157 2876 262 2905 ratum
298 2875 455 2907 habentes
494 2878 526 2907 et
566 2880 708 2917 gratnm,
748 2877 824 2908 illud
864 2879 1059 2909 auctoritate

70 2930 251 2970 apostolica
271 2932 496 2963 confirmamus
517 2940 550 2964 et
581 2934 744 2974 presentis
774 2935 886 2975 scripti
919 2935 1059 2975 patroci-

74 2985 122 3015 nio
144 2988 386 3019 communimus.
410 2989 565 3020 Tenorcm
586 2990 792 3021 instrumenti
819 2990 964 3031 ejusdem
985 3001 1057 3031 pre-

2060 308 2126 338 727

1135 371 1280 402 sentibus
1292 372 1331 403 de
1344 373 1442 405 verbo
1458 374 1498 404 ad
1519 374 1648 405 verbum
1671 375 1769 405 inseri
1791 374 1962 412 facientes,
1983 375 2035 414 qui
2052 375 2126 406 talis

1134 429 1184 457 est
1204 437 1209 458 :

1106 634 1108 645 ι
1136 629 1149 644 ss

1135 686 1149 700 ((

1135 742 1148 757 (⁴

1135 798 1149 813 ((

1134 856 1147 869 Ι(

1103 923 1104 928 ,
1133 914 1147 928 «

1103 967 1104 992 j
1132 969 1145 983 ί(

1102 1019 1103 1023 ’
1131 1026 1145 1040 α

1101 1081 1102 1090 Ι
1129 1083 1143 1096 (4

86 1102 228 1128 diaconus
240 1101 409 1129 cardinalis.
427 1103 461 1128 de
475 1102 613 1128 mandato
628 1103 720 1136 ipsius
737 1110 839 1136 papae,
854 1102 981 1129 Arnaldo
999 1104 1075 1137 May·
1101 1095 1102 1115 Ι

85 1150 168 1175 nardi
192 1150 327 1175 concedit
351 1150 558 1175 canonicatum
584 1153 612 1176 et
636 1150 834 1184 praebendam
862 1151 1073 1177 sacerdotalem
1099 1159 1101 1182 J

1129 1138 1142 1152 ί(

1128 1194 1141 1208 ((

1127 1251 1141 1265 ((

1126 1308 1140 1322 ((

1125 1364 1139 1379 (ι

1125 1421 1138 1434 t(

1124 1477 1138 1491 ((

1123 1533 1137 1548 ((

1123 1590 1137 1604 (ί

1122 1647 1135 1661 (ί

1123 1703 1136 1717 ((

1121 1760 1135 1773 ss

1122 1816 1135 1829 ((

1121 1872 1135 1887 ((

1121 1930 1134 1942 ί(

1121 1986 1135 1999 1(

1121 2043 1134 2055 (ί

1121 2098 1134 2113 (1

1122 2155 1135 2169 ί(

1121 2212 1135 2225 (ί

1121 2268 1134 2282 (ί

1121 2324 1134 2338 (i

1120 2383 1133 2395 (4

1120 2439 1134 2452 ((

1119 2495 1132 2509 ((

1118 2551 1132 2565 ((

1117 2607 1130 2622 (t

1116 2664 1130 2677 ί(

1116 2721 1121 2735 (

1115 2777 1120 2790 1

1115 2834 1120 2847 (

1114 2891 1127 2904 (4

1113 2946 1128 2961 ί(

1114 3004 1127 3017 (ι

1624 491 1748 521 Viterbe,
1766 493 1797 517 19
1814 492 1974 518 novembre
1991 494 2072 518 1257.

1180 575 1193 588 «
1224 563 1255 592 In
1276 564 1402 594 nomine
1422 565 1558 595 Domini.
1582 566 1696 595 Amen.
1723 565 1786 595 Nos
1807 565 2006 596 Octavianus
2025 566 2125 596 mise-

1179 619 1302 649 ratione
1323 620 1431 651 divina
1455 620 1576 651 Sancte
1603 622 1704 652 Marie
1727 621 1755 651 in
1777 622 1839 651 Via
1866 622 1945 652 Lata
1966 622 2124 652 diaconus

1177 675 1364 713 cardinalis,
1387 679 1522 717 recepta
1543 678 1670 708 nornine
1693 679 1725 707 et
1744 678 1813 707 vice
1834 677 1952 707 domini
1979 677 2124 708 Alexan-

1177 729 1226 760 dri
1248 741 1327 772 pape
1351 732 1406 762 ΙΙΙΙ
1432 735 1463 763 et
1495 733 1534 764 de
1564 734 1662 774 ipsius
1690 733 1823 774 speciali
1859 733 2009 764 mandato
2032 734 2123 764 nobis

1177 787 1250 817 viva
1284 797 1362 818 voce
1390 788 1488 825 sacto,
1524 790 1625 820 libera
1655 790 1876 830 resignatione
1914 801 1930 819 a
1965 791 2123 830 magistro

1176 843 1346 875 Guillelmo
1377 844 1416 875 de
1445 845 1576 879 Gromo,
1608 846 1762 876 canonico
1796 846 1933 876 ecclesie
1971 846 2123 886 Engolis-

1175 901 1308 935 mensis,
1327 900 1365 931 de
1380 902 1516 931 canonia
1533 906 1565 931 et
1577 902 1651 942 jure
1669 902 1878 932 canonicatus
1891 906 1923 932 et
1942 902 2116 942 prebenda,

1175 956 1257 996 quod
1296 959 1328 987 et
1360 967 1453 997 quain
1492 957 1632 988 indicta
1669 958 1809 988 ecclesia
1856 957 2045 991 obtinebat,
2085 958 2123 988 de

1172 1013 1272 1053 ipsius
1293 1014 1411 1044 domini
1433 1024 1513 1055 pape
1547 1014 1679 1045 licentia
1717 1016 1749 1044 et
1777 1014 1928 1044 mandato
1963 1016 2118 1045 oretenus

1172 1070 1263 1100 nobis
1296 1070 1394 1101 facto.
1433 1070 1537 1101 dictos
1575 1071 1817 1107 cansniicatuni,
1856 1070 2038 1107 canoniam,
2088 1073 2121 1101 et

1171 1126 1366 1166 prebendam
1394 1126 1647 1163 sacerdotalem,
1668 1137 1761 1166 qnam
1782 1126 1888 1156 dictus
1910 1127 2068 1167 magister
2089 1128 2121 1157 in

1170 1182 1298 1222 prefata
1325 1182 1465 1213 ecclesia
1488 1182 1673 1215 obtinebat.
1697 1193 1767 1213 cnm
1807 1182 2006 1223 plenitudine
2037 1182 2121 1223 juris

1169 1239 1314 1269 canonici
1336 1239 1478 1269 Arnaldo
1503 1239 1661 1270 Mainardi
1685 1238 1898 1276 subdiacono,
1925 1239 2046 1269 rectori
2067 1249 2122 1269 ec—

1169 1294 1269 1325 clesie
1285 1294 1324 1325 de
1340 1295 1540 1336 Ayrasvilla,
1568 1296 1680 1325 damus
1706 1300 1739 1325 et
1774 1295 1993 1331 concedimus,
2016 1297 2051 1326 et
2076 1296 2121 1336 ip-

1169 1361 1238 1381 sum
1254 1350 1293 1381 de
1316 1351 1470 1392 predictis
1489 1362 1561 1382 cum
1582 1352 1678 1392 pileo,
1701 1351 1823 1392 quodin
1841 1362 1934 1382 mann
1955 1354 2118 1389 tenemus,

1168 1408 1363 1438 auctoritate
1384 1410 1417 1439 et
1440 1408 1591 1439 mandato
1622 1408 1778 1449 predictis
1803 1408 2046 1449 presentialiter
2073 1409 2118 1438 in-

1167 1464 1323 1494 vestimus
1353 1475 1423 1494 rum
1450 1465 1595 1495 omnibus
1618 1465 1744 1504 juribus
1778 1469 1811 1495 et
1838 1464 2050 1505 pertinentiis
2079 1464 2118 1494 ad

1166 1520 1270 1551 dictos
1291 1522 1516 1551 canonicatum
1535 1525 1567 1551 et
1590 1521 1785 1561 prebendam
1809 1521 2061 1561 pertinentibus,
2083 1522 2116 1551 nt

1161 1577 1256 1618 juxta
1273 1579 1397 1608 statuta
1418 1578 1518 1618 ipsius
1540 1577 1799 1618 Engolismensis
1824 1576 1967 1608 ecclesie
1987 1579 2053 1607 tam
2080 1577 2110 1607 in

1164 1633 1378 1674 suscipiendis
1394 1633 1559 1664 ordinibus
1579 1644 1671 1673 qnam
1695 1635 1724 1663 in
1746 1633 1937 1673 exequendo
1959 1633 2117 1664 sacerdo-

1164 1690 1231 1720 tale
1256 1689 1396 1720 officium
1418 1700 1452 1720 se
1476 1690 1577 1721 faciat
1606 1690 1789 1731 promoveri
1819 1692 1852 1720 et
1878 1689 1996 1720 ibidem
2032 1690 2115 1721 resi-

1164 1747 1305 1777 dentiam
1341 1746 1440 1777 faciat
1458 1747 1674 1788 personalem,
1704 1748 1797 1787 prout
1822 1746 1987 1787 prebende
2011 1746 2113 1787 ipsius

1164 1803 1316 1840 ecclesie,
1339 1803 1377 1832 ad
1410 1814 1504 1843 quam
1530 1803 1717 1843 recipietur,
1739 1802 1941 1833 consuetudo
1961 1802 2111 1843 requirit,

1163 1869 1225 1889 non
1255 1859 1458 1890 (distantibus
1488 1860 1514 1889 si
1541 1860 1571 1889 in
1606 1860 1674 1900 ipsa
1702 1859 1840 1889 ecclesia
1876 1858 2114 1899 Engolismensi

1163 1916 1228 1946 sint
1259 1916 1355 1956 aliqui
1386 1926 1586 1956 quacumque
1619 1916 1817 1946 auctoritate
1835 1916 1961 1956 recepti
1996 1915 2048 1945 vel
2079 1916 2113 1945 ut

1163 1972 1361 2012 recipiantur
1382 1972 1546 2009 insistant,
1565 1971 1678 2012 quibus
1699 1972 1805 2002 dictus
1832 1975 1942 2002 rector
1962 1972 1993 2001 in
2021 1980 2113 2002 asse-

1163 2029 1290 2059 cutione
1322 2028 1482 2059 dictorum
1507 2029 1719 2059 canonicatus
1747 2031 1779 2059 et
1812 2027 1976 2069 prebende
2004 2027 2113 2068 prefe-

1165 2087 1265 2123 ratur,
1289 2086 1334 2116 ita
1353 2086 1435 2126 quod
1457 2087 1611 2125 qnantum
1640 2085 1679 2115 ad
1705 2085 1942 2115 assecutionem
1973 2084 2110 2114 aliarum

1164 2141 1398 2183 prebendarum
1422 2142 1541 2172 nullum
1563 2142 1636 2172 aliis
1674 2141 1886 2183 prejudicium
1915 2144 2107 2181 generetur,

1164 2208 1219 2229 seu
1240 2200 1363 2229 statuto
1387 2198 1426 2229 de
1463 2200 1553 2229 certo
1591 2198 1818 2228 canonicorum
1858 2206 1991 2227 numero
2028 2207 2107 2236 qua-

1164 2264 1299 2295 rumque
1319 2255 1471 2285 firmitate
1492 2254 1744 2295 veljurainento
1772 2253 1890 2284 vallato
1912 2255 1945 2283 et
1973 2253 2105 2294 privile-

1164 2311 1224 2352 giis
1247 2312 1316 2342 sive
1335 2311 1543 2351 indulgentiis
1565 2312 1620 2341 aut
1641 2310 1760 2341 litteris
1782 2320 1839 2341 seu
1858 2310 1990 2340 statutis
2013 2309 2108 2340 Sedis

1163 2368 1360 2409 Apostolice.
1389 2368 1445 2398 sub
1467 2378 1665 2408 quacumque
1701 2367 1803 2397 forma
1825 2366 1996 2397 verborum
2032 2376 2108 2396 con—

1163 2425 1278 2465 ceptis,
1313 2424 1351 2454 do
1379 2434 1511 2464 quorum
1546 2426 1614 2455 toto
1640 2426 1753 2455 tenore
1786 2424 1838 2454 vel
1873 2422 1911 2453 de
1945 2422 2046 2453 verbo
2069 2422 2107 2453 ad

1162 2480 1293 2512 verbum
1311 2482 1472 2521 oporteat,
1486 2480 1569 2521 quod
1587 2480 1832 2521 inpresentibus
1850 2480 1971 2510 mentio
1986 2479 2107 2510 habea-

1162 2540 1224 2574 tur,
1259 2539 1293 2567 et
1329 2547 1386 2578 per
1418 2547 1477 2577 que
1515 2537 1601 2567 dicta
1639 2537 1805 2567 concessio
1839 2543 1871 2566 et
1914 2535 2107 2566 investitura

1160 2593 1284 2635 possint
1304 2593 1508 2634 aliquatenus
1539 2593 1705 2633 impediri,
1730 2593 1877 2623 volentes
1903 2595 1935 2622 et
1959 2594 2106 2622 statuen-

1160 2652 1209 2681 tes
1241 2650 1439 2681 auctoritate
1470 2650 1610 2690 prefata,
1642 2651 1722 2690 quod
1765 2649 1849 2680 idem
1886 2649 2048 2679 Arnnldns
2088 2658 2105 2678 a

1154 2707 1329 2737 venerabili
1370 2709 1492 2747 patre..
1537 2707 1688 2748 episcopo
1724 2708 1757 2737 et
1797 2705 1950 2736 discretis
1991 2705 2100 2735 viris..

1157 2763 1279 2794 decano
1301 2766 1333 2794 et
1353 2763 1492 2804 capitulo
1519 2763 1830 2803 Engolismcnsibns,
1855 2764 1977 2792 statuto
1996 2762 2103 2802 aliquo

1157 2830 1216 2850 non
1244 2819 1406 2857 obstante,
1439 2821 1615 2861 recipiatur
1633 2820 1661 2850 in
1697 2820 1885 2849 canonicum
1916 2820 1948 2848 et
1978 2818 2007 2848 in
2038 2818 2102 2848 sra-

1157 2879 1252 2913 trem,
1270 2875 1488 2906 decernentes
1505 2876 1629 2907 irritum
1648 2878 1680 2907 et
1700 2876 1793 2906 inane
1816 2876 1841 2905 si
1862 2885 1956 2905 secus
1977 2874 2016 2904 de
2030 2884 2102 2915 pre-

1155 2932 1252 2963 dictis
1273 2944 1291 2962 a
1312 2942 1468 2972 quoquam
1490 2932 1698 2972 contingeret
1724 2931 1929 2972 attennitari.
1951 2931 1982 2960 ln
2009 2930 2102 2971 cujus

1773 2987 2014 3018 concessionem
2069 2988 2102 3018 et

1156 2989 1200 3019 rei
1256 2989 1473 3019 testimonium
1535 2991 1720 3029 presentem
