2477 3512
163 284 230 319 830
889 275 1146 309 REGISTRES
1164 273 1501 308 D’ALEXANDRE
1516 273 1564 307 1v

206 392 260 414 «..‚
290 379 438 418 mayistro
467 379 493 406 et
521 376 671 415 fratribus
700 374 864 414 hospitalis
894 374 1001 404 Sancti
1031 374 1171 413 Spiritus

163 433 200 462 de
215 431 311 462 Samia
326 431 361 460 tte
380 430 471 460 Urbe.
489 427 742 459 Sollicitudinem
757 428 898 455 vestram
914 426 995 455 circa
1018 443 1068 454 —.
1094 426 1171 455 Dat.

164 485 318 524 Anagnie,
351 483 398 512 Ill
427 482 498 510 idus
527 479 713 514 decembris,
741 487 826 508 anno
854 480 980 517 quarto.
1010 489 1022 505 »

243 684 322 710 2711
643 681 776 713 Anagni,
792 680 809 707 3
825 679 987 706 decembre
1003 679 1089 706 1258.

202 736 321 763 Abbati
349 733 530 761 monasterii
558 733 586 759 S.
617 732 764 759 Germani
793 732 830 758 de
859 732 961 758 Pratis
990 731 1172 758 Parisiensis

162 776 303 809 indulget
332 777 367 801 ut
396 773 555 800 interdicti
584 772 633 798 vel
663 772 874 805 suspensionis
903 771 1076 798 sententias
1105 771 1172 805 ipso

161 816 246 843 facto
270 815 317 841 vel
339 815 408 847 jure
429 819 631 846 nequaquam
653 812 802 842 incurrat,
826 811 1063 838 constitutionis
1085 818 1173 837 occa-

161 856 247 882 sione
267 855 454 888 quusquam
473 854 527 879 aut
548 852 723 878 sententiae
754 851 803 877 vel
823 851 966 877 mandati
986 858 1066 884 quae
1086 851 1123 877 de
1142 857 1174 876 se

162 895 328 929 specialem
344 901 407 920 non
424 892 553 920 fecerint
570 891 771 918 mentionem.
789 891 886 924 (Rae.
915 890 963 922 25,
992 890 1012 916 t.
1044 890 1097 917 161
1127 893 1173 921 νῦ,

162 942 212 962 an.
240 935 291 966 IV,
316 942 341 961 e.
356 933 438 965 267.)

204 1036 215 1051 «
244 1024 288 1058 G.,
325 1023 430 1053 abbati
463 1021 642 1051 monasterii
678 1020 784 1050 Sancti
823 1021 969 1050 Germani
1001 1020 1036 1050 (Ic
1069 1019 1175 1049 Pratis

162 1077 365 1110 Parisiensis,
405 1075 525 1105 ordinis
565 1074 673 1104 Sancti
712 1073 881 1107 Benedicti,
922 1073 962 1103 ad
999 1073 1174 1102 Romanam

162 1130 331 1160 Ecclesiam
359 1128 445 1158 nullo
472 1127 572 1156 medio
598 1126 791 1165 pertinentis
820 1126 961 1155 Meretur
996 1129 1050 1155 tue
1079 1126 1175 1154 ‹levo-

161 1183 309 1212 tionis—.
323 1182 404 1211 Sane
416 1180 514 1209 felicis
529 1179 759 1208 recordationis
777 1178 982 1208 Innocentius
996 1187 1091 1217 papa,
1106 1187 1176 1216 pre·-

162 1235 307 1264 decessor
332 1236 450 1266 noster,
478 1232 683 1261 considerans
709 1232 795 1270 quod
822 1231 979 1269 episcopis
1005 1234 1037 1260 et
1063 1240 1174 1260 eorum

162 1286 378 1324 superioribus
414 1285 627 1323 periculosum
659 1284 794 1313 nimium
834 1284 1006 1318 existebat,
1042 1286 1174 1322 propter

163 1339 386 1368 executionem
421 1336 617 1376 pontificalis
652 1336 751 1366 officii
786 1337 873 1376 quod
906 1336 1092 1375 frequenter
1125 1337 1174 1366 in-

163 1391 296 1425 cumbit,
325 1393 362 1420 ut
389 1391 421 1419 in
449 1390 556 1428 aliquo
584 1398 659 1418 casu
687 1389 851 1419 interdicti
879 1390 929 1418 vel
956 1389 1173 1428 suspensionis

162 1445 360 1474 incurrerent
386 1442 582 1472 sententiam
608 1441 677 1480 ipso
703 1441 800 1475 facto,
829 1442 923 1470 duxit
949 1442 1082 1480 provide
1108 1444 1173 1471 sta-

161 1497 319 1526 tuendum
346 1498 383 1525 ut
409 1495 548 1534 episcopi
575 1497 607 1524 et
633 1494 687 1523 alii
707 1495 884 1532 superiores
902 1495 1027 1533 prelati,
1055 1495 1172 1524 nullius

163 1548 403 1579 constitutionis
434 1547 610 1581 occasione,
642 1547 801 1577 sententie
831 1548 882 1576 vel
913 1548 1071 1582 mandati,
1103 1557 1172 1586 pre-

163 1602 284 1632 dictam
314 1602 480 1631 incurrant
510 1599 705 1629 sententiam
735 1600 804 1638 ipso
833 1600 913 1638 jure,
945 1601 1005 1630 nisi
1034 1601 1066 1630 in
1096 1601 1173 1639 ipsis

163 1654 202 1684 de
224 1654 379 1692 episcopis
402 1655 434 1682 et
444 1651 661 1690 superioribus
683 1652 857 1681 eorundem
880 1662 1028 1691 expressa
1050 1653 1173 1682 mentio

164 1706 330 1736 habeatur.
360 1706 440 1735 Cum
468 1705 579 1743 itaque
607 1704 700 1733 nobis
728 1704 891 1734 humiliter
918 1705 1107 1744 supplicasti
1136 1708 1173 1734 ut

164 1758 404 1788 constitutionis
430 1757 529 1796 ipsius
556 1756 705 1786 beneficii
731 1759 763 1786 te
789 1758 927 1795 gaudere
979 1758 1114 1788 comodo
1141 1761 1174 1788 et

163 1811 315 1840 utilitatis
339 1811 408 1849 ejus
433 1809 624 1848 participem
650 1810 688 1838 de
712 1810 913 1848 benignitate
937 1811 1031 1840 solita
1055 1810 1174 1840 facere-

163 1872 245 1898 muS,
268 1873 324 1893 nos
345 1862 587 1893 constitutionis
608 1862 707 1900 ipsius
727 1862 920 1892 beneficium
941 1864 982 1893 ad
1004 1873 1173 1902 personam

163 1918 266 1950 tuam,
282 1925 345 1946 non
359 1917 481 1955 absque
497 1915 638 1954 quadam
654 1915 783 1944 honoris
797 1916 1013 1954 prerogativa,
1028 1917 1175 1947 volentes

163 1969 305 2003 extendi,
340 1968 535 1998 auctoritate
569 1967 629 1997 tibi
664 1968 861 2006 presentium
896 1969 1100 2008 indulgemus
1134 1972 1171 1999 ut

164 2021 351 2059 hujusmodi
378 2019 555 2050 sententias
582 2019 651 2057 ipso
678 2019 766 2049 facto
792 2021 843 2050 vel
869 2020 939 2059 jure
968 2030 1174 2061 nequaquam

164 2073 317 2108 incurras,
344 2071 586 2103 constitutionis
612 2072 777 2102 occasione
803 2073 995 2112 quusquam
1022 2076 1080 2103 aut
1105 2082 1175 2102 sen—

163 2126 266 2156 tentie
291 2127 341 2155 vel
367 2124 514 2155 mandati
546 2133 608 2162 que
633 2125 671 2154 de
696 2126 728 2154 te
754 2125 924 2163 specialem
950 2134 1013 2155 non
1039 2125 1172 2154 fecerint

164 2179 371 2208 mentionem.
427 2179 514 2209 Nulli
562 2181 669 2209 nostre
722 2178 933 2208 concessionis
983 2180 1044 2207 etc.
1095 2178 1172 2207 Dat.

164 2231 319 2269 Anagnie,
347 2232 395 2260 III
420 2241 520 2262 nonas
544 2231 730 2265 decembris,
754 2239 839 2260 anno
863 2232 979 2269 quarto
1002 2242 1024 2258 .»

245 2403 332 2429 2712
642 2403 776 2437 Anagni,
792 2404 809 2429 4
827 2403 988 2430 decembre
1006 2403 1093 2430 1258.

209 2456 335 2482 Inhibet
354 2457 389 2482 ut
407 2456 511 2483 nullus
530 2457 623 2483 homo
642 2458 741 2482 terras
760 2457 791 2482 et
810 2456 1019 2490 possessiones
1038 2463 1116 2489 quas
1136 2457 1175 2483 ad

167 2502 295 2522 censum
319 2503 460 2522 annuum
486 2496 534 2523 vel
560 2496 591 2522 in
616 2496 746 2522 feudum
772 2503 789 2522 a
815 2496 969 2529 praedicti
993 2497 1177 2522 monasterii

165 2535 316 2568 religiosis
354 2536 484 2567 detinet,
518 2536 583 2562 sine
612 2536 793 2562 eorumdem
813 2536 1027 2569 religiosorum
1049 2543 1176 2562 assensu

165 2574 302 2601 alienare
319 2577 509 2609 praesumat.
529 2576 626 2608 (REG.
645 2576 693 2608 25,
713 2576 733 2601 f.
755 2575 809 2601 161
829 2579 875 2607 v0,
895 2582 945 2602 an.
979 2575 1030 2607 IV,
1050 2583 1074 2603 c.
1094 2575 1176 2609 268.)

209 2676 264 2699 «..‚
294 2664 399 2694 abbati
427 2667 453 2694 et
481 2665 641 2694 conventui
694 2665 824 2703 predicti
851 2665 1042 2694 monasterii.
1072 2665 1178 2694 Debet

166 2725 207 2746 ex
227 2717 401 2755 apostolice
410 2735 460 2746 —.
473 2718 554 2747 Sane
572 2717 663 2746 nobis
679 2717 823 2746 exhibita
840 2726 880 2746 ex
897 2719 988 2755 parte
1003 2720 1110 2747 vestra
1125 2726 1178 2756 pe-

168 2768 242 2798 titio
267 2769 455 2798 continebat
479 2770 564 2808 quod
590 2769 732 2798 nonnulli
757 2757 901 2798 bomines
925 2772 1025 2799 terras
1049 2772 1081 2799 et
1105 2779 1177 2808 pos-

167 2821 321 2849 sessiones
339 2830 357 2850 a
375 2821 466 2851 vobis
484 2822 525 2850 ad
545 2830 675 2850 censum
693 2830 838 2851 annuum
850 2822 900 2850 vel
911 2821 942 2850 in
954 2821 1087 2851 feudum
1099 2821 1178 2850 deti-

168 2875 290 2906 nentes,
318 2876 425 2902 vestra
454 2882 517 2903 non
546 2874 679 2903 obtenta
707 2874 846 2907 licentia,
874 2874 906 2903 in
934 2874 1011 2903 alios
1039 2873 1174 2903 transfe-

168 2927 244 2953 runt
268 2927 366 2963 atquc
390 2926 547 2955 vendunt.
574 2926 679 2963 Quare
721 2926 882 2964 petivistis
906 2935 963 2964 per
997 2935 1054 2955 nos
1078 2925 1178 2955 vestri

172 2977 354 3006 monasterii
382 2983 477 3015 super
505 2978 562 3007 hoc
590 2978 882 3016 indempnitatibus
909 2978 1082 3016 precaveri.
1111 2978 1178 3007 Nos

1279 373 1387 412 igitur,
1416 373 1532 403 vestris
1561 373 1708 412 precibus
1736 372 1892 406 inclinati,
1921 372 2066 403 districte
2094 373 2291 403 auctoritate

1280 426 1478 464 presentium
1501 425 1683 455 inhibemus
1708 427 1745 455 ut
1768 425 1846 454 nulli
1870 425 2009 454 vendere
2031 424 2082 454 vel
2105 434 2210 455 emere
2233 428 2292 456 aut

1278 477 1311 507 in
1340 478 1437 508 aliam
1466 486 1635 516 personam
1663 477 1836 507 transferre
1864 479 1966 506 terras
1994 477 2045 506 vel
2074 477 2288 516 possessiones

1280 530 1477 568 hujusmodi,
1497 532 1556 559 aut
1573 530 1625 568 jus
1646 530 1733 568 quod
1752 529 1785 559 in
1804 529 1849 558 eis
1869 529 2006 564 habetis,
2026 538 2081 558 seu
2103 529 2213 568 aliquo
2231 530 2294 560 alio

1280 583 1376 612 modo
1397 582 1535 612 alienare
1551 583 1740 620 presumant
1755 581 1822 610 sine
1835 583 1943 611 vestra
1954 581 2046 611 lintia
2063 581 2135 619 (sic)
2144 584 2178 612 et
2187 590 2295 612 assen-

1279 643 1326 668 su,
1345 635 1400 664 sed
1426 634 1519 663 vobis
1538 634 1640 672 primo
1657 634 1727 672 ipsa
1745 636 1918 663 teneantur
1935 633 2130 664 detemtores
2159 633 2295 674 auterre,

1278 687 1486 725 retempturis
1510 695 1546 716 ea
1571 686 1597 715 si
1620 686 1713 716 vobis
1737 685 1904 725 placuerit,
1929 694 1986 724 pro
2011 686 2114 724 pretio
2138 695 2202 725 quo
2225 686 2296 717 aliis

1279 739 1418 768 vendere
1442 741 1572 777 possent
1595 739 1658 768 illa.
1673 738 1831 768 Nolumus
1853 741 1963 768 tamen
1987 739 2074 777 quod
2096 747 2154 777 per
2175 739 2292 769 inhibi-

1280 791 1404 821 tionem
1435 791 1620 829 huJusmodi
1651 790 1835 829 apostolicis
1865 790 2073 829 indulgentiis
2102 791 2167 828 juri
2196 791 2294 821 alicui

1281 843 1332 872 vel
1366 843 1591 873 consuetudini
1624 843 1804 882 approbate
1836 851 1874 872 ac
1908 843 2082 882 prescripte
2115 843 2147 873 in
2180 843 2290 882 aliquo

1284 895 1463 934 derogetur.
1494 896 1581 925 Nulli
1622 898 1730 925 nostre
1767 895 1968 925 inhibitionis
2003 897 2064 925 etc.
2103 895 2180 925 Dat.
2210 896 2297 926 Ana-

1283 948 1366 986 gnie‚
1395 948 1426 976 II
1452 957 1552 978 nonas
1578 948 1765 982 decembris,
1791 957 1876 977 anno
1901 950 2058 986 quarto.»

1364 1147 1452 1173 2713
1713 1147 1847 1181 Anagni‚
1874 1147 1908 1173 11
1937 1147 2101 1174 decembre
2127 1146 2214 1174 1258.

1324 1200 1475 1233 Magistro
1499 1199 1640 1226 Gilberto
1664 1199 1702 1226 de
1714 1199 1914 1233 Raunigham
1938 1199 2079 1232 indulget
2104 1200 2149 1231 ut,
2173 1201 2298 1233 praeter

1283 1240 1445 1266 eeclesiam
1485 1240 1523 1266 de
1563 1239 1726 1266 Santhune
1766 1239 1926 1271 Dunham‚
1973 1245 2079 1265 curam
2119 1239 2297 1266 animarum

1282 1279 1464 1311 habentem,
1486 1286 1582 1313 quam
1602 1279 1801 1306 intitulatam
1822 1279 1957 1310 obtinet,
1979 1278 2142 1305 ecclesiam
2162 1278 2200 1305 de
2220 1278 2298 1306 Lae-

1282 1319 1382 1346 thune
1402 1319 1605 1353 Malemeyns‚
1627 1318 1854 1346 Lincolniensis
1874 1318 2016 1350 diocesis,
2037 1325 2118 1352 quae
2138 1318 2166 1344 ei
2187 1325 2206 1345 a
2224 1317 2298 1345 Lin-

1283 1359 1432 1386 colniensi
1455 1359 1601 1393 episeopo
1626 1359 1666 1385 ad
1689 1360 1815 1392 tempus
1839 1358 2061 1385 commendata
2084 1357 2198 1390 iuerat,
2222 1358 2298 1385 reci-

1282 1406 1354 1432 pere
1370 1401 1402 1425 et
1417 1399 1550 1425 retinere
1566 1399 1665 1432 possit
1678 1406 1685 1430 ;
1701 1398 1836 1425 duarum
1851 1397 2053 1424 ecclesiarum
2068 1398 2241 1432 proventus
2256 1397 2297 1424 ad

1281 1438 1396 1472 viginti
1420 1446 1598 1465 marcarum
1623 1445 1779 1465 summam
1805 1438 1895 1464 annis
1920 1437 2050 1471 singulis
2076 1437 2296 1464 aestimantur.

1282 1478 1380 1511 (REG.
1403 1478 1451 1510 25,
1474 1478 1495 1504 f.
1520 1478 1587 1510 162,
1610 1485 1660 1505 an.
1685 1478 1738 1509 IV,
1761 1485 1786 1504 c.
1809 1477 1892 1511 269.)

1322 1579 1334 1595 ι(
1363 1568 1520 1606 Magistro
1556 1567 1688 1598 Gilberto
1717 1567 1754 1597 de
1782 1567 1996 1605 Rauniyham,
2040 1566 2147 1596 rectori
2176 1566 2298 1596 ecclesie

1280 1620 1315 1649 de
1335 1620 1496 1650 Sanlhune
1511 1620 1672 1654 Dunham‚
1691 1619 1901 1649 Norwicensis
1919 1619 2059 1649 diocesis.
2080 1619 2295 1658 Exigentibus

1281 1675 1337 1701 tue
1363 1672 1544 1702 devotionis
1569 1689 1619 1701 —.
1646 1672 1722 1702 Dat.
1749 1672 1905 1710 Anagnie,
1935 1671 1984 1700 111
2009 1671 2082 1701 idus
2107 1670 2296 1706 decembris,

1281 1733 1366 1754 anno
1399 1727 1527 1764 quarto.
1561 1736 1572 1751 »

1363 1919 1451 1944 2714
1751 1919 1887 1952 Anagni‚
1906 1919 1924 1945 4
1944 1918 2108 1946 decembre
2126 1917 2214 1945 1258.

1324 1971 1490 2005 Religiosis
1513 1971 1697 1998 monasterii
1721 1970 1828 1997 Sancti
1852 1970 2000 1997 Germani
2024 1970 2062 1996 de
2085 1969 2189 1996 Pratis
2211 1969 2299 1996 Pari-

1282 2011 1392 2038 siensis
1411 2011 1554 2045 indulget
1574 2011 1659 2045 quod
1679 2017 1785 2037 coram
1805 2010 1962 2044 episcopo,
1983 2009 2115 2036 officiali
2134 2009 2184 2036 vel
2205 2016 2297 2036 cano-

1282 2051 1353 2078 nico
1381 2051 1549 2078 Parisiensi
1576 2050 1736 2078 conveniri
1774 2051 1934 2084 nequeant
1970 2056 2025 2083 per
2048 2049 2172 2076 litteras
2208 2048 2297 2076 Sedis

1282 2091 1484 2124 Apostolicae
1509 2090 1676 2125 specialem
1701 2097 1764 2116 non
1790 2089 1941 2116 facientes
1966 2089 2170 2116 mentionem.
2196 2088 2294 2122 (Rau.

1283 2130 1332 2162 25,
1359 2130 1381 2156 f.
1410 2131 1478 2162 162,
1506 2138 1556 2157 an.
1588 2130 1640 2162 IV,
1668 2137 1693 2156 c.
1722 2129 1804 2163 270.)

1324 2232 1369 2255 «..‚
1398 2221 1503 2250 abbati
1531 2222 1557 2250 et
1583 2220 1745 2250 conventui
1763 2219 1944 2249 monasterii
1963 2218 2070 2249 Sancti
2094 2217 2241 2248 Germani
2259 2217 2296 2248 de

1282 2274 1388 2304 Pratis
1413 2273 1618 2308 Parisiensis,
1644 2273 1764 2302 ordinis
1791 2273 1898 2303 Sancti
1923 2271 2092 2306 Benedicti,
2119 2271 2160 2301 ad
2182 2271 2295 2301 Roma-

1281 2336 1355 2356 nam
1373 2327 1544 2357 Ecclesiam
1561 2326 1647 2356 nullo
1664 2326 1764 2356 medio
1773 2325 1966 2364 pertinentis.
1980 2325 2025 2354 Ut
2034 2327 2141 2354 vestre
2151 2323 2297 2354 consula-

1281 2389 1353 2410 mus
1362 2398 1412 2409 —.
1425 2380 1506 2410 Sane
1520 2379 1612 2409 nobis
1621 2378 1800 2418 significare
1813 2378 1949 2408 curastis
1962 2378 2049 2416 quod
2063 2384 2296 2416 nonnunquam

1283 2433 1442 2472 contingit
1474 2435 1546 2463 vos'
1566 2441 1673 2462 coram
1707 2431 1882 2461 venerabili
1915 2430 2014 2460 fratre
2041 2432 2184 2464 nostro..,
2208 2429 2297 2465 Pari÷
2331 2429 2346 2439 ³

1283 2487 1378 2517 siensi
1401 2487 1560 2525 episcopo,
1596 2487 1654 2515 aut
1677 2485 1745 2522 ejus
1769 2484 1900 2514 officiali
1923 2484 1990 2513 sive
2013 2483 2174 2513 canonicis
2208 2481 2296 2512 Pari-

1284 2540 1444 2569 siensibus
1471 2539 1666 2569 auctoritate
1693 2538 1876 2567 litterarum
1895 2537 1984 2566 Sedis
2002 2535 2187 2575 Apostolice
2204 2537 2238 2564 et
2253 2534 2296 2564 le-

1283 2595 1434 2631 gatorum
1451 2592 1551 2631 ipsius
1569 2591 1668 2621 etiam
1687 2590 1860 2620 conveniri.
1880 2590 1974 2619 Unde
1993 2598 2066 2619 cum
2084 2597 2153 2623 vos,
2171 2596 2191 2618 a
2202 2587 2296 2626 juris-

1286 2646 1426 2675 dictione
1456 2645 1600 2684 ipsorum
1659 2653 1788 2682 prorsus
1819 2643 1962 2681 exempti
1994 2651 2050 2681 per
2079 2639 2295 2680 indulgentias

1285 2702 1318 2729 et
1338 2698 1504 2737 privilegia
1527 2697 1611 2727 dicte
1633 2697 1732 2731 Sedis,
1751 2696 1895 2726 timeatis
1916 2704 1965 2730 ne,
1988 2694 2153 2725 occasione
2165 2692 2296 2732 iuridic-

1284 2752 1382 2782 tionis
1422 2750 1608 2789 hujusmodi
1649 2750 1793 2788 delegate
1833 2749 1930 2778 iidem
1970 2750 2140 2786 tamquam
2179 2745 2295 2775 vestris

1285 2804 1490 2834 libertatibus
1513 2803 1705 2836 invidentes,
1729 2802 1789 2832 sibi
1813 2804 1924 2831 contra
1947 2809 2005 2830 vos
2029 2799 2224 2830 ordinariam
2244 2797 2296 2836 ju-

1286 2857 1504 2887 risdictionem
1523 2857 1679 2894 usurpent
1697 2857 1754 2884 aut
1771 2854 1864 2884 vobis
1881 2853 2069 2892 gravamina
2087 2851 2227 2881 inferant
2243 2849 2293 2880 vel

1286 2910 1460 2943 molestias,
1480 2910 1539 2938 hac
1557 2909 1596 2938 de
1613 2917 1709 2938 causa
1727 2907 1888 2946 provideri
1905 2906 1998 2935 vobis
2015 2908 2047 2935 et
2065 2905 2152 2934 dicto
2168 2911 2295 2933 monas-

1288 2963 1368 2992 terio
1395 2963 1427 2992 in
1457 2962 1517 2991 bac
1545 2963 1637 3000 parte
1664 2970 1682 2990 a
1711 2960 1803 2990 nobis
1832 2959 1999 2997 benignius
2028 2957 2198 2996 petivistis.
2227 2955 2294 2985 Nos
