<?xml version="1.0" encoding="UTF-8"?>
<!DOCTYPE html PUBLIC "-//W3C//DTD XHTML 1.0 Transitional//EN"
    "http://www.w3.org/TR/xhtml1/DTD/xhtml1-transitional.dtd">
<html xmlns="http://www.w3.org/1999/xhtml" xml:lang="en" lang="en">
 <head>
  <title>
</title>
<meta http-equiv="Content-Type" content="text/html;charset=utf-8" />
  <meta name='ocr-system' content='tesseract 3.04.00' />
  <meta name='ocr-capabilities' content='ocr_page ocr_carea ocr_par ocr_line ocrx_word'/>
</head>
<body>
  <div class='ocr_page' id='page_1' title='image "./lesregistresdegr02cathuoft_0308.png"; bbox 0 0 2477 3512; ppageno 0'>
   <div class='ocr_carea' id='block_1_1' title="bbox 164 277 1569 312">
    <p class='ocr_par' dir='ltr' id='par_1_1' title="bbox 164 277 1569 312">
     <span class='ocr_line' id='line_1_1' title="bbox 164 277 1569 312; baseline 0.001 -3"><span class='ocrx_word' id='word_1_1' title='bbox 164 279 224 309; x_wconf 88' lang='grc'><strong>772</strong></span> <span class='ocrx_word' id='word_1_2' title='bbox 884 277 1142 312; x_wconf 87' lang='lat' dir='ltr'><strong>REGISTRES</strong></span> <span class='ocrx_word' id='word_1_3' title='bbox 1163 277 1500 312; x_wconf 84' lang='lat' dir='ltr'>D’ALEXANDRE</span> <span class='ocrx_word' id='word_1_4' title='bbox 1521 278 1569 311; x_wconf 84' lang='lat' dir='ltr'><strong>IV</strong></span> 
     </span>
    </p>
   </div>
   <div class='ocr_carea' id='block_1_2' title="bbox 163 384 1177 1744">
    <p class='ocr_par' dir='ltr' id='par_1_2' title="bbox 163 384 1177 1628">
     <span class='ocr_line' id='line_1_2' title="bbox 165 384 1174 424; baseline -0.001 -10"><span class='ocrx_word' id='word_1_5' title='bbox 165 396 177 410; x_wconf 73' lang='grc' dir='ltr'><strong>ι(</strong></span> <span class='ocrx_word' id='word_1_6' title='bbox 199 385 259 414; x_wconf 88' lang='grc'><strong>51111</strong></span> <span class='ocrx_word' id='word_1_7' title='bbox 296 385 476 424; x_wconf 86' lang='lat' dir='ltr'>specialiter</span> <span class='ocrx_word' id='word_1_8' title='bbox 515 394 533 414; x_wconf 92' lang='lat' dir='ltr'><strong>a</strong></span> <span class='ocrx_word' id='word_1_9' title='bbox 579 385 670 415; x_wconf 90' lang='lat' dir='ltr'><strong>nobis</strong></span> <span class='ocrx_word' id='word_1_10' title='bbox 710 385 741 414; x_wconf 89' lang='lat' dir='ltr'><strong>in</strong></span> <span class='ocrx_word' id='word_1_11' title='bbox 779 385 838 414; x_wconf 90' lang='lat' dir='ltr'><strong>hac</strong></span> <span class='ocrx_word' id='word_1_12' title='bbox 876 387 967 424; x_wconf 87' lang='lat' dir='ltr'><strong>parte</strong></span> <span class='ocrx_word' id='word_1_13' title='bbox 1005 384 1174 415; x_wconf 86' lang='lat' dir='ltr'><strong>commissa</strong></span> 
     </span>
     <span class='ocr_line' id='line_1_3' title="bbox 165 436 1175 476; baseline -0.001 -9"><span class='ocrx_word' id='word_1_14' title='bbox 165 449 176 464; x_wconf 84' lang='lat'>«</span> <span class='ocrx_word' id='word_1_15' title='bbox 199 436 371 467; x_wconf 87' lang='lat' dir='ltr'><strong>contulerit</strong></span> <span class='ocrx_word' id='word_1_16' title='bbox 393 440 426 467; x_wconf 90' lang='lat' dir='ltr'><strong>et</strong></span> <span class='ocrx_word' id='word_1_17' title='bbox 448 440 480 467; x_wconf 89' lang='lat' dir='ltr'><strong>te</strong></span> <span class='ocrx_word' id='word_1_18' title='bbox 504 446 560 476; x_wconf 92' lang='lat' dir='ltr'><strong>per</strong></span> <span class='ocrx_word' id='word_1_19' title='bbox 574 438 707 467; x_wconf 90' lang='lat' dir='ltr'><strong>anulum</strong></span> <span class='ocrx_word' id='word_1_20' title='bbox 730 437 910 467; x_wconf 84' lang='lat' dir='ltr'><strong>investierit</strong></span> <span class='ocrx_word' id='word_1_21' title='bbox 932 438 971 467; x_wconf 91' lang='lat' dir='ltr'><strong>de</strong></span> <span class='ocrx_word' id='word_1_22' title='bbox 993 437 1106 467; x_wconf 89' lang='lat' dir='ltr'><strong>eadem</strong></span> <span class='ocrx_word' id='word_1_23' title='bbox 1128 437 1175 466; x_wconf 82' lang='lat' dir='ltr'><strong>fa-</strong></span> 
     </span>
     <span class='ocr_line' id='line_1_4' title="bbox 166 489 1175 529; baseline 0.001 -12"><span class='ocrx_word' id='word_1_24' title='bbox 166 502 178 517; x_wconf 86' lang='lat'>«</span> <span class='ocrx_word' id='word_1_25' title='bbox 201 490 312 520; x_wconf 86' lang='lat' dir='ltr'><strong>ciendo</strong></span> <span class='ocrx_word' id='word_1_26' title='bbox 330 492 363 519; x_wconf 85' lang='lat' dir='ltr'><strong>te</strong></span> <span class='ocrx_word' id='word_1_27' title='bbox 381 490 477 528; x_wconf 89' lang='lat' dir='ltr'><strong>recipi</strong></span> <span class='ocrx_word' id='word_1_28' title='bbox 488 490 519 519; x_wconf 93' lang='lat' dir='ltr'><strong>in</strong></span> <span class='ocrx_word' id='word_1_29' title='bbox 538 490 668 520; x_wconf 86' lang='lat' dir='ltr'><strong>ecclesia</strong></span> <span class='ocrx_word' id='word_1_30' title='bbox 687 490 755 529; x_wconf 89' lang='lat' dir='ltr'><strong>ipsa</strong></span> <span class='ocrx_word' id='word_1_31' title='bbox 771 490 803 520; x_wconf 93' lang='lat' dir='ltr'><strong>in</strong></span> <span class='ocrx_word' id='word_1_32' title='bbox 819 490 1008 520; x_wconf 87' lang='lat' dir='ltr'><strong>canonicum</strong></span> <span class='ocrx_word' id='word_1_33' title='bbox 1024 489 1175 519; x_wconf 65' lang='grc'><strong>61111113-</strong></span> 
     </span>
     <span class='ocr_line' id='line_1_5' title="bbox 165 543 1174 581; baseline 0.002 -11"><span class='ocrx_word' id='word_1_34' title='bbox 165 555 177 569; x_wconf 86' lang='lat'>«</span> <span class='ocrx_word' id='word_1_35' title='bbox 201 546 292 576; x_wconf 87' lang='lat' dir='ltr'><strong>trem,</strong></span> <span class='ocrx_word' id='word_1_36' title='bbox 320 545 353 572; x_wconf 91' lang='lat' dir='ltr'><strong>et</strong></span> <span class='ocrx_word' id='word_1_37' title='bbox 379 543 531 581; x_wconf 83' lang='lat' dir='ltr'><strong>magister</strong></span> <span class='ocrx_word' id='word_1_38' title='bbox 557 543 715 572; x_wconf 85' lang='lat' dir='ltr'><strong>Henricus</strong></span> <span class='ocrx_word' id='word_1_39' title='bbox 743 543 881 577; x_wconf 87' lang='lat' dir='ltr'><strong>Sarcelli,</strong></span> <span class='ocrx_word' id='word_1_40' title='bbox 909 543 1081 572; x_wconf 85' lang='lat' dir='ltr'><strong>canonicus</strong></span> <span class='ocrx_word' id='word_1_41' title='bbox 1106 543 1174 580; x_wconf 87' lang='lat' dir='ltr'><strong>jam</strong></span> 
     </span>
     <span class='ocr_line' id='line_1_6' title="bbox 164 595 1175 634; baseline 0.001 -11"><span class='ocrx_word' id='word_1_42' title='bbox 164 608 176 622; x_wconf 92' lang='lat'>«</span> <span class='ocrx_word' id='word_1_43' title='bbox 199 596 283 625; x_wconf 90' lang='lat' dir='ltr'><strong>dicte</strong></span> <span class='ocrx_word' id='word_1_44' title='bbox 304 595 432 624; x_wconf 81' lang='lat' dir='ltr'>ecclesie</span> <span class='ocrx_word' id='word_1_45' title='bbox 454 596 563 625; x_wconf 79' lang='lat' dir='ltr'>Sancti</span> <span class='ocrx_word' id='word_1_46' title='bbox 584 595 725 630; x_wconf 88' lang='lat' dir='ltr'><strong>Martini,</strong></span> <span class='ocrx_word' id='word_1_47' title='bbox 742 605 844 634; x_wconf 83' lang='lat' dir='ltr'>nuper</span> <span class='ocrx_word' id='word_1_48' title='bbox 863 596 950 626; x_wconf 90' lang='lat' dir='ltr'><strong>viam</strong></span> <span class='ocrx_word' id='word_1_49' title='bbox 971 595 1013 624; x_wconf 90' lang='lat' dir='ltr'><strong>sit</strong></span> <span class='ocrx_word' id='word_1_50' title='bbox 1029 595 1175 624; x_wconf 57' lang='lat' dir='ltr'><strong>univisse</strong></span> 
     </span>
     <span class='ocr_line' id='line_1_7' title="bbox 166 648 1175 687; baseline 0 -11"><span class='ocrx_word' id='word_1_51' title='bbox 166 660 178 675; x_wconf 86' lang='lat'>«</span> <span class='ocrx_word' id='word_1_52' title='bbox 201 648 306 677; x_wconf 87' lang='lat' dir='ltr'><strong>earnis</strong></span> <span class='ocrx_word' id='word_1_53' title='bbox 340 648 510 686; x_wconf 84' lang='lat' dir='ltr'><strong>ingressus,</strong></span> <span class='ocrx_word' id='word_1_54' title='bbox 547 657 604 678; x_wconf 91' lang='lat' dir='ltr'><strong>nos</strong></span> <span class='ocrx_word' id='word_1_55' title='bbox 640 648 837 687; x_wconf 88' lang='lat' dir='ltr'><strong>prebendam</strong></span> <span class='ocrx_word' id='word_1_56' title='bbox 872 648 905 678; x_wconf 91' lang='lat' dir='ltr'><strong>in</strong></span> <span class='ocrx_word' id='word_1_57' title='bbox 940 648 1009 687; x_wconf 90' lang='lat' dir='ltr'><strong>ipsa</strong></span> <span class='ocrx_word' id='word_1_58' title='bbox 1045 648 1175 678; x_wconf 84' lang='lat' dir='ltr'><strong>ecclesia</strong></span> 
     </span>
     <span class='ocr_line' id='line_1_8' title="bbox 165 701 1176 740; baseline 0.001 -11"><span class='ocrx_word' id='word_1_59' title='bbox 165 712 176 727; x_wconf 72' lang='grc' dir='ltr'><strong>ι(</strong></span> <span class='ocrx_word' id='word_1_60' title='bbox 199 703 371 730; x_wconf 89' lang='lat' dir='ltr'><strong>vacantem</strong></span> <span class='ocrx_word' id='word_1_61' title='bbox 394 710 450 739; x_wconf 87' lang='lat' dir='ltr'><strong>per</strong></span> <span class='ocrx_word' id='word_1_62' title='bbox 472 703 609 731; x_wconf 89' lang='lat' dir='ltr'><strong>mortem</strong></span> <span class='ocrx_word' id='word_1_63' title='bbox 632 701 732 739; x_wconf 90' lang='lat' dir='ltr'><strong>ipsius</strong></span> <span class='ocrx_word' id='word_1_64' title='bbox 755 701 796 730; x_wconf 91' lang='lat' dir='ltr'><strong>H.</strong></span> <span class='ocrx_word' id='word_1_65' title='bbox 822 701 881 731; x_wconf 91' lang='lat' dir='ltr'><strong>tibi</strong></span> <span class='ocrx_word' id='word_1_66' title='bbox 903 701 1079 740; x_wconf 90' lang='lat' dir='ltr'><strong>apostolico</strong></span> <span class='ocrx_word' id='word_1_67' title='bbox 1101 709 1176 730; x_wconf 89' lang='lat' dir='ltr'><strong>auc-</strong></span> 
     </span>
     <span class='ocr_line' id='line_1_9' title="bbox 164 753 1177 792; baseline 0.002 -11"><span class='ocrx_word' id='word_1_68' title='bbox 164 766 176 780; x_wconf 87' lang='lat'>«</span> <span class='ocrx_word' id='word_1_69' title='bbox 199 753 343 787; x_wconf 73' lang='lat' dir='ltr'><strong>toritate,</strong></span> <span class='ocrx_word' id='word_1_70' title='bbox 367 762 431 792; x_wconf 91' lang='lat' dir='ltr'><strong>qua</strong></span> <span class='ocrx_word' id='word_1_71' title='bbox 454 753 619 792; x_wconf 83' lang='lat' dir='ltr'><strong>fungimur</strong></span> <span class='ocrx_word' id='word_1_72' title='bbox 641 754 834 783; x_wconf 89' lang='lat' dir='ltr'><strong>conferimus</strong></span> <span class='ocrx_word' id='word_1_73' title='bbox 857 756 890 783; x_wconf 94' lang='lat' dir='ltr'><strong>et</strong></span> <span class='ocrx_word' id='word_1_74' title='bbox 912 756 944 783; x_wconf 92' lang='lat' dir='ltr'><strong>te</strong></span> <span class='ocrx_word' id='word_1_75' title='bbox 968 754 1006 783; x_wconf 90' lang='lat' dir='ltr'><strong>de</strong></span> <span class='ocrx_word' id='word_1_76' title='bbox 1036 754 1089 783; x_wconf 90' lang='lat' dir='ltr'><strong>illa</strong></span> <span class='ocrx_word' id='word_1_77' title='bbox 1120 762 1177 792; x_wconf 89' lang='lat' dir='ltr'><strong>per</strong></span> 
     </span>
     <span class='ocr_line' id='line_1_10' title="bbox 164 806 1175 841; baseline 0.002 -7"><span class='ocrx_word' id='word_1_78' title='bbox 164 818 176 833; x_wconf 91' lang='lat'>«</span> <span class='ocrx_word' id='word_1_79' title='bbox 199 809 345 836; x_wconf 79' lang='lat' dir='ltr'><strong>nostrum</strong></span> <span class='ocrx_word' id='word_1_80' title='bbox 375 806 507 836; x_wconf 88' lang='lat' dir='ltr'><strong>anulum</strong></span> <span class='ocrx_word' id='word_1_81' title='bbox 522 806 722 841; x_wconf 81' lang='lat' dir='ltr'>investimus,</span> <span class='ocrx_word' id='word_1_82' title='bbox 746 808 951 836; x_wconf 78' lang='lat' dir='ltr'><strong>decernentes</strong></span> <span class='ocrx_word' id='word_1_83' title='bbox 963 807 1085 840; x_wconf 85' lang='lat' dir='ltr'><strong>eadem,</strong></span> <span class='ocrx_word' id='word_1_84' title='bbox 1101 815 1175 836; x_wconf 90' lang='lat' dir='ltr'><strong>auc-</strong></span> 
     </span>
     <span class='ocr_line' id='line_1_11' title="bbox 164 858 1175 898; baseline 0.002 -12"><span class='ocrx_word' id='word_1_85' title='bbox 164 870 175 885; x_wconf 91' lang='lat'>«</span> <span class='ocrx_word' id='word_1_86' title='bbox 198 859 331 888; x_wconf 86' lang='lat' dir='ltr'><strong>toritate</strong></span> <span class='ocrx_word' id='word_1_87' title='bbox 350 858 476 888; x_wconf 87' lang='lat' dir='ltr'><strong>irritum</strong></span> <span class='ocrx_word' id='word_1_88' title='bbox 496 861 528 888; x_wconf 91' lang='lat' dir='ltr'><strong>et</strong></span> <span class='ocrx_word' id='word_1_89' title='bbox 547 859 642 889; x_wconf 89' lang='lat' dir='ltr'><strong>inane</strong></span> <span class='ocrx_word' id='word_1_90' title='bbox 661 860 766 898; x_wconf 86' lang='lat' dir='ltr'>siquid</span> <span class='ocrx_word' id='word_1_91' title='bbox 787 862 898 889; x_wconf 88' lang='lat' dir='ltr'><strong>contra</strong></span> <span class='ocrx_word' id='word_1_92' title='bbox 918 859 1122 889; x_wconf 78' lang='lat' dir='ltr'><strong>collationem</strong></span> <span class='ocrx_word' id='word_1_93' title='bbox 1142 860 1175 888; x_wconf 86' lang='lat' dir='ltr'><strong>et</strong></span> 
     </span>
     <span class='ocr_line' id='line_1_12' title="bbox 165 912 1174 951; baseline 0.001 -12"><span class='ocrx_word' id='word_1_94' title='bbox 165 923 176 938; x_wconf 70' lang='grc' dir='ltr'><strong>ι(</strong></span> <span class='ocrx_word' id='word_1_95' title='bbox 199 912 426 941; x_wconf 86' lang='lat' dir='ltr'><strong>investituram</strong></span> <span class='ocrx_word' id='word_1_96' title='bbox 467 912 653 950; x_wconf 88' lang='lat' dir='ltr'><strong>hujusmodi</strong></span> <span class='ocrx_word' id='word_1_97' title='bbox 692 913 863 951; x_wconf 86' lang='lat' dir='ltr'><strong>contigerit</strong></span> <span class='ocrx_word' id='word_1_98' title='bbox 901 912 1092 950; x_wconf 72' lang='lat' dir='ltr'><strong>attemptari</strong></span> <span class='ocrx_word' id='word_1_99' title='bbox 1137 920 1174 940; x_wconf 91' lang='lat' dir='ltr'><strong>ac</strong></span> 
     </span>
     <span class='ocr_line' id='line_1_13' title="bbox 164 964 1173 1004; baseline 0.002 -12"><span class='ocrx_word' id='word_1_100' title='bbox 164 976 175 991; x_wconf 85' lang='lat'>«</span> <span class='ocrx_word' id='word_1_101' title='bbox 199 964 424 994; x_wconf 89' lang='lat' dir='ltr'><strong>nichilominus</strong></span> <span class='ocrx_word' id='word_1_102' title='bbox 464 965 566 994; x_wconf 89' lang='lat' dir='ltr'><strong>electo</strong></span> <span class='ocrx_word' id='word_1_103' title='bbox 606 965 774 995; x_wconf 89' lang='lat' dir='ltr'><strong>Leodiensi</strong></span> <span class='ocrx_word' id='word_1_104' title='bbox 814 965 930 995; x_wconf 90' lang='lat' dir='ltr'><strong>litteris</strong></span> <span class='ocrx_word' id='word_1_105' title='bbox 970 965 1173 1004; x_wconf 58' lang='lat' dir='ltr'><strong>presentibus</strong></span> 
     </span>
     <span class='ocr_line' id='line_1_14' title="bbox 164 1017 1174 1056; baseline 0.002 -11"><span class='ocrx_word' id='word_1_106' title='bbox 164 1029 176 1043; x_wconf 89' lang='lat'>«</span> <span class='ocrx_word' id='word_1_107' title='bbox 198 1017 403 1056; x_wconf 84' lang='lat' dir='ltr'><strong>injungentes</strong></span> <span class='ocrx_word' id='word_1_108' title='bbox 439 1020 475 1046; x_wconf 89' lang='lat' dir='ltr'><strong>ut</strong></span> <span class='ocrx_word' id='word_1_109' title='bbox 511 1018 707 1056; x_wconf 89' lang='lat' dir='ltr'><strong>prebendam</strong></span> <span class='ocrx_word' id='word_1_110' title='bbox 743 1019 879 1048; x_wconf 89' lang='lat' dir='ltr'><strong>eandem</strong></span> <span class='ocrx_word' id='word_1_111' title='bbox 922 1027 939 1048; x_wconf 91' lang='lat' dir='ltr'><strong>a</strong></span> <span class='ocrx_word' id='word_1_112' title='bbox 985 1018 1105 1047; x_wconf 88' lang='lat' dir='ltr'><strong>decano</strong></span> <span class='ocrx_word' id='word_1_113' title='bbox 1141 1020 1174 1047; x_wconf 91' lang='lat' dir='ltr'><strong>et</strong></span> 
     </span>
     <span class='ocr_line' id='line_1_15' title="bbox 164 1070 1172 1109; baseline 0.001 -10"><span class='ocrx_word' id='word_1_114' title='bbox 164 1082 176 1097; x_wconf 89' lang='lat'>«</span> <span class='ocrx_word' id='word_1_115' title='bbox 198 1071 340 1109; x_wconf 89' lang='lat' dir='ltr'><strong>capitulo</strong></span> <span class='ocrx_word' id='word_1_116' title='bbox 364 1070 463 1109; x_wconf 91' lang='lat' dir='ltr'><strong>ipsius</strong></span> <span class='ocrx_word' id='word_1_117' title='bbox 487 1071 615 1100; x_wconf 84' lang='lat' dir='ltr'><strong>ecclesie</strong></span> <span class='ocrx_word' id='word_1_118' title='bbox 640 1070 709 1104; x_wconf 89' lang='lat' dir='ltr'><strong>tibi,</strong></span> <span class='ocrx_word' id='word_1_119' title='bbox 735 1073 831 1109; x_wconf 89' lang='lat' dir='ltr'><strong>prout</strong></span> <span class='ocrx_word' id='word_1_120' title='bbox 855 1071 896 1100; x_wconf 89' lang='lat' dir='ltr'><strong>ad</strong></span> <span class='ocrx_word' id='word_1_121' title='bbox 918 1071 1003 1109; x_wconf 88' lang='lat' dir='ltr'><strong>ipsos</strong></span> <span class='ocrx_word' id='word_1_122' title='bbox 1023 1071 1172 1109; x_wconf 79' lang='lat' dir='ltr'><strong>pertinet,</strong></span> 
     </span>
     <span class='ocr_line' id='line_1_16' title="bbox 164 1122 1174 1162; baseline 0.002 -12"><span class='ocrx_word' id='word_1_123' title='bbox 164 1134 176 1149; x_wconf 91' lang='lat'>«</span> <span class='ocrx_word' id='word_1_124' title='bbox 198 1122 298 1153; x_wconf 85' lang='lat' dir='ltr'><strong>faciat</strong></span> <span class='ocrx_word' id='word_1_125' title='bbox 329 1123 493 1162; x_wconf 83' lang='lat' dir='ltr'><strong>assignari.</strong></span> <span class='ocrx_word' id='word_1_126' title='bbox 527 1123 786 1153; x_wconf 90' lang='lat' dir='ltr'><strong>Contradictores</strong></span> <span class='ocrx_word' id='word_1_127' title='bbox 817 1126 878 1152; x_wconf 85' lang='lat' dir='ltr'><strong>etc.</strong></span> <span class='ocrx_word' id='word_1_128' title='bbox 926 1123 962 1152; x_wconf 91' lang='lat' dir='ltr'><strong>In</strong></span> <span class='ocrx_word' id='word_1_129' title='bbox 1006 1123 1098 1161; x_wconf 88' lang='lat' dir='ltr'><strong>cujus</strong></span> <span class='ocrx_word' id='word_1_130' title='bbox 1130 1123 1174 1152; x_wconf 88' lang='lat' dir='ltr'><strong>rei</strong></span> 
     </span>
     <span class='ocr_line' id='line_1_17' title="bbox 164 1176 1174 1206; baseline 0.002 -3"><span class='ocrx_word' id='word_1_131' title='bbox 164 1187 176 1202; x_wconf 90' lang='lat'>«</span> <span class='ocrx_word' id='word_1_132' title='bbox 198 1176 420 1205; x_wconf 89' lang='lat' dir='ltr'><strong>testimonium</strong></span> <span class='ocrx_word' id='word_1_133' title='bbox 439 1178 471 1205; x_wconf 91' lang='lat' dir='ltr'><strong>et</strong></span> <span class='ocrx_word' id='word_1_134' title='bbox 488 1176 664 1205; x_wconf 91' lang='lat' dir='ltr'><strong>munimem</strong></span> <span class='ocrx_word' id='word_1_135' title='bbox 682 1176 739 1206; x_wconf 87' lang='lat' dir='ltr'><strong>has</strong></span> <span class='ocrx_word' id='word_1_136' title='bbox 756 1176 881 1206; x_wconf 81' lang='lat' dir='ltr'><strong>litteras</strong></span> <span class='ocrx_word' id='word_1_137' title='bbox 898 1176 957 1205; x_wconf 90' lang='lat' dir='ltr'><strong>tibi</strong></span> <span class='ocrx_word' id='word_1_138' title='bbox 969 1176 1174 1205; x_wconf 85' lang='lat' dir='ltr'><strong>concedimus</strong></span> 
     </span>
     <span class='ocr_line' id='line_1_18' title="bbox 163 1227 1172 1267; baseline 0.002 -11"><span class='ocrx_word' id='word_1_139' title='bbox 163 1239 176 1255; x_wconf 72' lang='grc' dir='ltr'><strong><em>α</em></strong></span> <span class='ocrx_word' id='word_1_140' title='bbox 197 1227 290 1266; x_wconf 84' lang='lat' dir='ltr'><strong>sigilli</strong></span> <span class='ocrx_word' id='word_1_141' title='bbox 313 1228 413 1257; x_wconf 86' lang='lat' dir='ltr'><strong>nostri</strong></span> <span class='ocrx_word' id='word_1_142' title='bbox 452 1229 659 1267; x_wconf 85' lang='lat' dir='ltr'><strong>impressione</strong></span> <span class='ocrx_word' id='word_1_143' title='bbox 698 1229 850 1258; x_wconf 90' lang='lat' dir='ltr'><strong>munitas.</strong></span> <span class='ocrx_word' id='word_1_144' title='bbox 874 1229 994 1258; x_wconf 83' lang='lat' dir='ltr'><strong>Actum</strong></span> <span class='ocrx_word' id='word_1_145' title='bbox 1034 1229 1172 1263; x_wconf 91' lang='lat' dir='ltr'><strong>Colonie,</strong></span> 
     </span>
     <span class='ocr_line' id='line_1_19' title="bbox 163 1281 1172 1320; baseline 0.004 -13"><span class='ocrx_word' id='word_1_146' title='bbox 163 1281 399 1319; x_wconf 91' lang='lat' dir='ltr'><strong>«presentibus</strong></span> <span class='ocrx_word' id='word_1_147' title='bbox 429 1281 589 1320; x_wconf 80' lang='lat' dir='ltr'><strong>magistris</strong></span> <span class='ocrx_word' id='word_1_148' title='bbox 620 1282 716 1311; x_wconf 90' lang='lat' dir='ltr'><strong>Petro</strong></span> <span class='ocrx_word' id='word_1_149' title='bbox 747 1282 785 1311; x_wconf 90' lang='lat' dir='ltr'><strong>de</strong></span> <span class='ocrx_word' id='word_1_150' title='bbox 817 1282 913 1316; x_wconf 91' lang='lat' dir='ltr'><strong>Salin,</strong></span> <span class='ocrx_word' id='word_1_151' title='bbox 953 1282 1172 1320; x_wconf 85' lang='lat' dir='ltr'><strong>Lingonensis,</strong></span> 
     </span>
     <span class='ocr_line' id='line_1_20' title="bbox 163 1333 1172 1373; baseline 0.004 -13"><span class='ocrx_word' id='word_1_152' title='bbox 163 1345 175 1360; x_wconf 83' lang='lat'>«</span> <span class='ocrx_word' id='word_1_153' title='bbox 195 1333 360 1363; x_wconf 86' lang='lat' dir='ltr'><strong>Bernardo</strong></span> <span class='ocrx_word' id='word_1_154' title='bbox 374 1334 412 1363; x_wconf 92' lang='lat' dir='ltr'><strong>de</strong></span> <span class='ocrx_word' id='word_1_155' title='bbox 426 1334 584 1369; x_wconf 83' lang='lat' dir='ltr'><strong>Romano,</strong></span> <span class='ocrx_word' id='word_1_156' title='bbox 596 1334 778 1373; x_wconf 82' lang='lat' dir='ltr'><strong>BrugensiS,</strong></span> <span class='ocrx_word' id='word_1_157' title='bbox 791 1335 959 1364; x_wconf 87' lang='lat' dir='ltr'><strong>Guillelmo</strong></span> <span class='ocrx_word' id='word_1_158' title='bbox 973 1335 1012 1364; x_wconf 92' lang='lat' dir='ltr'><strong>de</strong></span> <span class='ocrx_word' id='word_1_159' title='bbox 1020 1335 1172 1373; x_wconf 89' lang='lat' dir='ltr'><strong>Bosseyo,</strong></span> 
     </span>
     <span class='ocr_line' id='line_1_21' title="bbox 164 1386 1174 1426; baseline 0.001 -11"><span class='ocrx_word' id='word_1_160' title='bbox 164 1398 175 1412; x_wconf 87' lang='lat'>«</span> <span class='ocrx_word' id='word_1_161' title='bbox 200 1386 310 1416; x_wconf 88' lang='lat' dir='ltr'><strong>Sancti</strong></span> <span class='ocrx_word' id='word_1_162' title='bbox 335 1387 470 1416; x_wconf 87' lang='lat' dir='ltr'><strong>Dionisii</strong></span> <span class='ocrx_word' id='word_1_163' title='bbox 495 1387 690 1422; x_wconf 90' lang='lat' dir='ltr'><strong>Leodiensis,</strong></span> <span class='ocrx_word' id='word_1_164' title='bbox 716 1390 748 1416; x_wconf 90' lang='lat' dir='ltr'><strong>et</strong></span> <span class='ocrx_word' id='word_1_165' title='bbox 773 1388 947 1426; x_wconf 85' lang='lat' dir='ltr'><strong>Radulpho</strong></span> <span class='ocrx_word' id='word_1_166' title='bbox 963 1388 1073 1418; x_wconf 86' lang='lat' dir='ltr'><strong>Sancti</strong></span> <span class='ocrx_word' id='word_1_167' title='bbox 1090 1388 1174 1417; x_wconf 88' lang='lat' dir='ltr'><strong>Gau-</strong></span> 
     </span>
     <span class='ocr_line' id='line_1_22' title="bbox 163 1439 1175 1477; baseline 0.004 -11"><span class='ocrx_word' id='word_1_168' title='bbox 163 1450 176 1465; x_wconf 85' lang='lat'>«</span> <span class='ocrx_word' id='word_1_169' title='bbox 198 1439 294 1477; x_wconf 85' lang='lat' dir='ltr'><strong>gerici</strong></span> <span class='ocrx_word' id='word_1_170' title='bbox 324 1439 560 1469; x_wconf 86' lang='lat' dir='ltr'><strong>Cameracensis</strong></span> <span class='ocrx_word' id='word_1_171' title='bbox 589 1440 793 1470; x_wconf 89' lang='lat' dir='ltr'><strong>ecclesiarum</strong></span> <span class='ocrx_word' id='word_1_172' title='bbox 823 1441 994 1474; x_wconf 89' lang='lat' dir='ltr'><strong>canonicis,</strong></span> <span class='ocrx_word' id='word_1_173' title='bbox 1024 1441 1116 1470; x_wconf 88' lang='lat' dir='ltr'><strong>sociis</strong></span> <span class='ocrx_word' id='word_1_174' title='bbox 1142 1442 1175 1470; x_wconf 89' lang='lat' dir='ltr'><strong>et</strong></span> 
     </span>
     <span class='ocr_line' id='line_1_23' title="bbox 164 1492 1173 1532; baseline 0.003 -12"><span class='ocrx_word' id='word_1_175' title='bbox 164 1504 175 1519; x_wconf 82' lang='lat'>«</span> <span class='ocrx_word' id='word_1_176' title='bbox 198 1492 371 1530; x_wconf 90' lang='lat' dir='ltr'><strong>capellanis</strong></span> <span class='ocrx_word' id='word_1_177' title='bbox 394 1493 521 1527; x_wconf 88' lang='lat' dir='ltr'><strong>nostris,</strong></span> <span class='ocrx_word' id='word_1_178' title='bbox 545 1502 582 1523; x_wconf 91' lang='lat' dir='ltr'><strong>ac</strong></span> <span class='ocrx_word' id='word_1_179' title='bbox 605 1493 750 1532; x_wconf 91' lang='lat' dir='ltr'><strong>pluribus</strong></span> <span class='ocrx_word' id='word_1_180' title='bbox 772 1493 852 1528; x_wconf 81' lang='lat' dir='ltr'><strong>aliis,</strong></span> <span class='ocrx_word' id='word_1_181' title='bbox 876 1494 944 1523; x_wconf 90' lang='lat' dir='ltr'><strong>XII</strong></span> <span class='ocrx_word' id='word_1_182' title='bbox 967 1494 1030 1523; x_wconf 87' lang='lat' dir='ltr'><strong>kal.</strong></span> <span class='ocrx_word' id='word_1_183' title='bbox 1055 1494 1173 1532; x_wconf 87' lang='lat' dir='ltr'><strong>aprilis,</strong></span> 
     </span>
     <span class='ocr_line' id='line_1_24' title="bbox 165 1545 1175 1585; baseline 0.003 -12"><span class='ocrx_word' id='word_1_184' title='bbox 165 1557 176 1572; x_wconf 72' lang='grc' dir='ltr'><strong>ι(</strong></span> <span class='ocrx_word' id='word_1_185' title='bbox 200 1545 412 1584; x_wconf 84' lang='lat' dir='ltr'><strong>pontificatus</strong></span> <span class='ocrx_word' id='word_1_186' title='bbox 439 1546 559 1575; x_wconf 91' lang='lat' dir='ltr'><strong>domini</strong></span> <span class='ocrx_word' id='word_1_187' title='bbox 590 1547 767 1576; x_wconf 89' lang='lat' dir='ltr'><strong>Innocentii</strong></span> <span class='ocrx_word' id='word_1_188' title='bbox 794 1556 877 1585; x_wconf 91' lang='lat' dir='ltr'><strong>pape</strong></span> <span class='ocrx_word' id='word_1_189' title='bbox 905 1547 983 1581; x_wconf 93' lang='lat' dir='ltr'><strong>IIII,</strong></span> <span class='ocrx_word' id='word_1_190' title='bbox 1011 1556 1096 1577; x_wconf 90' lang='lat' dir='ltr'><strong>anno</strong></span> <span class='ocrx_word' id='word_1_191' title='bbox 1123 1548 1175 1576; x_wconf 87' lang='lat' dir='ltr'><strong>de-</strong></span> 
     </span>
     <span class='ocr_line' id='line_1_25' title="bbox 164 1599 341 1628; baseline -0.017 0"><span class='ocrx_word' id='word_1_192' title='bbox 164 1610 176 1625; x_wconf 74' lang='lat'>«</span> <span class='ocrx_word' id='word_1_193' title='bbox 199 1599 291 1628; x_wconf 91' lang='lat' dir='ltr'><strong>cimo.</strong></span> <span class='ocrx_word' id='word_1_194' title='bbox 329 1609 341 1625; x_wconf 88' lang='lat'>»</span> 
     </span>
    </p>

    <p class='ocr_par' dir='ltr' id='par_1_3' title="bbox 170 1651 1176 1744">
     <span class='ocr_line' id='line_1_26' title="bbox 207 1651 1174 1682; baseline 0.003 -3"><span class='ocrx_word' id='word_1_195' title='bbox 207 1663 219 1678; x_wconf 92' lang='lat'>«</span> <span class='ocrx_word' id='word_1_196' title='bbox 242 1651 329 1680; x_wconf 92' lang='lat' dir='ltr'><strong>Nulli</strong></span> <span class='ocrx_word' id='word_1_197' title='bbox 354 1654 462 1681; x_wconf 89' lang='lat' dir='ltr'><strong>nostre</strong></span> <span class='ocrx_word' id='word_1_198' title='bbox 488 1652 729 1682; x_wconf 85' lang='lat' dir='ltr'><strong>constitutionis</strong></span> <span class='ocrx_word' id='word_1_199' title='bbox 753 1655 786 1681; x_wconf 89' lang='lat' dir='ltr'><strong>et</strong></span> <span class='ocrx_word' id='word_1_200' title='bbox 811 1652 1066 1682; x_wconf 77' lang='lat' dir='ltr'><strong>confirmationis</strong></span> <span class='ocrx_word' id='word_1_201' title='bbox 1091 1655 1174 1682; x_wconf 90' lang='lat' dir='ltr'><strong>etc...</strong></span> 
     </span>
     <span class='ocr_line' id='line_1_27' title="bbox 170 1704 1176 1744; baseline -0.001 -11"><span class='ocrx_word' id='word_1_202' title='bbox 170 1716 181 1731; x_wconf 73' lang='grc' dir='ltr'><strong>(ι</strong></span> <span class='ocrx_word' id='word_1_203' title='bbox 206 1704 282 1734; x_wconf 86' lang='lat' dir='ltr'><strong>Dat.</strong></span> <span class='ocrx_word' id='word_1_204' title='bbox 302 1704 437 1734; x_wconf 86' lang='lat' dir='ltr'><strong>Viterbii</strong></span> <span class='ocrx_word' id='word_1_205' title='bbox 455 1705 579 1734; x_wconf 89' lang='lat' dir='ltr'>XIIIII</span> <span class='ocrx_word' id='word_1_206' title='bbox 597 1706 678 1743; x_wconf 80' lang='lat' dir='ltr'><strong>(sic).</strong></span> <span class='ocrx_word' id='word_1_207' title='bbox 696 1706 760 1735; x_wconf 88' lang='lat' dir='ltr'><strong>kal.</strong></span> <span class='ocrx_word' id='word_1_208' title='bbox 782 1706 900 1740; x_wconf 90' lang='lat' dir='ltr'><strong>martii,</strong></span> <span class='ocrx_word' id='word_1_209' title='bbox 919 1715 1004 1735; x_wconf 90' lang='lat' dir='ltr'><strong>anno</strong></span> <span class='ocrx_word' id='word_1_210' title='bbox 1017 1708 1144 1744; x_wconf 84' lang='lat' dir='ltr'><strong>quarto.</strong></span> <span class='ocrx_word' id='word_1_211' title='bbox 1164 1716 1176 1732; x_wconf 84' lang='lat'>»</span> 
     </span>
    </p>
   </div>
   <div class='ocr_carea' id='block_1_3' title="bbox 247 1899 1094 1934">
    <p class='ocr_par' dir='ltr' id='par_1_4' title="bbox 247 1899 1094 1934">
     <span class='ocr_line' id='line_1_28' title="bbox 247 1899 1094 1934; baseline 0.006 -10"><span class='ocrx_word' id='word_1_212' title='bbox 247 1899 337 1925; x_wconf 74' lang='lat'><strong>2⁴70</strong></span> <span class='ocrx_word' id='word_1_213' title='bbox 685 1902 823 1934; x_wconf 87' lang='lat' dir='ltr'><strong>Viterbe,</strong></span> <span class='ocrx_word' id='word_1_214' title='bbox 836 1902 873 1929; x_wconf 89' lang='lat'><strong>13</strong></span> <span class='ocrx_word' id='word_1_215' title='bbox 884 1902 997 1928; x_wconf 79' lang='lat' dir='ltr'><strong>sevrier</strong></span> <span class='ocrx_word' id='word_1_216' title='bbox 1008 1902 1094 1929; x_wconf 90' lang='lat'><strong>1258.</strong></span> 
     </span>
    </p>
   </div>
   <div class='ocr_carea' id='block_1_4' title="bbox 163 1950 1177 2142">
    <p class='ocr_par' dir='ltr' id='par_1_5' title="bbox 163 1950 1177 2142">
     <span class='ocr_line' id='line_1_29' title="bbox 206 1950 1177 1984; baseline -0.001 -6"><span class='ocrx_word' id='word_1_217' title='bbox 206 1950 449 1984; x_wconf 85' lang='lat' dir='ltr'><strong>Archiepiscopo</strong></span> <span class='ocrx_word' id='word_1_218' title='bbox 478 1950 713 1977; x_wconf 84' lang='lat' dir='ltr'><strong>Tarantasiensi</strong></span> <span class='ocrx_word' id='word_1_219' title='bbox 742 1951 873 1977; x_wconf 90' lang='lat' dir='ltr'><strong>mandat</strong></span> <span class='ocrx_word' id='word_1_220' title='bbox 903 1952 938 1977; x_wconf 89' lang='lat' dir='ltr'><strong>ut</strong></span> <span class='ocrx_word' id='word_1_221' title='bbox 967 1951 1117 1977; x_wconf 89' lang='lat' dir='ltr'><strong>abbatem</strong></span> <span class='ocrx_word' id='word_1_222' title='bbox 1146 1952 1177 1977; x_wconf 89' lang='lat' dir='ltr'><strong>et</strong></span> 
     </span>
     <span class='ocr_line' id='line_1_30' title="bbox 165 1990 1177 2022; baseline -0.003 -3"><span class='ocrx_word' id='word_1_223' title='bbox 165 1993 358 2018; x_wconf 90' lang='lat' dir='ltr'><strong>conventum</strong></span> <span class='ocrx_word' id='word_1_224' title='bbox 381 1990 418 2016; x_wconf 85' lang='lat' dir='ltr'><strong>de</strong></span> <span class='ocrx_word' id='word_1_225' title='bbox 441 1990 542 2021; x_wconf 89' lang='lat' dir='ltr'><strong>Clusa,</strong></span> <span class='ocrx_word' id='word_1_226' title='bbox 565 1990 683 2016; x_wconf 90' lang='lat' dir='ltr'><strong>ordinis</strong></span> <span class='ocrx_word' id='word_1_227' title='bbox 706 1990 734 2017; x_wconf 89' lang='lat' dir='ltr'><strong>S.</strong></span> <span class='ocrx_word' id='word_1_228' title='bbox 766 1990 940 2022; x_wconf 86' lang='lat' dir='ltr'><strong>Benedicti,</strong></span> <span class='ocrx_word' id='word_1_229' title='bbox 976 1990 1177 2017; x_wconf 88' lang='lat' dir='ltr'><strong>Taurinensis</strong></span> 
     </span>
     <span class='ocr_line' id='line_1_31' title="bbox 163 2029 1177 2065; baseline -0.002 -7"><span class='ocrx_word' id='word_1_230' title='bbox 163 2033 195 2058; x_wconf 89' lang='lat' dir='ltr'><strong>in</strong></span> <span class='ocrx_word' id='word_1_231' title='bbox 216 2029 441 2065; x_wconf 88' lang='lat' dir='ltr'><strong>possessionem</strong></span> <span class='ocrx_word' id='word_1_232' title='bbox 457 2030 618 2056; x_wconf 85' lang='lat' dir='ltr'><strong>ecclesiam</strong></span> <span class='ocrx_word' id='word_1_233' title='bbox 630 2030 658 2056; x_wconf 92' lang='lat' dir='ltr'><strong>S.</strong></span> <span class='ocrx_word' id='word_1_234' title='bbox 676 2030 838 2057; x_wconf 87' lang='lat' dir='ltr'><strong>Laurentii</strong></span> <span class='ocrx_word' id='word_1_235' title='bbox 855 2031 891 2056; x_wconf 90' lang='lat' dir='ltr'><strong>de</strong></span> <span class='ocrx_word' id='word_1_236' title='bbox 907 2030 1042 2062; x_wconf 88' lang='lat' dir='ltr'><strong>Ethone,</strong></span> <span class='ocrx_word' id='word_1_237' title='bbox 1059 2030 1177 2056; x_wconf 86' lang='lat' dir='ltr'><strong>ordinis</strong></span> 
     </span>
     <span class='ocr_line' id='line_1_32' title="bbox 165 2069 1176 2104; baseline -0.002 -6"><span class='ocrx_word' id='word_1_238' title='bbox 165 2072 193 2098; x_wconf 89' lang='lat' dir='ltr'><strong>S.</strong></span> <span class='ocrx_word' id='word_1_239' title='bbox 219 2069 399 2104; x_wconf 83' lang='lat' dir='ltr'><strong>Augustini,</strong></span> <span class='ocrx_word' id='word_1_240' title='bbox 423 2069 650 2096; x_wconf 84' lang='lat' dir='ltr'><strong>Maurianensis</strong></span> <span class='ocrx_word' id='word_1_241' title='bbox 675 2070 816 2102; x_wconf 90' lang='lat' dir='ltr'><strong>diocesis,</strong></span> <span class='ocrx_word' id='word_1_242' title='bbox 840 2070 979 2097; x_wconf 88' lang='lat' dir='ltr'><strong>inducat.</strong></span> <span class='ocrx_word' id='word_1_243' title='bbox 1005 2070 1101 2103; x_wconf 72' lang='lat' dir='ltr'><strong>(Bm.</strong></span> <span class='ocrx_word' id='word_1_244' title='bbox 1127 2069 1176 2100; x_wconf 86' lang='lat'><strong>25,</strong></span> 
     </span>
     <span class='ocr_line' id='line_1_33' title="bbox 166 2109 581 2142; baseline -0.007 -4"><span class='ocrx_word' id='word_1_245' title='bbox 166 2112 185 2138; x_wconf 86' lang='lat' dir='ltr'><strong>f.</strong></span> <span class='ocrx_word' id='word_1_246' title='bbox 215 2111 283 2142; x_wconf 78' lang='lat'><strong>124,</strong></span> <span class='ocrx_word' id='word_1_247' title='bbox 310 2117 358 2136; x_wconf 89' lang='lat' dir='ltr'><strong>an.</strong></span> <span class='ocrx_word' id='word_1_248' title='bbox 389 2109 440 2140; x_wconf 85' lang='lat' dir='ltr'><strong>IV,</strong></span> <span class='ocrx_word' id='word_1_249' title='bbox 467 2117 491 2136; x_wconf 88' lang='lat' dir='ltr'><strong>c.</strong></span> <span class='ocrx_word' id='word_1_250' title='bbox 519 2109 581 2142; x_wconf 86' lang='grc'><strong>56.)</strong></span> 
     </span>
    </p>
   </div>
   <div class='ocr_carea' id='block_1_5' title="bbox 163 2188 1176 2491">
    <p class='ocr_par' dir='ltr' id='par_1_6' title="bbox 163 2188 1176 2491">
     <span class='ocr_line' id='line_1_34' title="bbox 209 2188 1176 2227; baseline 0.001 -11"><span class='ocrx_word' id='word_1_251' title='bbox 209 2200 255 2227; x_wconf 81' lang='grc'><strong>«..,</strong></span> <span class='ocrx_word' id='word_1_252' title='bbox 283 2188 515 2227; x_wconf 79' lang='lat' dir='ltr'><strong>archiepiscopo</strong></span> <span class='ocrx_word' id='word_1_253' title='bbox 552 2188 798 2218; x_wconf 76' lang='lat' dir='ltr'><strong>Tarantasiensi.</strong></span> <span class='ocrx_word' id='word_1_254' title='bbox 835 2189 921 2219; x_wconf 90' lang='lat' dir='ltr'><strong>Solet</strong></span> <span class='ocrx_word' id='word_1_255' title='bbox 955 2198 994 2217; x_wconf 83' lang='lat' dir='ltr'><strong>ex</strong></span> <span class='ocrx_word' id='word_1_256' title='bbox 1036 2188 1176 2218; x_wconf 84' lang='lat' dir='ltr'><strong>Romani</strong></span> 
     </span>
     <span class='ocr_line' id='line_1_35' title="bbox 165 2241 1174 2280; baseline 0 -10"><span class='ocrx_word' id='word_1_257' title='bbox 165 2241 328 2280; x_wconf 88' lang='lat' dir='ltr'><strong>pontificis</strong></span> <span class='ocrx_word' id='word_1_258' title='bbox 349 2241 530 2280; x_wconf 89' lang='lat' dir='ltr'><strong>provisione</strong></span> <span class='ocrx_word' id='word_1_259' title='bbox 552 2244 584 2270; x_wconf 90' lang='lat' dir='ltr'><strong>et</strong></span> <span class='ocrx_word' id='word_1_260' title='bbox 604 2241 809 2279; x_wconf 89' lang='lat' dir='ltr'><strong>providentia</strong></span> <span class='ocrx_word' id='word_1_261' title='bbox 830 2241 998 2280; x_wconf 92' lang='lat' dir='ltr'><strong>provenire</strong></span> <span class='ocrx_word' id='word_1_262' title='bbox 1027 2244 1064 2270; x_wconf 88' lang='lat' dir='ltr'><strong>ut</strong></span> <span class='ocrx_word' id='word_1_263' title='bbox 1097 2241 1174 2280; x_wconf 89' lang='lat' dir='ltr'><strong>ipse,</strong></span> 
     </span>
     <span class='ocr_line' id='line_1_36' title="bbox 165 2294 1175 2333; baseline 0 -10"><span class='ocrx_word' id='word_1_264' title='bbox 165 2295 220 2333; x_wconf 93' lang='lat' dir='ltr'><strong>qui</strong></span> <span class='ocrx_word' id='word_1_265' title='bbox 248 2295 426 2333; x_wconf 82' lang='lat' dir='ltr'><strong>generalem</strong></span> <span class='ocrx_word' id='word_1_266' title='bbox 455 2294 659 2323; x_wconf 88' lang='lat' dir='ltr'><strong>ecclesiarum</strong></span> <span class='ocrx_word' id='word_1_267' title='bbox 688 2294 832 2325; x_wconf 89' lang='lat' dir='ltr'><strong>omnium</strong></span> <span class='ocrx_word' id='word_1_268' title='bbox 870 2303 979 2323; x_wconf 86' lang='lat' dir='ltr'><strong>curam</strong></span> <span class='ocrx_word' id='word_1_269' title='bbox 1007 2294 1098 2332; x_wconf 86' lang='lat' dir='ltr'><strong>gerit,</strong></span> <span class='ocrx_word' id='word_1_270' title='bbox 1137 2294 1175 2323; x_wconf 92' lang='lat' dir='ltr'><strong>de</strong></span> 
     </span>
     <span class='ocr_line' id='line_1_37' title="bbox 163 2347 1176 2385; baseline 0 -9"><span class='ocrx_word' id='word_1_271' title='bbox 163 2347 240 2376; x_wconf 89' lang='lat' dir='ltr'><strong>sillis</strong></span> <span class='ocrx_word' id='word_1_272' title='bbox 272 2347 398 2376; x_wconf 91' lang='lat' dir='ltr'><strong>ordinet</strong></span> <span class='ocrx_word' id='word_1_273' title='bbox 429 2349 461 2375; x_wconf 93' lang='lat' dir='ltr'><strong>et</strong></span> <span class='ocrx_word' id='word_1_274' title='bbox 493 2347 655 2385; x_wconf 82' lang='lat' dir='ltr'><strong>disponat,</strong></span> <span class='ocrx_word' id='word_1_275' title='bbox 687 2349 783 2385; x_wconf 92' lang='lat' dir='ltr'><strong>prout</strong></span> <span class='ocrx_word' id='word_1_276' title='bbox 814 2347 956 2385; x_wconf 88' lang='lat' dir='ltr'><strong>ipsarum</strong></span> <span class='ocrx_word' id='word_1_277' title='bbox 985 2347 1120 2376; x_wconf 91' lang='lat' dir='ltr'><strong>utilitati</strong></span> <span class='ocrx_word' id='word_1_278' title='bbox 1143 2349 1176 2376; x_wconf 91' lang='lat' dir='ltr'><strong>et</strong></span> 
     </span>
     <span class='ocr_line' id='line_1_38' title="bbox 165 2399 1176 2438; baseline 0 -10"><span class='ocrx_word' id='word_1_279' title='bbox 165 2399 262 2429; x_wconf 89' lang='lat' dir='ltr'><strong>saluti</strong></span> <span class='ocrx_word' id='word_1_280' title='bbox 307 2408 514 2438; x_wconf 89' lang='lat' dir='ltr'><strong>personarum</strong></span> <span class='ocrx_word' id='word_1_281' title='bbox 561 2399 781 2428; x_wconf 87' lang='lat' dir='ltr'><strong>habitantium</strong></span> <span class='ocrx_word' id='word_1_282' title='bbox 827 2399 858 2429; x_wconf 89' lang='lat' dir='ltr'><strong>in</strong></span> <span class='ocrx_word' id='word_1_283' title='bbox 899 2399 1018 2428; x_wconf 87' lang='lat' dir='ltr'><strong>eisdem</strong></span> <span class='ocrx_word' id='word_1_284' title='bbox 1057 2400 1176 2429; x_wconf 90' lang='lat' dir='ltr'><strong>viderit</strong></span> 
     </span>
     <span class='ocr_line' id='line_1_39' title="bbox 165 2452 1176 2491; baseline 0 -10"><span class='ocrx_word' id='word_1_285' title='bbox 165 2452 326 2490; x_wconf 85' lang='lat' dir='ltr'><strong>expedire,</strong></span> <span class='ocrx_word' id='word_1_286' title='bbox 348 2452 496 2481; x_wconf 87' lang='lat' dir='ltr'><strong>faciendo</strong></span> <span class='ocrx_word' id='word_1_287' title='bbox 518 2452 670 2490; x_wconf 82' lang='lat' dir='ltr'><strong>regularis</strong></span> <span class='ocrx_word' id='word_1_288' title='bbox 693 2452 731 2481; x_wconf 91' lang='lat' dir='ltr'><strong>de</strong></span> <span class='ocrx_word' id='word_1_289' title='bbox 753 2452 948 2481; x_wconf 78' lang='lat' dir='ltr'><strong>secularibus</strong></span> <span class='ocrx_word' id='word_1_290' title='bbox 971 2455 1003 2481; x_wconf 86' lang='lat' dir='ltr'><strong>et</strong></span> <span class='ocrx_word' id='word_1_291' title='bbox 1025 2453 1064 2481; x_wconf 90' lang='lat' dir='ltr'><strong>de</strong></span> <span class='ocrx_word' id='word_1_292' title='bbox 1086 2460 1176 2491; x_wconf 85' lang='lat' dir='ltr'><strong>regu-</strong></span> 
     </span>
    </p>
   </div>
   <div class='ocr_carea' id='block_1_6' title="bbox 164 2504 1202 2543">
    <p class='ocr_par' dir='ltr' id='par_1_7' title="bbox 164 2504 1202 2543">
     <span class='ocr_line' id='line_1_40' title="bbox 164 2504 1202 2543; baseline 0.001 -10"><span class='ocrx_word' id='word_1_293' title='bbox 164 2505 284 2534; x_wconf 83' lang='lat' dir='ltr'><strong>laribus</strong></span> <span class='ocrx_word' id='word_1_294' title='bbox 311 2504 485 2543; x_wconf 88' lang='lat' dir='ltr'><strong>aliquando</strong></span> <span class='ocrx_word' id='word_1_295' title='bbox 511 2505 677 2538; x_wconf 84' lang='lat' dir='ltr'><strong>seculares,</strong></span> <span class='ocrx_word' id='word_1_296' title='bbox 712 2504 836 2543; x_wconf 87' lang='lat' dir='ltr'><strong>aliquas</strong></span> <span class='ocrx_word' id='word_1_297' title='bbox 872 2505 1071 2543; x_wconf 86' lang='lat' dir='ltr'><strong>subjiciendo</strong></span> <span class='ocrx_word' id='word_1_298' title='bbox 1106 2505 1176 2534; x_wconf 91' lang='lat' dir='ltr'><strong>aliis</strong></span> <span class='ocrx_word' id='word_1_299' title='bbox 1200 2527 1202 2529; x_wconf 86' lang='lat'>-</span> 
     </span>
    </p>
   </div>
   <div class='ocr_carea' id='block_1_7' title="bbox 164 2557 1177 2964">
    <p class='ocr_par' dir='ltr' id='par_1_8' title="bbox 164 2557 1177 2964">
     <span class='ocr_line' id='line_1_41' title="bbox 165 2557 1176 2596; baseline 0 -9"><span class='ocrx_word' id='word_1_300' title='bbox 165 2560 198 2587; x_wconf 88' lang='lat' dir='ltr'><strong>et</strong></span> <span class='ocrx_word' id='word_1_301' title='bbox 220 2558 407 2596; x_wconf 90' lang='lat' dir='ltr'><strong>plerumque</strong></span> <span class='ocrx_word' id='word_1_302' title='bbox 429 2557 548 2586; x_wconf 87' lang='lat' dir='ltr'><strong>ordinis</strong></span> <span class='ocrx_word' id='word_1_303' title='bbox 569 2557 707 2591; x_wconf 86' lang='lat' dir='ltr'><strong>artioris,</strong></span> <span class='ocrx_word' id='word_1_304' title='bbox 730 2560 762 2586; x_wconf 90' lang='lat' dir='ltr'><strong>et</strong></span> <span class='ocrx_word' id='word_1_305' title='bbox 783 2557 861 2586; x_wconf 91' lang='lat' dir='ltr'><strong>alias</strong></span> <span class='ocrx_word' id='word_1_306' title='bbox 882 2558 924 2586; x_wconf 93' lang='lat' dir='ltr'><strong>ab</strong></span> <span class='ocrx_word' id='word_1_307' title='bbox 945 2558 1080 2587; x_wconf 91' lang='lat' dir='ltr'><strong>aliarum</strong></span> <span class='ocrx_word' id='word_1_308' title='bbox 1102 2558 1176 2587; x_wconf 94' lang='lat' dir='ltr'><strong>sub-</strong></span> 
     </span>
     <span class='ocr_line' id='line_1_42' title="bbox 164 2610 1176 2648; baseline 0.001 -9"><span class='ocrx_word' id='word_1_309' title='bbox 164 2610 302 2648; x_wconf 89' lang='lat' dir='ltr'><strong>jectione</strong></span> <span class='ocrx_word' id='word_1_310' title='bbox 339 2610 467 2648; x_wconf 86' lang='lat' dir='ltr'><strong>penitus</strong></span> <span class='ocrx_word' id='word_1_311' title='bbox 503 2610 684 2639; x_wconf 82' lang='lat' dir='ltr'><strong>eximendo.</strong></span> <span class='ocrx_word' id='word_1_312' title='bbox 722 2610 804 2639; x_wconf 88' lang='lat' dir='ltr'><strong>Sane</strong></span> <span class='ocrx_word' id='word_1_313' title='bbox 840 2610 1055 2644; x_wconf 86' lang='lat' dir='ltr'><strong>considerans,</strong></span> <span class='ocrx_word' id='word_1_314' title='bbox 1092 2611 1176 2640; x_wconf 89' lang='lat' dir='ltr'><strong>sicut</strong></span> 
     </span>
     <span class='ocr_line' id='line_1_43' title="bbox 166 2662 1177 2701; baseline 0.001 -10"><span class='ocrx_word' id='word_1_315' title='bbox 166 2663 358 2701; x_wconf 86' lang='lat' dir='ltr'><strong>accepimus,</strong></span> <span class='ocrx_word' id='word_1_316' title='bbox 391 2662 490 2692; x_wconf 88' lang='lat' dir='ltr'><strong>felicis</strong></span> <span class='ocrx_word' id='word_1_317' title='bbox 522 2663 752 2692; x_wconf 89' lang='lat' dir='ltr'><strong>recordationis</strong></span> <span class='ocrx_word' id='word_1_318' title='bbox 788 2663 811 2692; x_wconf 94' lang='lat' dir='ltr'><strong>I.</strong></span> <span class='ocrx_word' id='word_1_319' title='bbox 845 2672 940 2701; x_wconf 88' lang='lat' dir='ltr'><strong>papa,</strong></span> <span class='ocrx_word' id='word_1_320' title='bbox 974 2664 1177 2701; x_wconf 90' lang='lat' dir='ltr'><strong>predecessor</strong></span> 
     </span>
     <span class='ocr_line' id='line_1_44' title="bbox 166 2715 1176 2754; baseline 0.001 -10"><span class='ocrx_word' id='word_1_321' title='bbox 166 2718 283 2750; x_wconf 87' lang='lat' dir='ltr'><strong>noster,</strong></span> <span class='ocrx_word' id='word_1_322' title='bbox 320 2724 417 2754; x_wconf 92' lang='lat' dir='ltr'><strong>quam</strong></span> <span class='ocrx_word' id='word_1_323' title='bbox 452 2715 494 2744; x_wconf 91' lang='lat' dir='ltr'><strong>sit</strong></span> <span class='ocrx_word' id='word_1_324' title='bbox 527 2715 725 2753; x_wconf 89' lang='lat' dir='ltr'><strong>acceptabile</strong></span> <span class='ocrx_word' id='word_1_325' title='bbox 759 2715 953 2745; x_wconf 85' lang='lat' dir='ltr'><strong>sacrificium</strong></span> <span class='ocrx_word' id='word_1_326' title='bbox 987 2716 1056 2745; x_wconf 92' lang='lat' dir='ltr'><strong>Deo</strong></span> <span class='ocrx_word' id='word_1_327' title='bbox 1086 2716 1176 2745; x_wconf 89' lang='lat' dir='ltr'><strong>Patri</strong></span> 
     </span>
     <span class='ocr_line' id='line_1_45' title="bbox 166 2767 1176 2806; baseline 0.001 -9"><span class='ocrx_word' id='word_1_328' title='bbox 166 2768 314 2797; x_wconf 88' lang='lat' dir='ltr'><strong>ecclesias</strong></span> <span class='ocrx_word' id='word_1_329' title='bbox 331 2770 514 2798; x_wconf 89' lang='lat' dir='ltr'><strong>construere</strong></span> <span class='ocrx_word' id='word_1_330' title='bbox 531 2767 563 2797; x_wconf 91' lang='lat' dir='ltr'><strong>in</strong></span> <span class='ocrx_word' id='word_1_331' title='bbox 581 2768 698 2806; x_wconf 91' lang='lat' dir='ltr'><strong>quibus</strong></span> <span class='ocrx_word' id='word_1_332' title='bbox 714 2768 781 2806; x_wconf 91' lang='lat' dir='ltr'><strong>ipse</strong></span> <span class='ocrx_word' id='word_1_333' title='bbox 799 2768 859 2797; x_wconf 89' lang='lat' dir='ltr'><strong>Dei</strong></span> <span class='ocrx_word' id='word_1_334' title='bbox 876 2768 974 2797; x_wconf 89' lang='lat' dir='ltr'><strong>Filius</strong></span> <span class='ocrx_word' id='word_1_335' title='bbox 991 2768 1176 2798; x_wconf 88' lang='lat' dir='ltr'><strong>immoletur</strong></span> 
     </span>
     <span class='ocr_line' id='line_1_46' title="bbox 167 2820 1176 2859; baseline 0 -9"><span class='ocrx_word' id='word_1_336' title='bbox 167 2822 200 2850; x_wconf 88' lang='lat' dir='ltr'><strong>et</strong></span> <span class='ocrx_word' id='word_1_337' title='bbox 219 2821 314 2859; x_wconf 82' lang='lat' dir='ltr'><strong>digna</strong></span> <span class='ocrx_word' id='word_1_338' title='bbox 332 2821 465 2850; x_wconf 90' lang='lat' dir='ltr'><strong>laudum</strong></span> <span class='ocrx_word' id='word_1_339' title='bbox 483 2820 632 2859; x_wconf 89' lang='lat' dir='ltr'><strong>preconia</strong></span> <span class='ocrx_word' id='word_1_340' title='bbox 650 2821 770 2859; x_wconf 85' lang='lat' dir='ltr'><strong>jugiter</strong></span> <span class='ocrx_word' id='word_1_341' title='bbox 787 2821 990 2855; x_wconf 89' lang='lat' dir='ltr'><strong>exolvantur,</strong></span> <span class='ocrx_word' id='word_1_342' title='bbox 1010 2821 1176 2850; x_wconf 90' lang='lat' dir='ltr'><strong>ecclesiam</strong></span> 
     </span>
     <span class='ocr_line' id='line_1_47' title="bbox 168 2873 1175 2912; baseline 0 -10"><span class='ocrx_word' id='word_1_343' title='bbox 168 2873 333 2911; x_wconf 90' lang='lat' dir='ltr'><strong>quandam</strong></span> <span class='ocrx_word' id='word_1_344' title='bbox 355 2873 387 2902; x_wconf 93' lang='lat' dir='ltr'><strong>in</strong></span> <span class='ocrx_word' id='word_1_345' title='bbox 410 2873 530 2903; x_wconf 90' lang='lat' dir='ltr'><strong>honore</strong></span> <span class='ocrx_word' id='word_1_346' title='bbox 554 2873 663 2903; x_wconf 88' lang='lat' dir='ltr'><strong>Sancti</strong></span> <span class='ocrx_word' id='word_1_347' title='bbox 687 2873 863 2903; x_wconf 89' lang='lat' dir='ltr'><strong>Salvatoris</strong></span> <span class='ocrx_word' id='word_1_348' title='bbox 881 2873 968 2912; x_wconf 90' lang='lat' dir='ltr'><strong>apud</strong></span> <span class='ocrx_word' id='word_1_349' title='bbox 985 2873 1175 2908; x_wconf 89' lang='lat' dir='ltr'><strong>Lavaniam,</strong></span> 
     </span>
     <span class='ocr_line' id='line_1_48' title="bbox 166 2925 1176 2964; baseline 0.001 -10"><span class='ocrx_word' id='word_1_350' title='bbox 166 2925 198 2954; x_wconf 92' lang='lat' dir='ltr'><strong>in</strong></span> <span class='ocrx_word' id='word_1_351' title='bbox 217 2928 300 2955; x_wconf 91' lang='lat' dir='ltr'><strong>terra</strong></span> <span class='ocrx_word' id='word_1_352' title='bbox 321 2926 504 2955; x_wconf 86' lang='lat' dir='ltr'><strong>nativitatis</strong></span> <span class='ocrx_word' id='word_1_353' title='bbox 521 2935 577 2955; x_wconf 85' lang='lat' dir='ltr'><strong>sue</strong></span> <span class='ocrx_word' id='word_1_354' title='bbox 595 2935 613 2955; x_wconf 90' lang='lat' dir='ltr'><strong>a</strong></span> <span class='ocrx_word' id='word_1_355' title='bbox 628 2925 738 2964; x_wconf 89' lang='lat' dir='ltr'><strong>primis</strong></span> <span class='ocrx_word' id='word_1_356' title='bbox 753 2925 973 2956; x_wconf 83' lang='lat' dir='ltr'><strong>fundamentis</strong></span> <span class='ocrx_word' id='word_1_357' title='bbox 987 2926 1099 2960; x_wconf 86' lang='lat' dir='ltr'><strong>erexit,</strong></span> <span class='ocrx_word' id='word_1_358' title='bbox 1118 2935 1176 2964; x_wconf 90' lang='lat' dir='ltr'><strong>pro</strong></span> 
     </span>
    </p>
   </div>
   <div class='ocr_carea' id='block_1_8' title="bbox 1276 384 2287 583">
    <p class='ocr_par' dir='ltr' id='par_1_9' title="bbox 1276 384 2287 583">
     <span class='ocr_line' id='line_1_49' title="bbox 1276 384 2286 425; baseline 0.002 -11"><span class='ocrx_word' id='word_1_359' title='bbox 1276 384 1383 414; x_wconf 90' lang='lat' dir='ltr'><strong>anime</strong></span> <span class='ocrx_word' id='word_1_360' title='bbox 1409 394 1464 415; x_wconf 90' lang='lat' dir='ltr'><strong>sue</strong></span> <span class='ocrx_word' id='word_1_361' title='bbox 1492 386 1632 416; x_wconf 89' lang='lat' dir='ltr'><strong>remedio</strong></span> <span class='ocrx_word' id='word_1_362' title='bbox 1659 394 1698 416; x_wconf 96' lang='grc'><strong>36</strong></span> <span class='ocrx_word' id='word_1_363' title='bbox 1724 386 1900 416; x_wconf 81' lang='lat' dir='ltr'><strong>multorum</strong></span> <span class='ocrx_word' id='word_1_364' title='bbox 1936 385 2079 416; x_wconf 85' lang='lat' dir='ltr'><strong>utilitate</strong></span> <span class='ocrx_word' id='word_1_365' title='bbox 2106 386 2226 425; x_wconf 87' lang='lat' dir='ltr'><strong>pariter</strong></span> <span class='ocrx_word' id='word_1_366' title='bbox 2251 388 2286 416; x_wconf 87' lang='lat' dir='ltr'><strong>et</strong></span> 
     </span>
     <span class='ocr_line' id='line_1_50' title="bbox 1276 437 2287 477; baseline 0.002 -10"><span class='ocrx_word' id='word_1_367' title='bbox 1276 437 1390 472; x_wconf 89' lang='lat' dir='ltr'><strong>salute,</strong></span> <span class='ocrx_word' id='word_1_368' title='bbox 1414 438 1464 468; x_wconf 91' lang='lat' dir='ltr'><strong>cui</strong></span> <span class='ocrx_word' id='word_1_369' title='bbox 1487 438 1626 468; x_wconf 89' lang='lat' dir='ltr'><strong>contulit</strong></span> <span class='ocrx_word' id='word_1_370' title='bbox 1647 438 1826 477; x_wconf 88' lang='lat' dir='ltr'><strong>prioratum</strong></span> <span class='ocrx_word' id='word_1_371' title='bbox 1849 439 1887 469; x_wconf 93' lang='lat' dir='ltr'><strong>de</strong></span> <span class='ocrx_word' id='word_1_372' title='bbox 1911 438 2051 473; x_wconf 88' lang='lat' dir='ltr'><strong>Calasco,</strong></span> <span class='ocrx_word' id='word_1_373' title='bbox 2075 439 2208 469; x_wconf 89' lang='lat' dir='ltr'><strong>diocesis</strong></span> <span class='ocrx_word' id='word_1_374' title='bbox 2229 438 2287 469; x_wconf 87' lang='lat' dir='ltr'><strong>Ja-</strong></span> 
     </span>
     <span class='ocr_line' id='line_1_51' title="bbox 1277 491 2287 525; baseline 0.002 -5"><span class='ocrx_word' id='word_1_375' title='bbox 1277 491 1415 525; x_wconf 87' lang='lat' dir='ltr'><strong>nuensis,</strong></span> <span class='ocrx_word' id='word_1_376' title='bbox 1433 491 1474 520; x_wconf 89' lang='lat' dir='ltr'><strong>ad</strong></span> <span class='ocrx_word' id='word_1_377' title='bbox 1492 491 1724 521; x_wconf 87' lang='lat' dir='ltr'><strong>monasterium</strong></span> <span class='ocrx_word' id='word_1_378' title='bbox 1742 492 1781 521; x_wconf 90' lang='lat' dir='ltr'><strong>de</strong></span> <span class='ocrx_word' id='word_1_379' title='bbox 1799 491 1902 525; x_wconf 87' lang='lat' dir='ltr'><strong>Clusa,</strong></span> <span class='ocrx_word' id='word_1_380' title='bbox 1921 491 2042 521; x_wconf 88' lang='lat' dir='ltr'><strong>ordinis</strong></span> <span class='ocrx_word' id='word_1_381' title='bbox 2059 491 2169 522; x_wconf 91' lang='lat' dir='ltr'><strong>Sancti</strong></span> <span class='ocrx_word' id='word_1_382' title='bbox 2184 492 2287 522; x_wconf 87' lang='lat' dir='ltr'><strong>Bene-</strong></span> 
     </span>
     <span class='ocr_line' id='line_1_52' title="bbox 1276 543 2286 583; baseline 0.002 -11"><span class='ocrx_word' id='word_1_383' title='bbox 1276 543 1354 572; x_wconf 88' lang='lat' dir='ltr'><strong>dicti</strong></span> <span class='ocrx_word' id='word_1_384' title='bbox 1387 543 1602 578; x_wconf 87' lang='lat' dir='ltr'><strong>Taurinensis,</strong></span> <span class='ocrx_word' id='word_1_385' title='bbox 1628 546 1830 582; x_wconf 87' lang='lat' dir='ltr'><strong>spectantem</strong></span> <span class='ocrx_word' id='word_1_386' title='bbox 1856 553 1952 583; x_wconf 88' lang='lat' dir='ltr'><strong>quem</strong></span> <span class='ocrx_word' id='word_1_387' title='bbox 1978 545 2143 583; x_wconf 88' lang='lat' dir='ltr'><strong>quondam</strong></span> <span class='ocrx_word' id='word_1_388' title='bbox 2166 544 2286 574; x_wconf 89' lang='lat' dir='ltr'><strong>Willel-</strong></span> 
     </span>
    </p>
   </div>
   <div class='ocr_carea' id='block_1_9' title="bbox 1276 596 2337 638">
    <p class='ocr_par' dir='ltr' id='par_1_10' title="bbox 1276 596 2337 638">
     <span class='ocr_line' id='line_1_53' title="bbox 1276 596 2337 638; baseline 0.001 -13"><span class='ocrx_word' id='word_1_389' title='bbox 1276 605 1358 630; x_wconf 79' lang='lat' dir='ltr'><strong>mus,</strong></span> <span class='ocrx_word' id='word_1_390' title='bbox 1386 596 1487 626; x_wconf 88' lang='lat' dir='ltr'><strong>abbas</strong></span> <span class='ocrx_word' id='word_1_391' title='bbox 1515 596 1614 635; x_wconf 89' lang='lat' dir='ltr'><strong>ipsius</strong></span> <span class='ocrx_word' id='word_1_392' title='bbox 1641 597 1839 631; x_wconf 89' lang='lat' dir='ltr'><strong>monasterii,</strong></span> <span class='ocrx_word' id='word_1_393' title='bbox 1868 597 1907 626; x_wconf 92' lang='lat' dir='ltr'><strong>de</strong></span> <span class='ocrx_word' id='word_1_394' title='bbox 1930 605 2086 626; x_wconf 89' lang='lat' dir='ltr'><strong>consensu</strong></span> <span class='ocrx_word' id='word_1_395' title='bbox 2105 599 2287 627; x_wconf 84' lang='lat' dir='ltr'><strong>conventus</strong></span> <span class='ocrx_word' id='word_1_396' title='bbox 2334 635 2337 638; x_wconf 34' lang='grc' dir='ltr'>Ι</span> 
     </span>
    </p>
   </div>
   <div class='ocr_carea' id='block_1_10' title="bbox 1272 649 2290 2953">
    <p class='ocr_par' dir='ltr' id='par_1_11' title="bbox 1272 649 2290 2953">
     <span class='ocr_line' id='line_1_54' title="bbox 1275 649 2285 688; baseline 0.001 -10"><span class='ocrx_word' id='word_1_397' title='bbox 1275 649 1420 687; x_wconf 89' lang='lat' dir='ltr'><strong>ejusdem</strong></span> <span class='ocrx_word' id='word_1_398' title='bbox 1445 649 1532 679; x_wconf 91' lang='lat' dir='ltr'><strong>dicto</strong></span> <span class='ocrx_word' id='word_1_399' title='bbox 1557 649 1771 688; x_wconf 89' lang='lat' dir='ltr'><strong>predecessori</strong></span> <span class='ocrx_word' id='word_1_400' title='bbox 1789 652 1990 679; x_wconf 87' lang='lat' dir='ltr'><strong>concesserat</strong></span> <span class='ocrx_word' id='word_1_401' title='bbox 2005 658 2061 688; x_wconf 86' lang='lat' dir='ltr'><strong>per</strong></span> <span class='ocrx_word' id='word_1_402' title='bbox 2071 658 2145 679; x_wconf 88' lang='lat' dir='ltr'><strong>eum</strong></span> <span class='ocrx_word' id='word_1_403' title='bbox 2160 649 2285 688; x_wconf 79' lang='lat' dir='ltr'><strong>prefate</strong></span> 
     </span>
     <span class='ocr_line' id='line_1_55' title="bbox 1275 701 2287 741; baseline 0.001 -10"><span class='ocrx_word' id='word_1_404' title='bbox 1275 702 1404 731; x_wconf 84' lang='lat' dir='ltr'><strong>ecclesie</strong></span> <span class='ocrx_word' id='word_1_405' title='bbox 1429 701 1669 736; x_wconf 86' lang='lat' dir='ltr'><strong>conferendum,</strong></span> <span class='ocrx_word' id='word_1_406' title='bbox 1694 702 1850 741; x_wconf 89' lang='lat' dir='ltr'><strong>promisso</strong></span> <span class='ocrx_word' id='word_1_407' title='bbox 1874 702 1934 731; x_wconf 91' lang='lat' dir='ltr'><strong>sibi</strong></span> <span class='ocrx_word' id='word_1_408' title='bbox 1957 702 1999 732; x_wconf 91' lang='lat' dir='ltr'><strong>ab</strong></span> <span class='ocrx_word' id='word_1_409' title='bbox 2023 711 2070 737; x_wconf 87' lang='lat' dir='ltr'><strong>eo,</strong></span> <span class='ocrx_word' id='word_1_410' title='bbox 2095 702 2179 732; x_wconf 91' lang='lat' dir='ltr'><strong>sicut</strong></span> <span class='ocrx_word' id='word_1_411' title='bbox 2201 710 2287 732; x_wconf 86' lang='lat' dir='ltr'><strong>asse-</strong></span> 
     </span>
     <span class='ocr_line' id='line_1_56' title="bbox 1275 755 2287 794; baseline 0 -10"><span class='ocrx_word' id='word_1_412' title='bbox 1275 755 1366 789; x_wconf 87' lang='lat' dir='ltr'><strong>ritur,</strong></span> <span class='ocrx_word' id='word_1_413' title='bbox 1381 755 1467 794; x_wconf 91' lang='lat' dir='ltr'><strong>quod</strong></span> <span class='ocrx_word' id='word_1_414' title='bbox 1481 755 1626 793; x_wconf 89' lang='lat' dir='ltr'><strong>predicto</strong></span> <span class='ocrx_word' id='word_1_415' title='bbox 1638 755 1781 794; x_wconf 91' lang='lat' dir='ltr'><strong>ipsorum</strong></span> <span class='ocrx_word' id='word_1_416' title='bbox 1794 755 1990 784; x_wconf 90' lang='lat' dir='ltr'><strong>monasterio</strong></span> <span class='ocrx_word' id='word_1_417' title='bbox 2003 755 2041 784; x_wconf 90' lang='lat' dir='ltr'><strong>de</strong></span> <span class='ocrx_word' id='word_1_418' title='bbox 2055 755 2126 784; x_wconf 90' lang='lat' dir='ltr'><strong>utili</strong></span> <span class='ocrx_word' id='word_1_419' title='bbox 2138 763 2287 785; x_wconf 86' lang='lat' dir='ltr'><strong>concam-</strong></span> 
     </span>
     <span class='ocr_line' id='line_1_57' title="bbox 1275 807 2286 846; baseline 0.001 -10"><span class='ocrx_word' id='word_1_420' title='bbox 1275 807 1328 837; x_wconf 94' lang='lat' dir='ltr'><strong>bio</strong></span> <span class='ocrx_word' id='word_1_421' title='bbox 1347 808 1564 846; x_wconf 88' lang='lat' dir='ltr'><strong>responderet,</strong></span> <span class='ocrx_word' id='word_1_422' title='bbox 1584 817 1705 846; x_wconf 91' lang='lat' dir='ltr'><strong>nosque</strong></span> <span class='ocrx_word' id='word_1_423' title='bbox 1724 808 1933 846; x_wconf 89' lang='lat' dir='ltr'><strong>postmodum</strong></span> <span class='ocrx_word' id='word_1_424' title='bbox 1952 807 2156 838; x_wconf 89' lang='lat' dir='ltr'><strong>collationem</strong></span> <span class='ocrx_word' id='word_1_425' title='bbox 2174 807 2286 846; x_wconf 87' lang='lat' dir='ltr'><strong>hujus-</strong></span> 
     </span>
     <span class='ocr_line' id='line_1_58' title="bbox 1274 860 2286 899; baseline 0.001 -10"><span class='ocrx_word' id='word_1_426' title='bbox 1274 860 1362 889; x_wconf 85' lang='lat' dir='ltr'><strong>modi</strong></span> <span class='ocrx_word' id='word_1_427' title='bbox 1392 862 1518 899; x_wconf 86' lang='lat' dir='ltr'><strong>gratam</strong></span> <span class='ocrx_word' id='word_1_428' title='bbox 1548 863 1584 890; x_wconf 89' lang='lat' dir='ltr'><strong>at</strong></span> <span class='ocrx_word' id='word_1_429' title='bbox 1622 863 1727 890; x_wconf 89' lang='lat' dir='ltr'><strong>ratam</strong></span> <span class='ocrx_word' id='word_1_430' title='bbox 1759 860 1925 894; x_wconf 84' lang='lat' dir='ltr'><strong>habentes,</strong></span> <span class='ocrx_word' id='word_1_431' title='bbox 1956 860 2059 899; x_wconf 90' lang='lat' dir='ltr'><strong>ipsam</strong></span> <span class='ocrx_word' id='word_1_432' title='bbox 2089 860 2286 890; x_wconf 87' lang='lat' dir='ltr'><strong>auctoritate</strong></span> 
     </span>
     <span class='ocr_line' id='line_1_59' title="bbox 1274 912 2287 952; baseline 0 -10"><span class='ocrx_word' id='word_1_433' title='bbox 1274 913 1451 951; x_wconf 89' lang='lat' dir='ltr'><strong>apostolica</strong></span> <span class='ocrx_word' id='word_1_434' title='bbox 1477 913 1628 943; x_wconf 85' lang='lat' dir='ltr'><strong>duximus</strong></span> <span class='ocrx_word' id='word_1_435' title='bbox 1654 913 1922 943; x_wconf 85' lang='lat' dir='ltr'><strong>confirmandam.</strong></span> <span class='ocrx_word' id='word_1_436' title='bbox 1949 913 2060 952; x_wconf 90' lang='lat' dir='ltr'><strong>Nuper</strong></span> <span class='ocrx_word' id='word_1_437' title='bbox 2083 922 2160 943; x_wconf 90' lang='lat' dir='ltr'><strong>vero</strong></span> <span class='ocrx_word' id='word_1_438' title='bbox 2184 912 2287 942; x_wconf 91' lang='lat' dir='ltr'><strong>consi-</strong></span> 
     </span>
     <span class='ocr_line' id='line_1_60' title="bbox 1275 966 2286 1005; baseline 0.001 -10"><span class='ocrx_word' id='word_1_439' title='bbox 1275 966 1423 995; x_wconf 89' lang='lat' dir='ltr'><strong>derantes</strong></span> <span class='ocrx_word' id='word_1_440' title='bbox 1438 966 1524 1005; x_wconf 91' lang='lat' dir='ltr'><strong>quod</strong></span> <span class='ocrx_word' id='word_1_441' title='bbox 1539 966 1608 1004; x_wconf 85' lang='lat' dir='ltr'><strong>ejus</strong></span> <span class='ocrx_word' id='word_1_442' title='bbox 1622 967 1714 1004; x_wconf 87' lang='lat' dir='ltr'><strong>cujus</strong></span> <span class='ocrx_word' id='word_1_443' title='bbox 1728 967 1758 996; x_wconf 91' lang='lat' dir='ltr'><strong>in</strong></span> <span class='ocrx_word' id='word_1_444' title='bbox 1775 967 1894 996; x_wconf 92' lang='lat' dir='ltr'><strong>honore</strong></span> <span class='ocrx_word' id='word_1_445' title='bbox 1907 966 2118 996; x_wconf 87' lang='lat' dir='ltr'><strong>successimus</strong></span> <span class='ocrx_word' id='word_1_446' title='bbox 2132 966 2286 996; x_wconf 87' lang='lat' dir='ltr'><strong>debemus</strong></span> 
     </span>
     <span class='ocr_line' id='line_1_61' title="bbox 1274 1018 2287 1057; baseline 0.001 -10"><span class='ocrx_word' id='word_1_447' title='bbox 1274 1021 1308 1047; x_wconf 90' lang='lat' dir='ltr'><strong>et</strong></span> <span class='ocrx_word' id='word_1_448' title='bbox 1332 1021 1480 1048; x_wconf 90' lang='lat' dir='ltr'><strong>tenemur</strong></span> <span class='ocrx_word' id='word_1_449' title='bbox 1503 1019 1535 1048; x_wconf 91' lang='lat' dir='ltr'><strong>in</strong></span> <span class='ocrx_word' id='word_1_450' title='bbox 1560 1019 1620 1048; x_wconf 90' lang='grc'><strong>1136</strong></span> <span class='ocrx_word' id='word_1_451' title='bbox 1644 1021 1735 1057; x_wconf 88' lang='lat' dir='ltr'><strong>parte</strong></span> <span class='ocrx_word' id='word_1_452' title='bbox 1760 1028 1856 1048; x_wconf 90' lang='lat' dir='ltr'><strong>onera</strong></span> <span class='ocrx_word' id='word_1_453' title='bbox 1880 1021 2082 1057; x_wconf 89' lang='lat' dir='ltr'><strong>supportare,</strong></span> <span class='ocrx_word' id='word_1_454' title='bbox 2107 1018 2168 1057; x_wconf 93' lang='lat' dir='ltr'><strong>ipsi</strong></span> <span class='ocrx_word' id='word_1_455' title='bbox 2191 1019 2287 1048; x_wconf 86' lang='lat' dir='ltr'><strong>bene-</strong></span> 
     </span>
     <span class='ocr_line' id='line_1_62' title="bbox 1274 1071 2286 1110; baseline 0.001 -10"><span class='ocrx_word' id='word_1_456' title='bbox 1274 1071 1422 1100; x_wconf 87' lang='lat' dir='ltr'><strong>faciendo</strong></span> <span class='ocrx_word' id='word_1_457' title='bbox 1444 1071 1573 1101; x_wconf 86' lang='lat' dir='ltr'><strong>ecclesie</strong></span> <span class='ocrx_word' id='word_1_458' title='bbox 1594 1080 1632 1101; x_wconf 95' lang='grc'><strong>36</strong></span> <span class='ocrx_word' id='word_1_459' title='bbox 1652 1080 1724 1101; x_wconf 86' lang='lat' dir='ltr'><strong>eam</strong></span> <span class='ocrx_word' id='word_1_460' title='bbox 1746 1072 1890 1110; x_wconf 85' lang='lat' dir='ltr'><strong>ejusdem</strong></span> <span class='ocrx_word' id='word_1_461' title='bbox 1912 1071 2143 1110; x_wconf 88' lang='lat' dir='ltr'><strong>predecessoris</strong></span> <span class='ocrx_word' id='word_1_462' title='bbox 2164 1071 2286 1101; x_wconf 89' lang='lat' dir='ltr'><strong>intuitu</strong></span> 
     </span>
     <span class='ocr_line' id='line_1_63' title="bbox 1274 1123 2288 1163; baseline 0.001 -11"><span class='ocrx_word' id='word_1_463' title='bbox 1274 1124 1360 1162; x_wconf 89' lang='lat' dir='ltr'><strong>pleni</strong></span> <span class='ocrx_word' id='word_1_464' title='bbox 1378 1123 1499 1153; x_wconf 87' lang='lat' dir='ltr'><strong>favoris</strong></span> <span class='ocrx_word' id='word_1_465' title='bbox 1518 1124 1621 1162; x_wconf 88' lang='lat' dir='ltr'><strong>gratia</strong></span> <span class='ocrx_word' id='word_1_466' title='bbox 1641 1125 1874 1163; x_wconf 83' lang='lat' dir='ltr'><strong>prosequendO,</strong></span> <span class='ocrx_word' id='word_1_467' title='bbox 1894 1127 1932 1154; x_wconf 89' lang='lat' dir='ltr'><strong>ut</strong></span> <span class='ocrx_word' id='word_1_468' title='bbox 1950 1124 2042 1154; x_wconf 92' lang='lat' dir='ltr'><strong>nobis</strong></span> <span class='ocrx_word' id='word_1_469' title='bbox 2061 1123 2288 1162; x_wconf 87' lang='lat' dir='ltr'><strong>coadjuvanti-</strong></span> 
     </span>
     <span class='ocr_line' id='line_1_64' title="bbox 1274 1177 2286 1216; baseline 0 -10"><span class='ocrx_word' id='word_1_470' title='bbox 1274 1177 1334 1206; x_wconf 88' lang='lat' dir='ltr'><strong>bus</strong></span> <span class='ocrx_word' id='word_1_471' title='bbox 1352 1177 1385 1206; x_wconf 92' lang='lat' dir='ltr'><strong>in</strong></span> <span class='ocrx_word' id='word_1_472' title='bbox 1403 1177 1516 1206; x_wconf 90' lang='lat' dir='ltr'><strong>eadem</strong></span> <span class='ocrx_word' id='word_1_473' title='bbox 1534 1177 1646 1206; x_wconf 86' lang='lat' dir='ltr'><strong>serviri</strong></span> <span class='ocrx_word' id='word_1_474' title='bbox 1672 1177 1878 1206; x_wconf 87' lang='lat' dir='ltr'><strong>laudabiliter</strong></span> <span class='ocrx_word' id='word_1_475' title='bbox 1895 1177 1964 1206; x_wconf 92' lang='lat' dir='ltr'><strong>Deo</strong></span> <span class='ocrx_word' id='word_1_476' title='bbox 1983 1177 2095 1216; x_wconf 88' lang='lat' dir='ltr'><strong>possit,</strong></span> <span class='ocrx_word' id='word_1_477' title='bbox 2114 1179 2212 1215; x_wconf 89' lang='lat' dir='ltr'><strong>prout</strong></span> <span class='ocrx_word' id='word_1_478' title='bbox 2229 1185 2286 1207; x_wconf 92' lang='lat' dir='ltr'><strong>vo-</strong></span> 
     </span>
     <span class='ocr_line' id='line_1_65' title="bbox 1272 1229 2287 1268; baseline 0.001 -10"><span class='ocrx_word' id='word_1_479' title='bbox 1272 1229 1379 1259; x_wconf 85' lang='lat' dir='ltr'><strong>tivum</strong></span> <span class='ocrx_word' id='word_1_480' title='bbox 1423 1229 1455 1259; x_wconf 88' lang='lat' dir='ltr'><strong>in</strong></span> <span class='ocrx_word' id='word_1_481' title='bbox 1500 1229 1599 1268; x_wconf 88' lang='lat' dir='ltr'><strong>ipsius</strong></span> <span class='ocrx_word' id='word_1_482' title='bbox 1636 1229 1866 1268; x_wconf 89' lang='lat' dir='ltr'><strong>predecessoris</strong></span> <span class='ocrx_word' id='word_1_483' title='bbox 1903 1229 2066 1259; x_wconf 87' lang='lat' dir='ltr'><strong>desideriis</strong></span> <span class='ocrx_word' id='word_1_484' title='bbox 2095 1229 2287 1264; x_wconf 80' lang='lat' dir='ltr'><strong>habebatur,</strong></span> 
     </span>
     <span class='ocr_line' id='line_1_66' title="bbox 1273 1282 2287 1321; baseline 0 -9"><span class='ocrx_word' id='word_1_485' title='bbox 1273 1283 1452 1321; x_wconf 86' lang='lat' dir='ltr'><strong>prioratum</strong></span> <span class='ocrx_word' id='word_1_486' title='bbox 1468 1283 1506 1312; x_wconf 93' lang='lat' dir='ltr'><strong>de</strong></span> <span class='ocrx_word' id='word_1_487' title='bbox 1521 1282 1675 1317; x_wconf 90' lang='lat' dir='ltr'><strong>Cuturno,</strong></span> <span class='ocrx_word' id='word_1_488' title='bbox 1691 1282 1776 1312; x_wconf 90' lang='lat' dir='ltr'><strong>dicte</strong></span> <span class='ocrx_word' id='word_1_489' title='bbox 1797 1282 1930 1312; x_wconf 89' lang='lat' dir='ltr'><strong>diocesis</strong></span> <span class='ocrx_word' id='word_1_490' title='bbox 1950 1282 2132 1317; x_wconf 85' lang='lat' dir='ltr'><strong>Januensis‚</strong></span> <span class='ocrx_word' id='word_1_491' title='bbox 2149 1282 2191 1312; x_wconf 93' lang='lat' dir='ltr'><strong>ad</strong></span> <span class='ocrx_word' id='word_1_492' title='bbox 2202 1282 2287 1312; x_wconf 88' lang='lat' dir='ltr'><strong>idem</strong></span> 
     </span>
     <span class='ocr_line' id='line_1_67' title="bbox 1275 1334 2289 1374; baseline -0.001 -9"><span class='ocrx_word' id='word_1_493' title='bbox 1275 1338 1478 1374; x_wconf 88' lang='lat' dir='ltr'><strong>spectantem</strong></span> <span class='ocrx_word' id='word_1_494' title='bbox 1512 1335 1755 1370; x_wconf 87' lang='lat' dir='ltr'><strong>monasterium,</strong></span> <span class='ocrx_word' id='word_1_495' title='bbox 1790 1336 1830 1365; x_wconf 85' lang='lat' dir='ltr'><strong>ad</strong></span> <span class='ocrx_word' id='word_1_496' title='bbox 1864 1335 2055 1374; x_wconf 88' lang='lat' dir='ltr'><strong>petitionem</strong></span> <span class='ocrx_word' id='word_1_497' title='bbox 2089 1335 2198 1364; x_wconf 89' lang='lat' dir='ltr'><strong>dilecti</strong></span> <span class='ocrx_word' id='word_1_498' title='bbox 2229 1334 2289 1364; x_wconf 80' lang='lat' dir='ltr'><strong>filii</strong></span> 
     </span>
     <span class='ocr_line' id='line_1_68' title="bbox 1274 1388 2289 1425; baseline 0 -7"><span class='ocrx_word' id='word_1_499' title='bbox 1274 1388 1376 1418; x_wconf 91' lang='lat' dir='ltr'><strong>nostri</strong></span> <span class='ocrx_word' id='word_1_500' title='bbox 1400 1388 1450 1425; x_wconf 89' lang='grc'><strong>0.,</strong></span> <span class='ocrx_word' id='word_1_501' title='bbox 1475 1388 1584 1418; x_wconf 87' lang='lat' dir='ltr'><strong>Sancti</strong></span> <span class='ocrx_word' id='word_1_502' title='bbox 1607 1388 1741 1418; x_wconf 88' lang='lat' dir='ltr'><strong>Adriani</strong></span> <span class='ocrx_word' id='word_1_503' title='bbox 1764 1388 1891 1418; x_wconf 87' lang='lat' dir='ltr'><strong>diaconi</strong></span> <span class='ocrx_word' id='word_1_504' title='bbox 1914 1388 2095 1422; x_wconf 86' lang='lat' dir='ltr'><strong>cardinalis,</strong></span> <span class='ocrx_word' id='word_1_505' title='bbox 2110 1396 2148 1418; x_wconf 92' lang='grc'><strong>36</strong></span> <span class='ocrx_word' id='word_1_506' title='bbox 2170 1388 2209 1418; x_wconf 90' lang='grc'><strong>(16</strong></span> <span class='ocrx_word' id='word_1_507' title='bbox 2232 1396 2289 1418; x_wconf 90' lang='lat' dir='ltr'><strong>vo-</strong></span> 
     </span>
     <span class='ocr_line' id='line_1_69' title="bbox 1273 1433 2289 1480; baseline 0 -10"><span class='ocrx_word' id='word_1_508' title='bbox 1273 1433 1410 1471; x_wconf 83' lang='lat' dir='ltr'><strong>luntatis</strong></span> <span class='ocrx_word' id='word_1_509' title='bbox 1431 1441 1633 1480; x_wconf 90' lang='lat' dir='ltr'><strong>beneplacito</strong></span> <span class='ocrx_word' id='word_1_510' title='bbox 1669 1441 1776 1470; x_wconf 88' lang='lat' dir='ltr'><strong>dilecti</strong></span> <span class='ocrx_word' id='word_1_511' title='bbox 1797 1441 1855 1470; x_wconf 84' lang='lat' dir='ltr'><strong>filii</strong></span> <span class='ocrx_word' id='word_1_512' title='bbox 1877 1441 1930 1478; x_wconf 88' lang='lat' dir='ltr'><strong>D.‚</strong></span> <span class='ocrx_word' id='word_1_513' title='bbox 1952 1441 2081 1471; x_wconf 89' lang='lat' dir='ltr'><strong>abbatis</strong></span> <span class='ocrx_word' id='word_1_514' title='bbox 2101 1441 2201 1480; x_wconf 86' lang='lat' dir='ltr'><strong>ipsius</strong></span> <span class='ocrx_word' id='word_1_515' title='bbox 2220 1449 2289 1470; x_wconf 93' lang='lat' dir='ltr'><strong>mo-</strong></span> 
     </span>
     <span class='ocr_line' id='line_1_70' title="bbox 1274 1493 2289 1533; baseline 0 -10"><span class='ocrx_word' id='word_1_516' title='bbox 1274 1494 1417 1528; x_wconf 88' lang='lat' dir='ltr'><strong>nasterii,</strong></span> <span class='ocrx_word' id='word_1_517' title='bbox 1441 1503 1504 1524; x_wconf 91' lang='lat' dir='ltr'><strong>una</strong></span> <span class='ocrx_word' id='word_1_518' title='bbox 1529 1503 1601 1523; x_wconf 91' lang='lat' dir='ltr'><strong>cum</strong></span> <span class='ocrx_word' id='word_1_519' title='bbox 1625 1494 1736 1523; x_wconf 90' lang='lat' dir='ltr'><strong>eodem</strong></span> <span class='ocrx_word' id='word_1_520' title='bbox 1760 1494 1905 1533; x_wconf 86' lang='lat' dir='ltr'><strong>prioratu</strong></span> <span class='ocrx_word' id='word_1_521' title='bbox 1929 1495 1967 1523; x_wconf 91' lang='lat' dir='ltr'><strong>de</strong></span> <span class='ocrx_word' id='word_1_522' title='bbox 1991 1493 2121 1523; x_wconf 93' lang='lat' dir='ltr'><strong>Calasco</strong></span> <span class='ocrx_word' id='word_1_523' title='bbox 2153 1493 2289 1523; x_wconf 88' lang='lat' dir='ltr'><strong>contuli-</strong></span> 
     </span>
     <span class='ocr_line' id='line_1_71' title="bbox 1274 1546 2289 1585; baseline 0 -9"><span class='ocrx_word' id='word_1_524' title='bbox 1274 1556 1346 1577; x_wconf 92' lang='lat' dir='ltr'><strong>mus</strong></span> <span class='ocrx_word' id='word_1_525' title='bbox 1369 1547 1499 1576; x_wconf 89' lang='lat' dir='ltr'><strong>ecclesie</strong></span> <span class='ocrx_word' id='word_1_526' title='bbox 1521 1547 1716 1585; x_wconf 87' lang='lat' dir='ltr'><strong>supradicte,</strong></span> <span class='ocrx_word' id='word_1_527' title='bbox 1740 1548 1781 1577; x_wconf 91' lang='lat' dir='ltr'><strong>ab</strong></span> <span class='ocrx_word' id='word_1_528' title='bbox 1804 1547 1872 1585; x_wconf 90' lang='lat' dir='ltr'><strong>ipsa</strong></span> <span class='ocrx_word' id='word_1_529' title='bbox 1896 1556 1969 1576; x_wconf 93' lang='lat' dir='ltr'><strong>cum</strong></span> <span class='ocrx_word' id='word_1_530' title='bbox 1992 1547 2142 1576; x_wconf 86' lang='lat' dir='ltr'><strong>omnibus</strong></span> <span class='ocrx_word' id='word_1_531' title='bbox 2162 1546 2289 1584; x_wconf 84' lang='lat' dir='ltr'><strong>juribus</strong></span> 
     </span>
     <span class='ocr_line' id='line_1_72' title="bbox 1275 1594 2288 1634; baseline -0.001 -9"><span class='ocrx_word' id='word_1_532' title='bbox 1275 1598 1308 1625; x_wconf 90' lang='lat' dir='ltr'><strong>et</strong></span> <span class='ocrx_word' id='word_1_533' title='bbox 1328 1595 1531 1634; x_wconf 86' lang='lat' dir='ltr'><strong>pertinentiis</strong></span> <span class='ocrx_word' id='word_1_534' title='bbox 1551 1596 1615 1625; x_wconf 86' lang='lat' dir='ltr'><strong>suis</strong></span> <span class='ocrx_word' id='word_1_535' title='bbox 1635 1598 1792 1634; x_wconf 89' lang='lat' dir='ltr'><strong>perpetuo</strong></span> <span class='ocrx_word' id='word_1_536' title='bbox 1821 1595 2062 1634; x_wconf 90' lang='lat' dir='ltr'><strong>possidendum.</strong></span> <span class='ocrx_word' id='word_1_537' title='bbox 2084 1595 2189 1632; x_wconf 87' lang='lat' dir='ltr'><strong>Quare</strong></span> <span class='ocrx_word' id='word_1_538' title='bbox 2209 1594 2288 1625; x_wconf 87' lang='lat' dir='ltr'><strong>dicti</strong></span> 
     </span>
     <span class='ocr_line' id='line_1_73' title="bbox 1276 1647 2289 1686; baseline -0.001 -8"><span class='ocrx_word' id='word_1_539' title='bbox 1276 1649 1377 1678; x_wconf 91' lang='lat' dir='ltr'><strong>abbas</strong></span> <span class='ocrx_word' id='word_1_540' title='bbox 1406 1650 1439 1678; x_wconf 91' lang='lat' dir='ltr'><strong>et</strong></span> <span class='ocrx_word' id='word_1_541' title='bbox 1467 1651 1647 1678; x_wconf 91' lang='lat' dir='ltr'><strong>conventus</strong></span> <span class='ocrx_word' id='word_1_542' title='bbox 1675 1648 1768 1678; x_wconf 93' lang='lat' dir='ltr'><strong>nobis</strong></span> <span class='ocrx_word' id='word_1_543' title='bbox 1796 1648 1961 1677; x_wconf 92' lang='lat' dir='ltr'><strong>humiliter</strong></span> <span class='ocrx_word' id='word_1_544' title='bbox 1999 1647 2223 1686; x_wconf 87' lang='lat' dir='ltr'><strong>supplicarunt</strong></span> <span class='ocrx_word' id='word_1_545' title='bbox 2250 1649 2289 1677; x_wconf 90' lang='lat' dir='ltr'><strong>ut</strong></span> 
     </span>
     <span class='ocr_line' id='line_1_74' title="bbox 1276 1693 2289 1740; baseline 0 -10"><span class='ocrx_word' id='word_1_546' title='bbox 1276 1710 1372 1739; x_wconf 91' lang='lat' dir='ltr'><strong>super</strong></span> <span class='ocrx_word' id='word_1_547' title='bbox 1398 1701 1458 1730; x_wconf 90' lang='lat' dir='ltr'><strong>hoc</strong></span> <span class='ocrx_word' id='word_1_548' title='bbox 1485 1701 1717 1740; x_wconf 89' lang='lat' dir='ltr'><strong>indempnitati</strong></span> <span class='ocrx_word' id='word_1_549' title='bbox 1744 1710 1854 1731; x_wconf 88' lang='lat' dir='ltr'><strong>eorum</strong></span> <span class='ocrx_word' id='word_1_550' title='bbox 1882 1710 1995 1730; x_wconf 88' lang='lat' dir='ltr'><strong>cavere</strong></span> <span class='ocrx_word' id='word_1_551' title='bbox 2022 1701 2061 1730; x_wconf 90' lang='lat' dir='ltr'><strong>de</strong></span> <span class='ocrx_word' id='word_1_552' title='bbox 2088 1693 2289 1740; x_wconf 82' lang='lat' dir='ltr'><strong>benignitate</strong></span> 
     </span>
     <span class='ocr_line' id='line_1_75' title="bbox 1275 1753 2289 1793; baseline 0 -10"><span class='ocrx_word' id='word_1_553' title='bbox 1275 1754 1369 1784; x_wconf 88' lang='lat' dir='ltr'><strong>solita</strong></span> <span class='ocrx_word' id='word_1_554' title='bbox 1395 1762 1589 1783; x_wconf 89' lang='lat' dir='ltr'><strong>curaremus.</strong></span> <span class='ocrx_word' id='word_1_555' title='bbox 1616 1754 1682 1783; x_wconf 91' lang='lat' dir='ltr'><strong>Nos</strong></span> <span class='ocrx_word' id='word_1_556' title='bbox 1707 1753 1806 1792; x_wconf 85' lang='lat' dir='ltr'><strong>igitur</strong></span> <span class='ocrx_word' id='word_1_557' title='bbox 1825 1754 2033 1789; x_wconf 89' lang='lat' dir='ltr'><strong>attendentes</strong></span> <span class='ocrx_word' id='word_1_558' title='bbox 2065 1753 2152 1793; x_wconf 80' lang='lat' dir='ltr'><strong>quod</strong></span> <span class='ocrx_word' id='word_1_559' title='bbox 2177 1753 2289 1792; x_wconf 87' lang='lat' dir='ltr'><strong>hujus-</strong></span> 
     </span>
     <span class='ocr_line' id='line_1_76' title="bbox 1275 1806 2290 1845; baseline 0 -9"><span class='ocrx_word' id='word_1_560' title='bbox 1275 1807 1364 1836; x_wconf 91' lang='lat' dir='ltr'><strong>modi</strong></span> <span class='ocrx_word' id='word_1_561' title='bbox 1379 1816 1489 1836; x_wconf 90' lang='lat' dir='ltr'><strong>eorum</strong></span> <span class='ocrx_word' id='word_1_562' title='bbox 1504 1806 1655 1845; x_wconf 88' lang='lat' dir='ltr'><strong>petitioni</strong></span> <span class='ocrx_word' id='word_1_563' title='bbox 1670 1816 1707 1836; x_wconf 93' lang='lat' dir='ltr'><strong>eo</strong></span> <span class='ocrx_word' id='word_1_564' title='bbox 1722 1807 1765 1836; x_wconf 88' lang='lat' dir='ltr'><strong>sit</strong></span> <span class='ocrx_word' id='word_1_565' title='bbox 1779 1815 1797 1836; x_wconf 90' lang='grc'><strong>3</strong></span> <span class='ocrx_word' id='word_1_566' title='bbox 1813 1806 1905 1836; x_wconf 89' lang='grc'><strong>1101115</strong></span> <span class='ocrx_word' id='word_1_567' title='bbox 1920 1806 2130 1836; x_wconf 87' lang='lat' dir='ltr'><strong>favorabilius</strong></span> <span class='ocrx_word' id='word_1_568' title='bbox 2145 1815 2290 1836; x_wconf 89' lang='lat' dir='ltr'><strong>annuen-</strong></span> 
     </span>
     <span class='ocr_line' id='line_1_77' title="bbox 1277 1859 2288 1898; baseline -0.001 -9"><span class='ocrx_word' id='word_1_569' title='bbox 1277 1861 1354 1889; x_wconf 93' lang='lat' dir='ltr'><strong>dum</strong></span> <span class='ocrx_word' id='word_1_570' title='bbox 1378 1862 1412 1889; x_wconf 89' lang='lat' dir='ltr'><strong>et</strong></span> <span class='ocrx_word' id='word_1_571' title='bbox 1434 1859 1577 1898; x_wconf 84' lang='lat' dir='ltr'><strong>ipsorum</strong></span> <span class='ocrx_word' id='word_1_572' title='bbox 1602 1859 1835 1889; x_wconf 90' lang='lat' dir='ltr'><strong>monasterium</strong></span> <span class='ocrx_word' id='word_1_573' title='bbox 1859 1859 2025 1889; x_wconf 90' lang='lat' dir='ltr'><strong>sollicitius</strong></span> <span class='ocrx_word' id='word_1_574' title='bbox 2048 1859 2288 1898; x_wconf 90' lang='lat' dir='ltr'><strong>precavendum</strong></span> 
     </span>
     <span class='ocr_line' id='line_1_78' title="bbox 1276 1912 2286 1951; baseline -0.001 -9"><span class='ocrx_word' id='word_1_575' title='bbox 1276 1912 1451 1951; x_wconf 89' lang='lat' dir='ltr'><strong>dispendiis</strong></span> <span class='ocrx_word' id='word_1_576' title='bbox 1473 1921 1536 1951; x_wconf 91' lang='lat' dir='ltr'><strong>quo</strong></span> <span class='ocrx_word' id='word_1_577' title='bbox 1558 1912 1635 1942; x_wconf 92' lang='lat' dir='ltr'><strong>illud</strong></span> <span class='ocrx_word' id='word_1_578' title='bbox 1657 1912 1826 1951; x_wconf 90' lang='lat' dir='ltr'><strong>specialius</strong></span> <span class='ocrx_word' id='word_1_579' title='bbox 1846 1912 2031 1951; x_wconf 87' lang='lat' dir='ltr'><strong>Apostolice</strong></span> <span class='ocrx_word' id='word_1_580' title='bbox 2053 1912 2126 1942; x_wconf 89' lang='lat' dir='ltr'><strong>Sedi</strong></span> <span class='ocrx_word' id='word_1_581' title='bbox 2164 1912 2286 1946; x_wconf 85' lang='lat' dir='ltr'><strong>subest,</strong></span> 
     </span>
     <span class='ocr_line' id='line_1_79' title="bbox 1274 1964 2288 1999; baseline -0.001 -4"><span class='ocrx_word' id='word_1_582' title='bbox 1274 1966 1441 1995; x_wconf 91' lang='lat' dir='ltr'><strong>ecclesiam</strong></span> <span class='ocrx_word' id='word_1_583' title='bbox 1476 1965 1586 1995; x_wconf 89' lang='lat' dir='ltr'><strong>Sancti</strong></span> <span class='ocrx_word' id='word_1_584' title='bbox 1611 1965 1778 1994; x_wconf 89' lang='lat' dir='ltr'><strong>Laurentii</strong></span> <span class='ocrx_word' id='word_1_585' title='bbox 1805 1965 1844 1994; x_wconf 90' lang='lat' dir='ltr'><strong>de</strong></span> <span class='ocrx_word' id='word_1_586' title='bbox 1870 1965 2009 1999; x_wconf 85' lang='lat' dir='ltr'><strong>Ethone,</strong></span> <span class='ocrx_word' id='word_1_587' title='bbox 2035 1965 2154 1994; x_wconf 91' lang='lat' dir='ltr'><strong>ordinis</strong></span> <span class='ocrx_word' id='word_1_588' title='bbox 2178 1964 2288 1995; x_wconf 87' lang='lat' dir='ltr'><strong>Sancti</strong></span> 
     </span>
     <span class='ocr_line' id='line_1_80' title="bbox 1274 2017 2289 2057; baseline 0 -10"><span class='ocrx_word' id='word_1_589' title='bbox 1274 2018 1458 2057; x_wconf 85' lang='lat' dir='ltr'><strong>Augustini,</strong></span> <span class='ocrx_word' id='word_1_590' title='bbox 1484 2017 1717 2047; x_wconf 77' lang='lat' dir='ltr'><strong>Maum&#39;anensis</strong></span> <span class='ocrx_word' id='word_1_591' title='bbox 1744 2018 1887 2052; x_wconf 90' lang='lat' dir='ltr'><strong>diocesis,</strong></span> <span class='ocrx_word' id='word_1_592' title='bbox 1907 2018 1948 2047; x_wconf 90' lang='lat' dir='ltr'><strong>ad</strong></span> <span class='ocrx_word' id='word_1_593' title='bbox 1972 2018 2155 2047; x_wconf 80' lang='lat' dir='ltr'><strong>Romanam</strong></span> <span class='ocrx_word' id='word_1_594' title='bbox 2180 2017 2289 2047; x_wconf 87' lang='lat' dir='ltr'><strong>Eccle-</strong></span> 
     </span>
     <span class='ocr_line' id='line_1_81' title="bbox 1275 2070 2289 2109; baseline 0 -9"><span class='ocrx_word' id='word_1_595' title='bbox 1275 2071 1356 2100; x_wconf 91' lang='lat' dir='ltr'><strong>siam</strong></span> <span class='ocrx_word' id='word_1_596' title='bbox 1375 2071 1462 2100; x_wconf 93' lang='lat' dir='ltr'><strong>nullo</strong></span> <span class='ocrx_word' id='word_1_597' title='bbox 1480 2071 1597 2105; x_wconf 91' lang='lat' dir='ltr'><strong>medio,</strong></span> <span class='ocrx_word' id='word_1_598' title='bbox 1616 2070 1699 2100; x_wconf 87' lang='lat' dir='ltr'><strong>sicut</strong></span> <span class='ocrx_word' id='word_1_599' title='bbox 1719 2071 1837 2100; x_wconf 89' lang='lat' dir='ltr'><strong>dicitur</strong></span> <span class='ocrx_word' id='word_1_600' title='bbox 1855 2071 2082 2109; x_wconf 85' lang='lat' dir='ltr'><strong>pertinentem,</strong></span> <span class='ocrx_word' id='word_1_601' title='bbox 2101 2070 2133 2100; x_wconf 92' lang='lat' dir='ltr'><strong>in</strong></span> <span class='ocrx_word' id='word_1_602' title='bbox 2152 2079 2216 2109; x_wconf 88' lang='lat' dir='ltr'><strong>qua</strong></span> <span class='ocrx_word' id='word_1_603' title='bbox 2234 2070 2289 2100; x_wconf 90' lang='lat' dir='ltr'><strong>de-</strong></span> 
     </span>
     <span class='ocr_line' id='line_1_82' title="bbox 1275 2122 2289 2162; baseline -0.001 -9"><span class='ocrx_word' id='word_1_604' title='bbox 1275 2124 1351 2153; x_wconf 92' lang='lat' dir='ltr'><strong>bitis</strong></span> <span class='ocrx_word' id='word_1_605' title='bbox 1365 2124 1511 2162; x_wconf 90' lang='lat' dir='ltr'><strong>pluribus</strong></span> <span class='ocrx_word' id='word_1_606' title='bbox 1524 2123 1666 2162; x_wconf 85' lang='lat' dir='ltr'><strong>obligata</strong></span> <span class='ocrx_word' id='word_1_607' title='bbox 1681 2124 1779 2162; x_wconf 89' lang='lat' dir='ltr'><strong>ips&#39;us</strong></span> <span class='ocrx_word' id='word_1_608' title='bbox 1794 2133 1927 2162; x_wconf 88' lang='lat' dir='ltr'><strong>persone</strong></span> <span class='ocrx_word' id='word_1_609' title='bbox 1940 2123 2044 2153; x_wconf 89' lang='lat' dir='ltr'><strong>vitam</strong></span> <span class='ocrx_word' id='word_1_610' title='bbox 2058 2123 2183 2152; x_wconf 88' lang='lat' dir='ltr'><strong>ducunt</strong></span> <span class='ocrx_word' id='word_1_611' title='bbox 2195 2122 2289 2162; x_wconf 89' lang='lat' dir='ltr'><strong>quasi</strong></span> 
     </span>
     <span class='ocr_line' id='line_1_83' title="bbox 1275 2175 2288 2215; baseline -0.001 -9"><span class='ocrx_word' id='word_1_612' title='bbox 1275 2177 1404 2215; x_wconf 89' lang='lat' dir='ltr'><strong>penitus</strong></span> <span class='ocrx_word' id='word_1_613' title='bbox 1426 2176 1627 2210; x_wconf 88' lang='lat' dir='ltr'><strong>dissolutam,</strong></span> <span class='ocrx_word' id='word_1_614' title='bbox 1648 2176 1680 2205; x_wconf 90' lang='lat' dir='ltr'><strong>in</strong></span> <span class='ocrx_word' id='word_1_615' title='bbox 1703 2176 1862 2206; x_wconf 90' lang='lat' dir='ltr'><strong>lubricum</strong></span> <span class='ocrx_word' id='word_1_616' title='bbox 1873 2176 2009 2215; x_wconf 91' lang='lat' dir='ltr'><strong>pedibus</strong></span> <span class='ocrx_word' id='word_1_617' title='bbox 2024 2176 2089 2205; x_wconf 91' lang='lat' dir='ltr'><strong>suis</strong></span> <span class='ocrx_word' id='word_1_618' title='bbox 2102 2176 2197 2210; x_wconf 90' lang='lat' dir='ltr'><strong>datis,</strong></span> <span class='ocrx_word' id='word_1_619' title='bbox 2210 2175 2288 2214; x_wconf 89' lang='lat' dir='ltr'><strong>ipsis</strong></span> 
     </span>
     <span class='ocr_line' id='line_1_84' title="bbox 1274 2228 2288 2268; baseline 0 -10"><span class='ocrx_word' id='word_1_620' title='bbox 1274 2229 1448 2259; x_wconf 88' lang='lat' dir='ltr'><strong>etClusino</strong></span> <span class='ocrx_word' id='word_1_621' title='bbox 1467 2229 1662 2259; x_wconf 91' lang='lat' dir='ltr'><strong>monasterio</strong></span> <span class='ocrx_word' id='word_1_622' title='bbox 1682 2231 1718 2258; x_wconf 88' lang='lat' dir='ltr'><strong>ut</strong></span> <span class='ocrx_word' id='word_1_623' title='bbox 1736 2229 1768 2258; x_wconf 90' lang='lat' dir='ltr'><strong>in</strong></span> <span class='ocrx_word' id='word_1_624' title='bbox 1786 2238 1823 2258; x_wconf 91' lang='lat' dir='ltr'><strong>ea</strong></span> <span class='ocrx_word' id='word_1_625' title='bbox 1842 2238 1975 2268; x_wconf 90' lang='lat' dir='ltr'><strong>persone</strong></span> <span class='ocrx_word' id='word_1_626' title='bbox 1994 2238 2074 2268; x_wconf 89' lang='lat' dir='ltr'><strong>quas</strong></span> <span class='ocrx_word' id='word_1_627' title='bbox 2092 2228 2171 2258; x_wconf 89' lang='lat' dir='ltr'><strong>inibi</strong></span> <span class='ocrx_word' id='word_1_628' title='bbox 2189 2229 2288 2258; x_wconf 90' lang='lat' dir='ltr'><strong>duxe-</strong></span> 
     </span>
     <span class='ocr_line' id='line_1_85' title="bbox 1274 2281 2289 2320; baseline 0 -9"><span class='ocrx_word' id='word_1_629' title='bbox 1274 2285 1351 2312; x_wconf 90' lang='lat' dir='ltr'><strong>runt</strong></span> <span class='ocrx_word' id='word_1_630' title='bbox 1364 2282 1559 2312; x_wconf 90' lang='lat' dir='ltr'><strong>ordinandas</strong></span> <span class='ocrx_word' id='word_1_631' title='bbox 1571 2282 1631 2311; x_wconf 91' lang='lat' dir='ltr'><strong>sub</strong></span> <span class='ocrx_word' id='word_1_632' title='bbox 1644 2282 1787 2320; x_wconf 92' lang='lat' dir='ltr'><strong>ipsorum</strong></span> <span class='ocrx_word' id='word_1_633' title='bbox 1800 2282 1919 2311; x_wconf 91' lang='lat' dir='ltr'><strong>ordinis</strong></span> <span class='ocrx_word' id='word_1_634' title='bbox 1933 2281 2138 2311; x_wconf 89' lang='lat' dir='ltr'><strong>observantia</strong></span> <span class='ocrx_word' id='word_1_635' title='bbox 2148 2289 2289 2311; x_wconf 89' lang='lat' dir='ltr'><strong>commo-</strong></span> 
     </span>
     <span class='ocr_line' id='line_1_86' title="bbox 1275 2334 2289 2373; baseline 0 -9"><span class='ocrx_word' id='word_1_636' title='bbox 1275 2338 1396 2369; x_wconf 88' lang='lat' dir='ltr'><strong>rentur,</strong></span> <span class='ocrx_word' id='word_1_637' title='bbox 1415 2344 1488 2364; x_wconf 91' lang='lat' dir='ltr'><strong>cum</strong></span> <span class='ocrx_word' id='word_1_638' title='bbox 1506 2335 1654 2364; x_wconf 92' lang='lat' dir='ltr'><strong>omnibus</strong></span> <span class='ocrx_word' id='word_1_639' title='bbox 1670 2335 1796 2373; x_wconf 84' lang='lat' dir='ltr'><strong>juribus</strong></span> <span class='ocrx_word' id='word_1_640' title='bbox 1811 2337 1844 2364; x_wconf 90' lang='lat' dir='ltr'><strong>et</strong></span> <span class='ocrx_word' id='word_1_641' title='bbox 1861 2334 2063 2373; x_wconf 87' lang='lat' dir='ltr'><strong>pertinentiis</strong></span> <span class='ocrx_word' id='word_1_642' title='bbox 2079 2334 2145 2364; x_wconf 90' lang='lat' dir='ltr'><strong>suis</strong></span> <span class='ocrx_word' id='word_1_643' title='bbox 2161 2342 2289 2364; x_wconf 86' lang='lat' dir='ltr'><strong>conces-</strong></span> 
     </span>
     <span class='ocr_line' id='line_1_87' title="bbox 1275 2386 2288 2426; baseline -0.002 -9"><span class='ocrx_word' id='word_1_644' title='bbox 1275 2388 1386 2422; x_wconf 89' lang='lat' dir='ltr'><strong>simus,</strong></span> <span class='ocrx_word' id='word_1_645' title='bbox 1408 2388 1449 2417; x_wconf 89' lang='lat' dir='ltr'><strong>ab</strong></span> <span class='ocrx_word' id='word_1_646' title='bbox 1471 2387 1515 2416; x_wconf 89' lang='lat' dir='ltr'><strong>eis</strong></span> <span class='ocrx_word' id='word_1_647' title='bbox 1536 2390 1569 2417; x_wconf 89' lang='lat' dir='ltr'><strong>et</strong></span> <span class='ocrx_word' id='word_1_648' title='bbox 1589 2396 1699 2417; x_wconf 90' lang='lat' dir='ltr'><strong>eorum</strong></span> <span class='ocrx_word' id='word_1_649' title='bbox 1721 2388 1917 2417; x_wconf 87' lang='lat' dir='ltr'><strong>monasterio</strong></span> <span class='ocrx_word' id='word_1_650' title='bbox 1939 2388 2034 2426; x_wconf 91' lang='lat' dir='ltr'><strong>pleno</strong></span> <span class='ocrx_word' id='word_1_651' title='bbox 2053 2387 2123 2426; x_wconf 89' lang='lat' dir='ltr'><strong>jure</strong></span> <span class='ocrx_word' id='word_1_652' title='bbox 2143 2387 2176 2416; x_wconf 93' lang='lat' dir='ltr'><strong>in</strong></span> <span class='ocrx_word' id='word_1_653' title='bbox 2196 2386 2288 2425; x_wconf 88' lang='lat' dir='ltr'><strong>spiri-</strong></span> 
     </span>
     <span class='ocr_line' id='line_1_88' title="bbox 1274 2439 2288 2478; baseline -0.001 -9"><span class='ocrx_word' id='word_1_654' title='bbox 1274 2441 1407 2470; x_wconf 89' lang='lat' dir='ltr'><strong>tualiter</strong></span> <span class='ocrx_word' id='word_1_655' title='bbox 1435 2443 1468 2470; x_wconf 90' lang='lat' dir='ltr'><strong>et</strong></span> <span class='ocrx_word' id='word_1_656' title='bbox 1496 2440 1729 2478; x_wconf 89' lang='lat' dir='ltr'><strong>temporalibus</strong></span> <span class='ocrx_word' id='word_1_657' title='bbox 1758 2443 1914 2478; x_wconf 88' lang='lat' dir='ltr'><strong>perpetuo</strong></span> <span class='ocrx_word' id='word_1_658' title='bbox 1943 2440 2180 2478; x_wconf 87' lang='lat' dir='ltr'><strong>possidendam,</strong></span> <span class='ocrx_word' id='word_1_659' title='bbox 2203 2441 2237 2469; x_wconf 89' lang='lat' dir='ltr'><strong>et</strong></span> <span class='ocrx_word' id='word_1_660' title='bbox 2261 2439 2288 2468; x_wconf 94' lang='lat' dir='ltr'><strong>si</strong></span> 
     </span>
     <span class='ocr_line' id='line_1_89' title="bbox 1276 2491 2288 2532; baseline -0.001 -10"><span class='ocrx_word' id='word_1_661' title='bbox 1276 2493 1479 2532; x_wconf 90' lang='lat' dir='ltr'><strong>proposuerit</strong></span> <span class='ocrx_word' id='word_1_662' title='bbox 1511 2493 1703 2522; x_wconf 89' lang='lat' dir='ltr'><strong>venerabilis</strong></span> <span class='ocrx_word' id='word_1_663' title='bbox 1747 2492 1848 2522; x_wconf 88' lang='lat' dir='ltr'><strong>frater</strong></span> <span class='ocrx_word' id='word_1_664' title='bbox 1880 2495 2021 2527; x_wconf 88' lang='lat' dir='ltr'><strong>noster..‚</strong></span> <span class='ocrx_word' id='word_1_665' title='bbox 2054 2491 2288 2522; x_wconf 88' lang='lat' dir='ltr'><strong>Maurianensis</strong></span> 
     </span>
     <span class='ocr_line' id='line_1_90' title="bbox 1276 2545 2287 2585; baseline -0.001 -10"><span class='ocrx_word' id='word_1_666' title='bbox 1276 2546 1455 2585; x_wconf 88' lang='lat' dir='ltr'><strong>episcopus,</strong></span> <span class='ocrx_word' id='word_1_667' title='bbox 1478 2545 1511 2575; x_wconf 91' lang='lat' dir='ltr'><strong>in</strong></span> <span class='ocrx_word' id='word_1_668' title='bbox 1535 2545 1621 2575; x_wconf 91' lang='lat' dir='ltr'><strong>dicta</strong></span> <span class='ocrx_word' id='word_1_669' title='bbox 1645 2545 1776 2575; x_wconf 88' lang='lat' dir='ltr'><strong>ecclesia</strong></span> <span class='ocrx_word' id='word_1_670' title='bbox 1798 2546 1850 2584; x_wconf 88' lang='lat' dir='ltr'><strong>jus</strong></span> <span class='ocrx_word' id='word_1_671' title='bbox 1868 2545 1999 2584; x_wconf 86' lang='lat' dir='ltr'><strong>aliquod</strong></span> <span class='ocrx_word' id='word_1_672' title='bbox 2023 2554 2055 2575; x_wconf 90' lang='lat' dir='ltr'><strong>se</strong></span> <span class='ocrx_word' id='word_1_673' title='bbox 2078 2545 2205 2579; x_wconf 87' lang='lat' dir='ltr'><strong>habere,</strong></span> <span class='ocrx_word' id='word_1_674' title='bbox 2229 2552 2287 2574; x_wconf 90' lang='lat' dir='ltr'><strong>nos</strong></span> 
     </span>
     <span class='ocr_line' id='line_1_91' title="bbox 1278 2596 2287 2637; baseline -0.002 -9"><span class='ocrx_word' id='word_1_675' title='bbox 1278 2599 1423 2628; x_wconf 88' lang='lat' dir='ltr'><strong>nolentes</strong></span> <span class='ocrx_word' id='word_1_676' title='bbox 1447 2599 1534 2637; x_wconf 90' lang='lat' dir='ltr'><strong>quod</strong></span> <span class='ocrx_word' id='word_1_677' title='bbox 1550 2601 1682 2637; x_wconf 93' lang='lat' dir='ltr'><strong>propter</strong></span> <span class='ocrx_word' id='word_1_678' title='bbox 1697 2598 1757 2628; x_wconf 91' lang='lat' dir='ltr'><strong>hoc</strong></span> <span class='ocrx_word' id='word_1_679' title='bbox 1773 2598 1907 2637; x_wconf 88' lang='lat' dir='ltr'><strong>prefatis</strong></span> <span class='ocrx_word' id='word_1_680' title='bbox 1922 2598 2036 2628; x_wconf 89' lang='lat' dir='ltr'><strong>abbati</strong></span> <span class='ocrx_word' id='word_1_681' title='bbox 2051 2600 2084 2627; x_wconf 89' lang='lat' dir='ltr'><strong>et</strong></span> <span class='ocrx_word' id='word_1_682' title='bbox 2099 2596 2287 2631; x_wconf 84' lang='lat' dir='ltr'><strong>conventui,</strong></span> 
     </span>
     <span class='ocr_line' id='line_1_92' title="bbox 1277 2649 2286 2690; baseline -0.001 -10"><span class='ocrx_word' id='word_1_683' title='bbox 1277 2651 1393 2690; x_wconf 92' lang='lat' dir='ltr'><strong>quovis</strong></span> <span class='ocrx_word' id='word_1_684' title='bbox 1409 2659 1552 2690; x_wconf 89' lang='lat' dir='ltr'><strong>unquam</strong></span> <span class='ocrx_word' id='word_1_685' title='bbox 1567 2653 1723 2690; x_wconf 87' lang='lat' dir='ltr'><strong>tempore,</strong></span> <span class='ocrx_word' id='word_1_686' title='bbox 1739 2660 1835 2689; x_wconf 92' lang='lat' dir='ltr'><strong>super</strong></span> <span class='ocrx_word' id='word_1_687' title='bbox 1849 2651 1962 2681; x_wconf 92' lang='lat' dir='ltr'><strong>eadem</strong></span> <span class='ocrx_word' id='word_1_688' title='bbox 1976 2651 2107 2680; x_wconf 89' lang='lat' dir='ltr'><strong>ecclesia</strong></span> <span class='ocrx_word' id='word_1_689' title='bbox 2123 2650 2161 2680; x_wconf 89' lang='lat' dir='ltr'><strong>de</strong></span> <span class='ocrx_word' id='word_1_690' title='bbox 2176 2649 2286 2680; x_wconf 87' lang='lat' dir='ltr'><strong>Ethou</strong></span> 
     </span>
     <span class='ocr_line' id='line_1_93' title="bbox 1276 2701 2286 2742; baseline -0.001 -9"><span class='ocrx_word' id='word_1_691' title='bbox 1276 2704 1386 2734; x_wconf 88' lang='lat' dir='ltr'><strong>inferri</strong></span> <span class='ocrx_word' id='word_1_692' title='bbox 1404 2704 1551 2733; x_wconf 89' lang='lat' dir='ltr'><strong>molestia</strong></span> <span class='ocrx_word' id='word_1_693' title='bbox 1577 2703 1628 2733; x_wconf 85' lang='lat' dir='ltr'><strong>vel</strong></span> <span class='ocrx_word' id='word_1_694' title='bbox 1655 2704 1832 2742; x_wconf 91' lang='lat' dir='ltr'><strong>questionis</strong></span> <span class='ocrx_word' id='word_1_695' title='bbox 1858 2703 1960 2742; x_wconf 89' lang='lat' dir='ltr'><strong>possit</strong></span> <span class='ocrx_word' id='word_1_696' title='bbox 1985 2703 2120 2733; x_wconf 90' lang='lat' dir='ltr'><strong>materia</strong></span> <span class='ocrx_word' id='word_1_697' title='bbox 2137 2701 2286 2736; x_wconf 85' lang='lat' dir='ltr'><strong>suboriri,</strong></span> 
     </span>
     <span class='ocr_line' id='line_1_94' title="bbox 1277 2755 2286 2795; baseline -0.002 -9"><span class='ocrx_word' id='word_1_698' title='bbox 1277 2757 1381 2786; x_wconf 90' lang='lat' dir='ltr'><strong>eidem</strong></span> <span class='ocrx_word' id='word_1_699' title='bbox 1413 2756 1562 2795; x_wconf 90' lang='lat' dir='ltr'><strong>episcopo</strong></span> <span class='ocrx_word' id='word_1_700' title='bbox 1594 2759 1627 2785; x_wconf 91' lang='lat' dir='ltr'><strong>et</strong></span> <span class='ocrx_word' id='word_1_701' title='bbox 1658 2757 1894 2786; x_wconf 85' lang='lat' dir='ltr'><strong>successoribus</strong></span> <span class='ocrx_word' id='word_1_702' title='bbox 1925 2756 1995 2794; x_wconf 89' lang='lat' dir='ltr'><strong>ejus</strong></span> <span class='ocrx_word' id='word_1_703' title='bbox 2027 2755 2286 2795; x_wconf 86' lang='lat' dir='ltr'><strong>procurationem</strong></span> 
     </span>
     <span class='ocr_line' id='line_1_95' title="bbox 1277 2807 2287 2846; baseline -0.001 -8"><span class='ocrx_word' id='word_1_704' title='bbox 1277 2810 1452 2839; x_wconf 89' lang='lat' dir='ltr'><strong>dumtaxat</strong></span> <span class='ocrx_word' id='word_1_705' title='bbox 1496 2809 1622 2838; x_wconf 89' lang='lat' dir='ltr'><strong>ratione</strong></span> <span class='ocrx_word' id='word_1_706' title='bbox 1658 2809 1854 2839; x_wconf 87' lang='lat' dir='ltr'><strong>visitationis</strong></span> <span class='ocrx_word' id='word_1_707' title='bbox 1892 2809 2036 2838; x_wconf 88' lang='lat' dir='ltr'><strong>debitam</strong></span> <span class='ocrx_word' id='word_1_708' title='bbox 2072 2808 2105 2838; x_wconf 93' lang='lat' dir='ltr'><strong>in</strong></span> <span class='ocrx_word' id='word_1_709' title='bbox 2141 2807 2287 2846; x_wconf 85' lang='lat' dir='ltr'><strong>predicta</strong></span> 
     </span>
     <span class='ocr_line' id='line_1_96' title="bbox 1276 2860 2286 2900; baseline -0.002 -9"><span class='ocrx_word' id='word_1_710' title='bbox 1276 2861 1406 2891; x_wconf 91' lang='lat' dir='ltr'><strong>ecclesia</strong></span> <span class='ocrx_word' id='word_1_711' title='bbox 1424 2862 1463 2891; x_wconf 89' lang='lat' dir='ltr'><strong>de</strong></span> <span class='ocrx_word' id='word_1_712' title='bbox 1478 2861 1607 2891; x_wconf 89' lang='lat' dir='ltr'><strong>Ethone</strong></span> <span class='ocrx_word' id='word_1_713' title='bbox 1621 2862 1772 2891; x_wconf 87' lang='lat' dir='ltr'><strong>duximus</strong></span> <span class='ocrx_word' id='word_1_714' title='bbox 1786 2862 2024 2895; x_wconf 89' lang='lat' dir='ltr'><strong>reservandam,</strong></span> <span class='ocrx_word' id='word_1_715' title='bbox 2036 2861 2083 2891; x_wconf 89' lang='lat' dir='ltr'><strong>ita</strong></span> <span class='ocrx_word' id='word_1_716' title='bbox 2098 2861 2185 2900; x_wconf 92' lang='lat' dir='ltr'><strong>quod</strong></span> <span class='ocrx_word' id='word_1_717' title='bbox 2201 2860 2286 2890; x_wconf 79' lang='lat' dir='ltr'><strong>ultra</strong></span> 
     </span>
     <span class='ocr_line' id='line_1_97' title="bbox 1275 2913 2289 2953; baseline -0.002 -9"><span class='ocrx_word' id='word_1_718' title='bbox 1275 2915 1364 2944; x_wconf 90' lang='grc'><strong>1113111</strong></span> <span class='ocrx_word' id='word_1_719' title='bbox 1381 2914 1413 2944; x_wconf 86' lang='grc'><strong>111</strong></span> <span class='ocrx_word' id='word_1_720' title='bbox 1432 2923 1468 2944; x_wconf 86' lang='grc'><strong>63</strong></span> <span class='ocrx_word' id='word_1_721' title='bbox 1487 2914 1610 2943; x_wconf 91' lang='lat' dir='ltr'><strong>nullum</strong></span> <span class='ocrx_word' id='word_1_722' title='bbox 1628 2914 1689 2944; x_wconf 91' lang='lat' dir='ltr'><strong>sibi</strong></span> <span class='ocrx_word' id='word_1_723' title='bbox 1705 2915 1757 2953; x_wconf 88' lang='lat' dir='ltr'><strong>jus</strong></span> <span class='ocrx_word' id='word_1_724' title='bbox 1774 2914 1904 2953; x_wconf 85' lang='lat' dir='ltr'><strong>penitus</strong></span> <span class='ocrx_word' id='word_1_725' title='bbox 1920 2914 2053 2944; x_wconf 88' lang='lat' dir='ltr'><strong>valeant</strong></span> <span class='ocrx_word' id='word_1_726' title='bbox 2070 2915 2129 2943; x_wconf 90' lang='lat' dir='ltr'><strong>aut</strong></span> <span class='ocrx_word' id='word_1_727' title='bbox 2146 2913 2289 2943; x_wconf 82' lang='lat' dir='ltr'><strong>debeant</strong></span> 
     </span>
    </p>
   </div>
   <div class='ocr_carea' id='block_1_11' title="bbox 2398 0 2477 3512">
    <p class='ocr_par' dir='ltr' id='par_1_12' title="bbox 2398 0 2477 3512">
     <span class='ocr_line' id='line_1_98' title="bbox 2398 0 2477 3512; baseline 0 0"><span class='ocrx_word' id='word_1_728' title='bbox 2398 0 2477 3512; x_wconf 95' lang='lat' dir='ltr'><strong> </strong></span> 
     </span>
    </p>
   </div>
  </div>
 </body>
</html>
