2477 3512
262 304 327 333 5015

262 371 308 401 sic
331 370 435 412 ligati.
469 370 570 403 l'nde.
600 380 670 400 cum
698 370 763 400 sint
792 370 975 411 hujusmodi
1007 372 1172 402 sententie
1198 381 1247 402 re-

262 427 385 460 laxate.
404 426 593 467 supplicasti
614 426 719 461 nobis,
749 430 781 457 ut
808 427 854 457 eis
870 437 968 468 super
988 427 1245 466 irregularitate,

261 492 352 522 quam
381 493 421 513 ex
445 483 502 513 lior
531 485 781 522 contraxerunt,
806 483 978 524 providere
992 484 1249 516 misericorditer

261 548 461 569 curaremus.
481 540 524 568 Do
542 541 594 569 tua
618 539 716 579 igitur
741 539 1033 580 circumspectione
1058 540 1184 581 plenam
1217 542 1247 571 in

262 595 393 625 Domino
405 594 551 625 fiduciam
574 595 773 633 obtinentes,
797 596 834 626 ad
854 597 957 626 instar
972 596 1078 627 felicis
1093 597 1247 629 recorda-

261 652 356 682 tionis
384 652 563 682 lnnocentii
589 662 669 693 pape
696 652 942 693 predecessoris
976 654 1089 690 nostri,
1112 664 1249 694 presen-

259 708 336 738 tium
359 707 622 739 tibiau‹;·toritate
637 708 855 745 concedimus,
870 713 902 739 ut
918 709 977 739 liae
997 709 1066 740 vice
1083 719 1154 740 cum
1170 710 1245 748 illis,

259 764 310 804 qui
327 764 524 805 jurisignari
544 764 1248 803 velinnnemoresfacti,absolutionisbene-
1273 789 1275 804 ,1

259 820 330 851 ficio
352 831 412 851 non
438 821 568 851 obtento
589 824 785 862 receperunt
813 821 972 852 beneficia
997 826 1029 852 ct
1054 822 1184 853 ordines
1211 834 1247 853 a(-
1273 829 1274 832 ’

258 877 367 908 divina
392 876 499 908 officia
529 877 751 910 celebrarunt,
781 877 929 918 injuncta
962 878 1041 919 ipsis
1063 890 1119 920 pro
1153 879 1246 920 culpe
1273 881 1274 884 ’

258 934 351 965 modo
377 934 556 975 penitentia
583 934 782 974 competenti
800 940 832 965 et
853 944 890 965 ea
911 939 1056 975 peracta,
1070 935 1172 966 liceat
1190 934 1245 966 tibi

258 990 297 1021 de
313 990 546 1023 misericordia,
563 1000 623 1030 que
636 990 861 1031 superexaltat
875 990 1011 1031 judicio,
1027 996 1122 1032 prout
1134 1001 1245 1022 eorum

258 1046 357 1078 saluti
376 1046 532 1087 expedire
560 1046 694 1079 videris.
723 1046 927 1088 dispensare.
954 1047 986 1078 Si
1012 1058 1089 1078 vero
1127 1049 1247 1089 prefati

257 1103 527 1134 excommunicati
548 1104 705 1141 scienter,
738 1114 797 1133 non
818 1106 924 1134 tamen
951 1105 981 1134 in
1003 1105 1244 1146 contemptum¹

257 1216 402 1247 ordinum
424 1217 619 1248 executione
633 1217 808 1257 suspensis.
832 1220 864 1247 et
885 1217 1036 1258 imposita
1062 1217 1138 1258 ipsis
1155 1218 1247 1258 poni-

256 1273 361 1304 tentia
388 1272 533 1311 salutari,
557 1282 612 1304 eos
633 1273 848 1313 postmodum,
871 1273 897 1303 si
919 1274 1040 1304 fuerint
1068 1273 1149 1305 bone
1169 1284 1246 1305 con-

255 1330 451 1360 versationis
465 1331 498 1360 et
511 1330 590 1366 vite,
601 1329 640 1359 ad
656 1329 795 1370 gratiani
808 1329 1064 1370 dispensationis
1078 1330 1244 1362 admittas.

255 1386 371 1416 Datum
393 1386 553 1427 Anagnic,
583 1386 655 1416 Vlll
682 1385 839 1417 kalendas
870 1386 1068 1421 novembris,
1095 1397 1177 1418 :inno
1197 1397 1246 1418 se—

256 1442 370 1473 rundo.
394 1457 406 1469 υ

329 1613 426 1640 1646
730 1615 844 1647 liutran,
864 1618 894 1642 13
913 1616 1070 1643 decembre
1095 1619 1169 1644 1256.

289 1704 404 1729 Decano
425 1705 451 1729 et
472 1703 568 1729 abbati
588 1703 622 1729 de
646 1704 798 1736 Lavaticia,
813 1707 841 1730 et
865 1706 970 1731 Sannio
991 1707 1082 1739 Petri,
1101 1709 1243 1735 canonico

254 1751 417 1783 Palentino‚
437 1752 565 1782 mandat.
581 1754 726 1786 quatenus
742 1760 946 1788 quaecumque
963 1755 1041 1782 bona
1057 1756 1093 1782 ad
1111 1765 1242 1784 mensam

253 1798 450 1832 episcopalem
475 1799 685 1833 Legionensem
709 1801 874 1834 spectantia
897 1802 1067 1830 invenerint
1090 1813 1105 1829 a
1126 1804 1243 1839 [Nunio]

253 1846 402 1879 quondam
419 1846 556 1880 episcopo
575 1847 746 1882 Legionensi
768 1847 869 1876 illicite
883 1849 1009 1876 alienata
1030 1851 1074 1877 vel
1091 1852 1242 1885 distracta,

253 1892 289 1918 ad
302 1893 511 1927 proprietatem
535 1895 625 1928 ipsius
638 1903 758 1921 mensae
775 1904 911 1923 revocare
929 1897 1081 1925 studeant.
1098 1900 1180 1927 tRnc.
1198 1901 1241 1933 25,

252 1941 545 1969 a.11{.c.70¹,f.8.‘,

300 2055 313 2070 «
341 2067 359 2072 ..
388 2042 514 2075 decano
538 2050 608 2075 et..
637 2045 753 2077 abbati
778 2045 817 2078 de
841 2047 1024 2082 Lavaticz'a.
1056 2054 1087 2079 et
1112 2048 1241 2080 Sannio

255 2098 347 2129 Petri
374 2099 536 2131 canonico
568 2101 761 2133 l'alentt'no.
785 2103 874 2134 Sicut
903 2115 943 2135 ex
980 2107 1073 2145 parte
1102 2116 1242 2136 venera-

254 2154 325 2185 bilis
344 2155 455 2186 fratris
477 2158 577 2188 nostri
598 2183 618 2188 ..
639 2160 781 2200 episcopi
804 2161 1016 2200 Legionensis
1039 2162 1099 2193 suit
1126 2173 1243 2203 propo-

254 2211 350 2242 situm
371 2222 479 2244 coram
501 2213 602 2252 nobis,
619 2215 870 2252 predecessores
891 2218 940 2248 sui
960 2218 1117 2257 decimas,
1134 2218 1243 2250 reddi-

254 2270 318 2306 tus,
351 2270 506 2308 maneria,
538 2272 762 2312 possessiones
791 2278 823 2304 et
850 2273 986 2314 quedam
1012 2275 1073 2305 alia
1101 2275 1182 2307 bona
1203 2275 1243 2306 ad

255 2334 399 2356 mensam
418 2336 507 2357 suam
525 2329 722 2368 spectantia,
746 2329 830 2360 datis
856 2340 955 2371 super
977 2331 1037 2361 hoc
1065 2332 1184 2363 litteris
1210 2334 1243 2364 et

254 2381 456 2422 interpositis
472 2383 683 2424 jui·ainentiS‚
709 2395 834 2416 necnon
855 2388 886 2418 et
913 2388 1005 2428 penis
1027 2388 1186 2429 adjectis,
1211 2389 1243 2420 in

255 2447 420 2469 enormem
438 2438 595 2470 lesionem
616 2441 716 2482 ipsius
742 2452 853 2473 mense
872 2443 1034 2474 nonnullis
1055 2444 1186 2476 clericis
1210 2448 1243 2476 et

255 2493 358 2532 laicis,
381 2494 538 2535 aliquibus
559 2507 669 2528 eorum
695 2498 734 2529 ad
749 2498 859 2536 vitam,
885 2500 1073 2540 quibusdam
1105 2511 1181 2532 vero
1202 2501 1243 2532 ad

256 2559 317 2580 non
337 2550 493 2582 modicum
516 2554 653 2594 tempus,
670 2556 704 2585 et
724 2555 793 2586 aliis
811 2558 980 2597 perpetuo,
996 2556 1036 2587 ad
1050 2556 1174 2588 firmani
1192 2558 1242 2589 vel

256 2605 313 2636 sub
339 2617 437 2637 censu
463 2618 568 2639 annuo
588 2616 833 2649 concesserunt,
857 2622 990 2653 quorum
1020 2613 1117 2654 aliqui
1144 2624 1243 2655 super

255 2662 316 2692 hiis
344 2662 471 2694 litteras
492 2666 743 2698 confirmationis
761 2668 791 2699 in
813 2668 916 2699 forma
937 2671 1100 2700 communi
1124 2682 1142 2701 a
1159 2671 1242 2702 Sede

255 2718 445 2759 Apostoli‹-a
476 2721 707 2762 impetrarunt;
731 2734 788 2755 nos
821 2724 942 2765 itaque,
966 2726 1067 2767 ipsius
1097 2727 1241 2768 episcopi

256 2774 541 2816 supplicationibus
567 2779 725 2815 inclinati,
752 2780 792 2811 ad
820 2781 924 2812 instar
955 2781 1062 2813 felicis
1090 2783 1241 2814 recorda-

256 2831 352 2861 tionis
373 2832 397 2862 Ι.
417 2843 498 2874 pape
518 2835 758 2874 predecessoris
780 2838 893 2875 nostri,
915 2837 1108 2869 discretioni
1130 2842 1240 2871 vestre

256 2888 454 2924 mandamus,
473 2891 621 2929 quatinus
643 2902 680 2922 ea
700 2903 760 2933 que
781 2893 821 2925 ‹le
836 2893 927 2925 bouis
941 2894 980 2925 ad
1001 2895 1135 2926 eandem
1155 2906 1240 2927 men-

288 2992 306 3013 l⁴
322 2991 366 3013 ns,
387 2999 390 3014 ;
410 2993 580 3016 (lomentum

956 303 981 332 l<
987 302 1039 333 EG
1046 303 1054 332 l
1061 303 1191 333 s'rttEs·
1218 302 1404 334 D'ALEXA
1412 302 1435 332 N
1442 301 1525 332 DRE
1550 302 1594 333 IV

1301 382 1368 402 sam
1395 370 1618 412 spectantibus
1643 381 1700 412 per
1731 372 1960 404 concessiones
1990 373 2172 415 hujusmodi
2203 376 2282 408 alie-

1299 430 1376 458 nata
1390 427 1579 458 inveneritis
1594 427 1709 458 illicite
1729 428 1781 458 vel
1801 428 1973 466 distracta,
1996 439 2058 461 non
2081 430 2285 464 obstantibus

1300 484 1454 525 predictis
1471 483 1678 524 juramentis.
1698 484 1788 525 penis
1805 487 1837 515 et
1855 485 1974 516 litteris
1991 495 2048 517 seu
2065 487 2283 520 confirmatio-

1274 573 1275 580 ,
1299 540 1405 578 nibus,
1424 539 1522 579 adjus
1542 543 1573 570 et
1591 541 1823 581 proprietatem
1838 541 1937 582 ipsius
1959 552 2068 573 mense
2080 543 2281 587 studeamus,

1301 607 1357 637 per
1378 606 1433 626 vos
1456 595 1506 626 vel
1532 606 1587 637 per
1612 597 1704 634 alios,
1728 597 1872 638 legitime
1900 607 2067 629 revocare.
2093 598 2284 632 Contradic—

1301 659 1387 683 tores
1421 655 1484 683 etc.
1523 653 1650 690 Testes,
1683 656 1746 684 etc.
1785 654 1874 689 Quod
1912 655 1938 685 si
1971 665 2031 685 non
2068 665 2179 687 omnes
2217 660 2282 688 etc.

1303 710 1414 739 Datum
1437 710 1601 744 Laterani,
1622 709 1725 740 idibus
1739 709 2026 743 de‹·eml›ris.ann0
2048 712 2201 743 secundo.
2227 726 2241 741 n

1376 836 1471 862 1647
1827 836 1951 870 Anagni,
1968 838 1981 861 5
1999 836 2118 862 octobre
2136 837 2213 863 1256.

1334 916 1485 950 Episcopo,
1500 916 1612 942 decano
1626 921 1655 942 et
1672 916 1800 950 capitulo
1818 917 2048 952 Legionensibus
2069 918 2199 950 mandat,
2216 926 2285 953 qua-

1299 966 1384 990 tenus
1400 964 1554 990 Martinum
1571 964 1723 996 iohannis,
1746 964 1896 997 clericum,
1921 965 1950 991 in
1972 967 2189 999 portionarium
2212 966 2287 993 reci-

1300 1011 1424 1045 pientes,
1445 1011 1521 1038 eide
1540 1012 1673 1045 portione
1689 1012 1842 1046 providere
1866 1015 1969 1039 curent
1992 1013 2020 1039 in
2043 1013 2168 1041 ecclesia
2185 1014 2285 1049 Legio-

1299 1059 1395 1091 nensi,
1413 1059 1440 1084 in
1465 1067 1522 1093 qua
1547 1059 1595 1085 diu
1612 1059 1801 1086 laudabiliter
1827 1060 1935 1086 dicitur
1953 1060 2126 1088 deservisse.
2146 1062 2223 1095 (nze.
2239 1063 2285 1093 25,

1273 1110 1274 1113 ’
1299 1107 1537 1139 a.111,e.702,f.
1557 1109 1593 1137 841

257 1159 394 1190 clavium
431 1160 505 1189 talia
544 1162 823 1201 presumpserunt,
853 1160 899 1190 eis
932 1170 988 1200 per
1017 1160 1176 1191 biennium
1208 1161 1247 1192 ab
1273 1184 1274 1191 Ι

1346 1202 1359 1216 «
1386 1214 1406 1219 ..
1424 1188 1604 1232 episcopo..
1626 1189 1753 1221 decano
1781 1196 1812 1221 et
1836 1189 1985 1233 capitulo
2004 1190 2280 1234 Leqionmsibus.

1299 1243 1479 1276 Credentes
1497 1256 1554 1277 vos
1570 1246 1636 1277 illa.
1647 1265 1688 1268 ——
1700 1246 1939 1287 liat.Anag11ie‚
1960 1247 2002 1278 ΙΙΙ
2016 1258 2116 1279 nonas
2126 1248 2280 1286 octobris,

1299 1311 1382 1332 anno
1403 1302 1556 1333 secundo.
1576 1316 1590 1329 υ

1374 1428 1470 1453 1648
1832 1429 1955 1463 Anagni,
1966 1431 2004 1454 1er
2017 1428 2115 1463 juillet
2134 1430 2209 1455 1256.

1332 1520 1458 1552 Decumo,
1478 1520 1689 1546 archidiacono
1717 1523 1744 1545 et
1766 1520 1876 1545 cantori
1900 1519 2042 1545 ecclesiae
2061 1518 2282 1545 salamantinae

1297 1568 1418 1594 mandat
1432 1571 1578 1602 quatenus
1594 1568 1733 1602 quicquid
1756 1568 1922 1593 invenerint
1943 1570 2054 1593 temere
2074 1569 2280 1601 attemptatum

1297 1616 1326 1642 in
1343 1616 1558 1650 praejudicium
1575 1616 1713 1649 [Martini]
1728 1615 1916 1650 Legionensis
1929 1615 2133 1650 episcopi,iter
2147 1615 2183 1641 ad
2194 1616 2270 1649 Apos

1296 1663 1413 1690 tolicam
1427 1664 1532 1690 Sedem
1559 1664 1706 1695 facientis,
1722 1664 1752 1690 in
1774 1666 1881 1690 statum
1899 1663 2031 1690 debitum
2052 1663 2179 1697 legitime
2196 1670 2280 1689 revo-

1295 1714 1372 1738 cent.
1391 1712 1521 1745 tRscssS,
1543 1721 1567 1738 a,
1592 1712 1636 1744 ΙΙΙ,
1654 1720 1677 1738 c.
1694 1714 1738 1743 Ἡ,
1756 1711 1774 1737 s.
1792 1713 1830 1743 82
1849 1712 2023 1743 ltonrxuzuu,
2041 1715 2058 1737 t.
2078 1711 2124 1742 ΙΙΙ,
2143 1715 2174 1736 n⁰
2189 1710 2261 1743 436.)

1341 1816 1355 1830 «
1389 1828 1409 1833 ..
1437 1801 1591 1834 decano..
1621 1801 1859 1834 archidiacono
1891 1808 1947 1833 pt..
1982 1801 2113 1834 cantori
2145 1800 2280 1834 ecclesie

1292 1858 1543 1891 Salamantine,
1565 1859 1641 1891 Cum
1660 1859 1855 1890 venerabilis
1872 1859 1976 1890 frater
1997 1862 2135 1890 noster..
2153 1859 2280 1900 episco-

1292 1926 1351 1957 pus
1396 1916 1607 1957 Legionensis
1641 1915 1680 1947 ad
1701 1905 1922 1957 Apostolicam
1955 1915 2071 1947 Sedem
2097 1915 2278 1947 accesserit

1293 1982 1349 2014 pro
1370 1973 1436 2003 suis
1456 1975 1488 2004 et
1507 1973 1648 2004 ecclesie
1669 1983 1726 2003 sue
1751 1983 1787 2003 ac
1819 1972 1978 2003 carissimi
2006 1973 2037 2003 in
2065 1971 2192 2004 Christo
2216 1971 2279 2003 filii

1293 2030 1436 2068 nostri..,
1456 2029 1591 2060 illustris
1610 2030 1698 2071 regis
1724 2028 1865 2061 Castelle
1888 2039 1924 2060 ac
1949 2030 2112 2070 Legionis,
2136 2028 2277 2070 negotiis

1292 2086 1531 2128 promovendiS‚
1567 2086 1713 2128 ejusdem
1750 2086 1894 2128 episcopi
1929 2085 2081 2128 precibus
2114 2085 2272 2124 inclinati,

1293 2143 1494 2184 presentium
1530 2143 1620 2174 vobis
1659 2143 1854 2174 auctoritate
1888 2143 2088 2181 mandamus,
2122 2142 2274 2184 quatinus

1293 2200 1443 2240 quicquid
1464 2200 1654 2230 inveneritis
1674 2201 1705 2230 in
1727 2199 1885 2230 dictorum
1905 2200 2048 2241 episcopi
2072 2202 2105 2230 et
2133 2198 2274 2230 ecclesie

1294 2256 1518 2298 prejudicium,
1532 2260 1701 2299 postquam
1718 2257 1758 2288 ad
1771 2256 1906 2288 eandem
1921 2256 2040 2287 Sedem
2060 2254 2273 2287 iterveniendi

1294 2313 1442 2354 arripuit,
1454 2315 1579 2344 temere
1592 2315 1835 2355 attemptatum,
1854 2313 1884 2343 in
1899 2316 2018 2344 statum
2034 2312 2175 2344 debitum
2194 2311 2278 2353 legi-

1295 2371 1371 2401 time
1408 2371 1583 2401 revocetis.
1623 2369 1900 2408 Contradictores,
1941 2370 2004 2400 etc.
2041 2369 2130 2406 Quod
2161 2369 2187 2400 si
2211 2378 2273 2400 non

1294 2437 1404 2458 omnes
1422 2429 1485 2458 etc.
1508 2427 1621 2457 Datum
1644 2427 1802 2468 Anagnie,
1832 2425 1979 2456 kalendis
2002 2426 2086 2467 julii,
2115 2436 2198 2457 anno
2222 2435 2274 2456 se-

1294 2485 1409 2516 cundo.
1430 2499 1443 2511 υ

1369 2620 1465 2645 1649
1821 2618 1935 2647 Latrat),
1951 2620 1982 2644 29
1998 2617 2113 2651 janvier
2130 2618 2206 2642 1257.

1328 2711 1497 2737 Abbatissae
1524 2712 1550 2736 et
1570 2709 1725 2736 conventui
1743 2709 1915 2735 monasterii
1933 2709 2054 2734 Sanctae
2069 2706 2173 2733 Mariae
2192 2705 2276 2732 Vallis

1292 2758 1404 2785 Gloriae
1420 2758 1455 2784 de
1470 2758 1577 2792 Spello,
1593 2757 1705 2784 ordinis
1719 2757 1817 2784 Sancti
1831 2757 1975 2787 Damiani,
1992 2755 2098 2789 quibus
2115 2753 2278 2788 Riartholo-

1291 2806 1403 2840 maeus]
1414 2805 1590 2839 Spoletanus
1606 2805 1773 2839 episcopus,
1783 2805 1818 2831 de
1833 2804 1969 2831 mandato
1983 2802 2110 2837 Gregorii
2126 2802 2161 2828 lx
2175 2809 2276 2836 papae,

1292 2854 1494 2888 possessiones
1515 2861 1589 2888 quac
1608 2853 1729 2879 fuerunt
1744 2853 1895 2887 quondam
1909 2850 2079 2877 monasterii
2102 2849 2198 2875 Sancti
2220 2849 2276 2876 Sil-

1291 2901 1378 2927 vestri
1393 2901 1427 2927 de
1447 2902 1541 2927 Monte
1556 2900 1686 2931 Subasio,
1701 2899 1833 2933 ejusdem
1854 2898 1989 2929 diocesis,
2005 2899 2204 2928 concesserat,
2221 2896 2274 2922 hu-

1288 2947 1420 2982 jusmodi
1443 2947 1666 2974 concessionem
1688 2950 1715 2973 et
1735 2946 1915 2981 emptionem
1939 2944 2102 2971 confirmat.
2139 2945 2204 2970 Ιὶει..
2229 2945 2275 2976 25,

1291 3004 1316 3022 a.
1335 2996 1383 3025 ΙΙΙ,
1401 3003 1425 3021 c.
1444 2998 1486 3027 72,
1503 2995 1521 3021 s.
1540 2997 1582 3027 8';
1606 2995 1741 3021 Porinas]
1775 2994 1876 3022 1569(δῇῚ
