2477 3512
167 296 232 326 780
887 291 1144 326 REGISTRES
1166 290 1501 325 D'ALEXANDRE
1522 291 1570 324 IV

164 402 313 441 episcopo
342 402 392 431 vel
421 401 490 440 ejus
519 400 752 430 successoribus
789 400 962 429 terminum
992 402 1173 438 perempto-

165 456 247 484 rium
268 456 504 493 competentem
524 462 588 492 quo
607 453 817 491 personaliter
835 454 945 482 nostro
972 461 1004 481 se
1024 461 1173 491 conspec-

166 507 213 537 tui
234 509 463 546 representent,
485 515 600 545 penam
622 505 767 536 debitam
786 514 844 544 pro
863 505 985 535 meritis
1002 505 1170 544 recepturi.

166 560 425 591 Contradictores
460 562 521 589 etc.
560 559 631 588 Non
658 559 809 588 obstante
834 558 1065 588 constitutione
1103 567 1171 596 pre-

167 614 263 647 dicta,
276 622 330 642 seu
343 613 369 641 si
380 612 482 641 eidem
495 611 644 650 episcopo
656 620 673 640 a
687 611 773 640 dicta
787 611 865 641 Sede
877 611 1039 640 indultum
1052 611 1172 640 existat

166 666 216 695 vel
238 665 319 695 sorte
341 665 411 703 ipsi,
433 667 490 694 aut
511 665 580 702 ejus
600 664 834 694 successoribus
879 663 1048 702 contigerit
1069 663 1172 692 indul·

166 718 231 757 geri
268 718 354 757 quod
379 717 536 751 interdici,
562 717 713 755 suspendi
738 717 788 746 vel
813 717 1083 746 excommunicari
1109 725 1171 745 non

168 771 301 810 possint,
321 773 379 800 aut
399 771 485 809 quod
506 770 547 799 ad
567 770 759 800 solutionem
788 770 969 808 aliquorum
989 769 1172 799 debitorum

167 824 297 854 minime
330 825 502 853 teneantur
535 823 594 852 nisi
627 832 663 853 ea
696 823 837 861 legitime
869 823 1043 861 probatum
1076 822 1173 851 fuerit

167 877 200 906 in
227 877 402 906 utilitatem
430 876 589 906 dictorum
609 875 750 914 episcopi
768 878 801 904 et
820 875 948 905 ecclesie
967 876 1172 908 redundasse,

168 939 224 968 per
245 930 369 959 litteras
391 920 584 967 apostolicas
607 938 668 967 que
692 929 730 958 de
752 928 878 958 indulto
902 928 1087 966 huJusmodi
1110 928 1174 966 ple-

168 992 243 1013 nam
261 985 295 1012 et
313 991 495 1021 expressam
514 991 551 1011 ac
570 982 609 1011 de
627 982 726 1011 verbo
745 982 786 1011 ad
805 982 940 1010 verbum
959 990 1022 1010 non
1042 980 1175 1010 fecerint

167 1035 375 1069 mentionem,
406 1044 461 1064 seu
493 1035 637 1073 qualibet
668 1034 867 1072 indulgentia
911 1043 965 1064 seu
1011 1033 1126 1063 litteris
1156 1042 1174 1062 a

168 1088 249 1119 Sede
263 1088 445 1127 impetratis
461 1088 572 1118 eadem
590 1088 628 1117 de
645 1096 783 1126 quarum
799 1089 870 1116 toto
888 1089 997 1116 tenore
1018 1088 1057 1116 de
1076 1086 1175 1116 verbo

167 1142 209 1172 ad
237 1142 374 1171 verbum
402 1142 552 1179 oporteat
579 1140 610 1169 in
639 1140 841 1178 presentibus
869 1140 939 1169 fieri
967 1140 1174 1173 mentionem,

166 1197 201 1224 et
221 1203 277 1233 per
298 1203 378 1232 quas
399 1194 484 1223 idem
506 1193 674 1231 episcopus
696 1193 746 1222 vel
767 1202 964 1222 successores
990 1193 1059 1231 ejus
1081 1202 1176 1231 super

166 1247 227 1278 hiis
245 1247 277 1276 in
297 1247 404 1285 aliquo
423 1246 554 1275 valeant
573 1255 605 1275 se
640 1245 732 1275 tueri.
764 1246 840 1275 Dat.
871 1246 1017 1280 Viterbii,
1049 1246 1080 1275 X
1111 1245 1174 1275 kal.

166 1300 360 1333 novembris,
391 1308 476 1329 anno
508 1299 613 1328 tertio.
646 1310 658 1325 ›>

247 1483 338 1510 2502
624 1483 762 1514 Viterbe,
775 1482 809 1509 21
824 1483 993 1509 novembre
1006 1483 1091 1510 1257.

208 1531 375 1558 Nobilibus
393 1531 468 1557 viris
487 1531 664 1563 Zachariae,
683 1531 812 1558 Nicolao
826 1533 857 1557 et
873 1531 997 1563 Bibulo,
1014 1531 1174 1563 fratribus,

167 1572 288 1598 civibus
321 1571 579 1603 Brudinensibus,
601 1571 708 1598 omnia
729 1571 812 1597 bona
833 1571 963 1604 Ayroldi
986 1572 1024 1598 de
1046 1572 1175 1605 Ripalta

167 1613 199 1638 et
219 1612 348 1638 domum
367 1618 447 1645 quae
467 1611 583 1638 dicitur
602 1611 774 1644 Margariti,
793 1611 825 1638 in
843 1611 1021 1638 Brundusio
1041 1611 1175 1638 existen—

168 1653 243 1683 tem,
269 1651 309 1677 ad
335 1651 517 1677 domanium
543 1651 646 1677 curiae
672 1652 877 1684 spectantem,
897 1651 1049 1678 concedit.
1077 1651 1173 1684 (REG.

167 1691 216 1723 25,
238 1690 258 1718 f.
284 1691 339 1717 129
360 1694 407 1722 v⁰‚
430 1698 478 1717 an.
506 1690 556 1722 IV,
569 1698 592 1717 c.
611 1690 668 1722 823
692 1690 1016 1722 RonENm-:no‚t.111
1035 1693 1074 1717 n0
1092 1690 1174 1723 469.)

209 1788 221 1803 α
238 1776 408 1806 Nobilibus
426 1776 502 1806 viris
520 1776 680 1811 zacharie,
699 1777 733 1806 N
736 1777 830 1806 icolao
842 1776 1000 1811 etBibqu,
1014 1777 1174 1815 fratribuS,

166 1829 250 1858 natis
268 1830 423 1868 quondam
443 1829 545 1867 Serqii
564 1829 600 1858 de
617 1829 743 1863 Bibulo,
764 1830 883 1859 civibus
901 1830 1174 1859 Brudunensibus.

168 1882 341 1911 Consuevit
363 1882 459 1912 Sedes
481 1882 718 1920 Apostolica—.
739 1882 892 1912 Gerentes
910 1883 1008 1921 igitur
1025 1891 1098 1921 erga
1117 1892 1175 1913 vos

167 1937 300 1973 paterne
316 1935 544 1973 compassionis
559 1935 690 1970 viscera,
707 1945 844 1974 quorum
859 1938 952 1974 pater
964 1945 1021 1974 pro
1034 1936 1176 1974 puritate

168 1987 245 2017 fidei
263 1990 296 2017 et
315 1988 456 2018 Ecclesia
478 1989 624 2018 Romana
643 1988 802 2018 fidelitate
821 1989 979 2018 servanda
993 1992 1096 2019 morte
1109 1992 1176 2018 tur-

168 2040 298 2079 pissima
319 2041 430 2070 extitit
450 2041 717 2079 condempnatus,
738 2044 771 2070 et
791 2042 846 2080 qui
866 2042 898 2071 in
912 2042 1003 2071 bonis
1018 2042 1094 2071 estis
1107 2042 1176 2080 plu-

169 2094 249 2123 rima
273 2094 414 2132 dampna
439 2093 589 2132 perpessi,
613 2103 650 2124 ac
672 2094 818 2124 volentes
840 2104 899 2124 vos
921 2104 961 2124 ex
984 2095 1043 2124 hoc
1066 2095 1176 2126 favore

170 2146 319 2185 prosequi
336 2146 438 2185 gratie
457 2147 613 2185 specialis,
633 2147 740 2176 omnia
759 2147 844 2177 bona
863 2148 993 2177 mobilia
1014 2151 1046 2177 et
1064 2148 1177 2177 immo-

171 2199 244 2229 bilia
269 2199 402 2237 Ayroldi
428 2200 466 2229 de
492 2199 634 2238 Ripalta,
660 2200 759 2238 ipsius
784 2200 924 2230 Ecclesie
947 2200 1096 2235 infidelis,
1123 2201 1177 2240 qui

170 2252 336 2281 civitatem
368 2252 564 2282 Brundusini
598 2253 740 2291 prodidit
772 2253 804 2282 in
838 2253 987 2283 manibus
1019 2254 1178 2283 Manfredi

171 2306 334 2343 quondam
348 2305 499 2343 principis
512 2305 688 2339 Tarentini,
705 2309 738 2334 et
752 2306 874 2335 dictum
892 2309 1017 2344 patrem
1034 2310 1177 2337 vestrum

171 2360 203 2387 et
219 2358 298 2387 alios
315 2359 432 2396 probos
449 2358 534 2387 viros
551 2358 650 2396 ipsius
667 2359 810 2388 civitatis
826 2359 965 2388 interfici
982 2361 1177 2398 procuravit,

172 2419 294 2440 necnon
326 2411 457 2440 domum
489 2420 550 2449 quc
581 2411 699 2440 dicitur
739 2412 905 2450 Margariti
935 2412 966 2442 in
996 2413 1178 2443 Brundusio

171 2463 374 2497 existentem,
403 2473 474 2492 cum
502 2464 650 2494 omnibus
675 2464 801 2502 juribus
827 2467 859 2493 et
886 2465 1088 2503 pertinentiis
1114 2467 1179 2496 suis

171 2516 213 2545 ad
236 2516 423 2545 domanium
445 2517 529 2545 curie
551 2519 762 2555 spectantem,
786 2517 878 2546 vobis
900 2519 1078 2557 vestrisque
1092 2521 1179 2550 here—

172 2569 266 2598 dibus
299 2569 331 2598 in
366 2572 557 2607 perpetuum
592 2570 795 2600 concedimus
830 2571 868 2600 de
902 2572 1004 2609 gratia
1039 2573 1178 2611 speciali.

172 2622 259 2651 Nulli
285 2624 392 2651 nostre
418 2622 627 2651 concessionis
653 2625 713 2652 etc.
752 2623 818 2652 Dat
855 2624 1000 2658 Viterbii,
1028 2625 1076 2654 XI
1115 2627 1177 2656 kal.

174 2675 359 2708 decembris,
393 2684 478 2704 anno
510 2675 616 2704 tertio.
651 2687 663 2702 »

254 2871 344 2896 2503
736 2873 873 2905 Viterbe,
886 2874 903 2900 9
914 2874 993 2900 avril
1010 2874 1095 2901 1258.

217 2918 426 2946 Donationem
448 2920 593 2947 ecclesiae
615 2921 643 2949 S.
665 2921 783 2953 Beraci,
805 2929 885 2955 quae
906 2921 1053 2956 Kelberig
1074 2924 1178 2957 appel-

176 2958 268 2990 latur,
295 2959 465 2985 Mindensis
490 2960 630 2992 diocesis,
656 2961 696 2987 ab
723 2961 954 2995 archiepiscopo
980 2962 1177 2989 Armachano

176 2997 286 3025 abbati
303 3000 334 3025 et
352 3000 521 3026 conventui
538 3001 719 3027 monasterii
737 3000 765 3027 S.
785 3001 901 3027 Mariae
919 3002 956 3028 de
974 3002 1078 3028 Gloria
1095 3003 1178 3029 Ana-

1282 401 1379 435 gnini,
1409 401 1654 435 reparandarum
1682 401 1833 429 domuum
1863 409 1956 429 causa
1977 404 2095 431 iactam
2116 404 2284 432 confirmat

1279 450 1291 464 «
1316 443 1475 468 reservata
1499 443 1606 468 tamen
1631 444 1783 475 perpetuo
1807 442 1924 469 vicario
1950 443 2142 470 deservitura
2166 443 2283 471 ibidem

1280 480 1318 507 de
1339 481 1436 514 ipsius
1458 481 1663 515 proventibus
1684 487 1821 515 congrua
1842 482 1985 516 portione
2006 483 2044 510 de
2065 489 2129 517 qua
2150 488 2285 518 congrue

1280 521 1449 547 sustentari
1468 521 1572 546 valeat
1589 522 1621 547 et
1639 521 1827 555 episcopalia
1843 521 1915 555 jura
1939 524 1971 548 et
1997 522 2059 549 alia
2076 523 2172 550 etiam
2189 529 2284 551 onera

1280 562 1465 632 {171122p313tare
1478 571 1499 587 ιι.
1522 560 1617 592 (REG.
1642 560 1690 592 25,
1709 561 1729 588 f.
1752 560 1819 592 130,
1840 568 1888 588 an.
1906 561 1959 594 IV,
1978 569 2002 589 c.
2021 562 2078 594 83;
2099 562 2281 591 ΡοττΗΑετ.

1321 693 1376 715 «..,
1404 680 1509 711 abbati
1536 683 1562 710 et
1588 682 1749 711 conventui
1775 683 1954 712 monasterii
1982 683 2092 713 Sancte
2117 683 2224 713 Marie
2249 683 2286 713 de

1285 734 1389 765 Gloria
1416 734 1594 773 Anaqnini,
1621 734 1780 764 Florensis
1805 734 1935 765 ordinis.
1962 735 2160 766 Venerabilis
2185 735 2286 768 irater

1280 790 1388 817 noster
1407 805 1456 816 —.
1479 787 1555 817 Dat.
1576 788 1722 822 Viterbii,
1743 788 1770 818 V
1790 788 1862 818 idus
1881 788 2000 827 aprilis,
2021 797 2106 819 anno
2125 791 2252 828 quarto.
2273 800 2286 816 ι

1361 971 1452 998 2504
1844 971 1982 1003 Viterbe,
1994 972 2012 998 9
2023 972 2102 998 avril
2118 971 2204 1000 1258.

1323 1020 1563 1054 Archiepiscopo
1589 1022 1619 1046 et
1645 1020 1864 1047 archidiacono
1889 1020 2130 1048 Cassellensibus
2155 1020 2287 1047 mandat

1283 1062 1319 1087 ut
1340 1060 1498 1094 praefatos
1519 1060 1667 1086 abbatem
1688 1062 1719 1086 et
1740 1062 1931 1086 conventum
1951 1061 1983 1087 in
2004 1060 2107 1087 dictae
2128 1060 2156 1087 S.
2178 1059 2288 1087 Beraci

1283 1100 1429 1127 ecclesiae
1459 1100 1651 1134 corporalem
1681 1101 1906 1133 possessionem
1936 1100 2098 1132 inducant,
2128 1095 2287 1131 invocato,

1283 1141 1308 1166 si
1336 1147 1458 1166 neeesse
1485 1140 1590 1171 fuerit,
1619 1140 1738 1166 brachii
1765 1140 1930 1166 saecularis
1957 1140 2083 1167 auxilio.
2120 1140 2216 1173 (Bi-zo.
2237 1138 2287 1171 25,

1283 1180 1303 1206 f.
1329 1180 1406 1212 130„
1428 1187 1476 1206 an.
1503 1179 1554 1211 IV,
1576 1187 1600 1206 e.
1624 1179 1680 1211 83;
1715 1179 1896 1206 Po‘rTHAS‘r.
1921 1179 2042 1212 17229.)

1324 1273 1380 1295 «..,
1405 1261 1634 1299 archiepiscopo
1670 1262 1696 1290 et
1720 1260 1934 1290 archidiacono
1959 1260 2213 1295 Cassellensibus,
2238 1269 2288 1291 ca-

1282 1313 1405 1353 pellano
1416 1314 1528 1343 nostro.
1537 1313 1734 1343 Venerabilis
1742 1313 1842 1343 frater
1854 1316 2017 1343 noster—.
2028 1314 2104 1343 Dat.
2117 1316 2154 1343 ut
2165 1322 2288 1353 supra.»

1362 1498 1452 1523 2505
1816 1497 1954 1528 Viterbe,
1968 1496 2004 1522 10
2016 1496 2094 1522 avril
2120 1495 2205 1523 1258.

1325 1546 1478 1578 Generali‚
1493 1546 1587 1580 priori
1603 1547 1634 1572 et
1649 1546 1799 1572 fratribus
1814 1545 1974 1572 heremitis
1989 1545 2106 1571 ordinis
2122 1544 2150 1572 S.
2167 1544 2288 1578 Augus-

1282 1586 1352 1617 tini,
1385 1586 1425 1612 ad
1453 1593 1575 1620 precem
1600 1582 1784 1622 B[iccardi]‚
1804 1582 1833 1612 S.
1847 1585 1958 1618 Angeli
1972 1585 2095 1611 diaconi
2110 1583 2288 1616 cardinalis,

1283 1626 1424 1660 ejusdem
1453 1625 1570 1652 ordinis
1598 1626 1734 1659 patroni,
1763 1625 1988 1652 monasterium
2017 1624 2045 1651 S.
2074 1623 2290 1651 Bartholomei

1284 1666 1321 1693 de
1339 1666 1498 1699 Gestinga,
1523 1665 1641 1692 ordinis
1665 1665 1693 1692 S.
1719 1665 1892 1697 Benedicti,
1917 1664 2124 1691 Grossetanae
2147 1663 2289 1696 diocesis,

1284 1706 1323 1732 ad
1346 1706 1524 1732 Romanam
1546 1705 1717 1731 Ecclesiam
1739 1705 1824 1731 nullo
1845 1704 2005 1738 pertinens
2026 1703 2194 1735 mediante,
2217 1710 2288 1730 cum

1283 1745 1428 1772 omnibus
1452 1745 1584 1778 mribus,
1610 1744 1855 1778 possessionibus
1880 1745 1911 1771 et
1936 1743 2133 1778 pertinentiis
2157 1742 2286 1770 confert.

1283 1785 1379 1819 (Hm.
1405 1785 1453 1817 25,
1477 1785 1497 1811 f.
1525 1784 1591 1816 130,
1616 1792 1664 1811 an.
1693 1784 1745 1816 IV,
1770 1792 1794 1811 c.
1820 1784 1896 1817 84³.)

1325 1878 1336 1893 a
1351 1889 1380 1901 ..,
1397 1865 1542 1905 yenerali,
1557 1866 1657 1904 priori
1673 1867 1698 1894 ei
1712 1865 1862 1904 fratribus
1876 1865 2031 1895 heremitis
2046 1864 2165 1895 ordinis
2181 1863 2288 1895 Sancti

1282 1919 1467 1958 Auyuslini.
1491 1919 1540 1950 Sic
1561 1919 1639 1948 ordo
1659 1921 1766 1948 vester
1786 1936 1836 1947 —.
1859 1919 1935 1948 Dat.
1958 1918 2103 1952 Viterbii,
2128 1917 2196 1948 1111
2216 1917 2290 1947 idus

1283 1973 1422 2012 augusti,
1453 1981 1537 2002 anno
1568 1974 1694 2011 quarto.
1725 1982 1738 1999 n

1364 2156 1454 2181 2506
1831 2155 1968 2187 Viterbe,
1982 2154 2019 2181 10
2030 2154 2109 2181 avril
2121 2153 2206 2181 1258.

1327 2205 1491 2231 Praedicta
1503 2204 1666 2236 Riccardo,
1680 2204 1707 2231 S.
1721 2204 1832 2237 Angeli
1842 2204 1974 2231 diacono
1985 2202 2147 2234 cardinali,
2157 2202 2290 2229 mandat

1287 2246 1322 2271 ut
1345 2245 1470 2271 eosdem
1494 2244 1678 2278 generalem,
1703 2244 1837 2278 priorem
1861 2246 1893 2270 et
1916 2243 2028 2270 fratres
2049 2242 2219 2269 heremitas
2242 2248 2290 2268 or-

1285 2285 1366 2310 dinis
1393 2283 1421 2310 S.
1448 2284 1628 2317 Augustini,
1648 2284 1680 2310 in
1696 2283 1831 2317 praefati
1856 2283 2038 2310 monasterii
2064 2281 2289 2316 possessionem

1285 2324 1415 2350 inducat
1439 2333 1449 2347 (ι
1472 2325 1578 2350 amoto
1601 2323 1640 2349 ab
1663 2323 1772 2349 eodem
1795 2323 1984 2349 monasterio
2005 2322 2201 2355 Berengario,
2224 2327 2290 2348 mo-

1286 2364 1386 2390 nacho
1399 2363 1506 2390 Sancti
1516 2363 1649 2394 Antimi,
1661 2363 1715 2396 qui
1724 2363 1801 2389 illud
1814 2363 1952 2389 detinere
1964 2362 2079 2388 dicitur
2089 2361 2289 2395 occupatum,

1287 2405 1318 2430 et
1339 2403 1480 2437 qualibet
1501 2403 1562 2429 alio
1584 2403 1746 2429 detentore
1767 2413 1787 2434 n,
1817 2403 1974 2434 invocato,
1996 2402 2022 2428 si
2041 2408 2164 2428 necesse
2183 2400 2289 2433 fuerit,

1288 2443 1407 2469 brachii
1423 2442 1568 2469 secularis
1586 2443 1713 2469 auxilio.
1745 2442 1840 2475 (Bm.
1860 2442 1908 2474 25,
1926 2442 1946 2468 f.
1967 2442 2033 2473 130,
2051 2448 2100 2468 an.
2121 2440 2174 2472 IV,
2192 2448 2216 2467 c.
2234 2436 2290 2467 84*-

1287 2483 1470 2509 POTTHAST.
1502 2481 1622 2515 17232.)

1327 2573 1339 2587 «ι
1359 2560 1409 2595 R„
1434 2560 1540 2590 Sancti
1561 2560 1676 2598 Anyeli
1709 2561 1837 2590 diacono
1870 2560 2033 2590 cardinali.
2057 2559 2107 2589 Sic
2128 2558 2206 2589 ordo
2225 2555 2290 2587 fra-

1285 2616 1372 2643 trum
1397 2631 1446 2642 —.
1472 2613 1548 2643 Dat.
1574 2616 1610 2642 ut
1635 2622 1741 2652 supra.
1767 2625 1779 2640 »

1365 2809 1455 2835 2507
1848 2809 1985 2841 Viterbe,
1998 2809 2014 2835 ἶ)
2026 2809 2104 2836 avril
2121 2808 2206 2836 1258.

1326 2857 1562 2885 Concessionem
1579 2858 1724 2891 grangiae
1749 2858 1786 2884 de
1802 2857 1935 2884 Pruneio
1948 2864 2044 2892 prope
2061 2857 2091 2885 S.
2111 2857 2290 2885 Johannem

1286 2898 1323 2924 de
1349 2897 1530 2929 Bonavalle,
1557 2897 1716 2924 Trecensis
1743 2898 1883 2929 diocesis,
1911 2897 2077 2924 Guillelmo
2104 2897 2225 2925 Nicolai
2251 2897 2290 2924 de

1285 2937 1398 2969 Trecis,
1416 2937 1534 2968 clerico,
1557 2945 1575 2964 a
1590 2937 1756 2969 willelmo,
1776 2937 1891 2964 abbate
1919 2936 2138 2964 monasteriis.
2156 2937 2242 2964 Petri
2250 2937 2289 2965 de

1287 2977 1370 3004 Cella
1393 2977 1552 3003 Trecensis
1575 2977 1693 3003 factam
1718 2977 1895 3008 confirmat,
1919 2977 2060 3010 eJusdem
2084 2976 2290 3004 concessionis

1286 3019 1426 3043 tenorem
1446 3017 1591 3043 inserens.
1612 3016 1707 3049 (Rea.
1729 3016 1776 3048 25,
1795 3017 1815 3043 f.
1838 3016 1904 3048 130,
1924 3024 1973 3043 an.
1997 3016 2049 3049 lv,
2068 3024 2092 3043 c.
2113 3016 2174 3049 85.)
