2477 3512
295 281 359 311 538

295 351 328 380 ut
345 349 552 390 petitionibus
571 349 687 379 vestris
706 354 857 389 quantum
879 359 950 380 cum
967 350 1032 380 Deo
1045 360 1216 391 possumus
1235 351 1281 382 fa-

295 416 404 435 vorem
424 405 603 435 benivolum
625 405 865 444 lai·j.:·ia1m1r,ea
879 406 967 436 vobis
986 406 1194 438 concedendo
1207 418 1281 449 pre-

295 462 395 502 cipue,
417 470 478 500 que
501 471 557 490 vos
579 464 611 492 et
625 461 798 492 vectes-iani
821 462 923 503 ipsum
945 468 1080 503 possunt
1095 473 1112 494 a
1133 464 1282 496 vexatio-

293 518 381 547 niset
404 517 546 547 scandali
565 518 698 548 materia
717 528 910 559 preservxwe
948 519 1026 548 uine
1045 521 1095 550 est
1115 519 1279 560 quodnos,

293 574 410 604 vestris
430 574 558 604 devotis
585 574 872 615 supplicationibus
902 575 1060 614 inclinati,
1081 577 1281 608 auctoritate

292 629 380 660 vobis
413 630 610 671 presentium
640 630 856 671 indulgemus,
889 630 969 671 quod
997 630 1035 662 ad
1061 633 1278 674 receptionem

290 685 341 717 vel
362 686 577 727 provisionem
593 687 728 728 alicujus
742 698 801 716 uon
815 687 945 727 possitis
967 688 1128 729 compelli,
1147 699 1206 720 nec
1220 690 1279 720 ali-

295 743 365 783 quis
399 743 544 783 cuiquam
576 744 675 784 possit
711 744 750 773 de
781 744 1008 784 personatibus
1032 745 1083 775 vel
1106 746 1278 786 prebendis

290 809 345 830 seu
361 799 673 830 aliiseos-lesiasuvis
684 800 847 830 beneficiis
860 800 900 831 ad
915 805 1059 832 vestram
1071 802 1276 833 collationem

289 858 342 887 aut
365 856 637 897 presentationem
672 856 894 897 spectantibus
916 856 1087 898 providero
1110 869 1166 899 per
1192 858 1278 889 litte-

288 923 340 943 ras
363 912 453 943 Sedis
475 913 659 953 Apostolice
685 913 735 943 vel
751 914 933 953 legatorum
955 915 1053 955 ipsius
1071 915 1275 956 impetratas,

287 980 345 1010 per
369 980 447 1009 quas
470 969 523 1009 jus
545 969 638 999 alicui
664 980 726 1000 non
750 970 847 1001 fuerit
868 971 1075 1010 actpiisitum.
1099 982 1157 1001 seu
1178 973 1275 1003 etiam

285 1025 519 1066 impetrandas,
540 1025 794 1065 nisiliujusmodi
823 1026 935 1056 littere
966 1027 1146 1067 apostolice
1174 1028 1275 1069 impe-

286 1082 401 1113 trande
423 1082 547 1122 plenam
567 1086 596 1111 et
622 1092 814 1123 expressum
832 1083 871 1113 de
893 1083 1167 1123 lim-indulgentia
1184 1085 1274 1115 sece-

286 1139 347 1169 rint
380 1140 587 1170 mentiouen‘i.

285 1195 345 1233 nis,
377 1196 597 1236 suspensionis
632 1200 664 1226 et
697 1196 860 1227 interdicti
897 1199 1092 1236 sententias,
1131 1199 1156 1228 si
1195 1209 1274 1239 quas

285 1252 457 1291 contigerit
481 1257 594 1282 contra
616 1253 713 1293 ipsius
732 1253 932 1293 indulgentie
954 1259 1100 1285 tenorem
1119 1254 1272 1296 proferri,

283 1307 486 1338 decernimus
507 1309 617 1339 irritas
639 1310 671 1339 et
692 1309 816 1340 inanes.
842 1310 925 1340 Nulli
946 1309 1038 1341 feta*
1060 1314 1173 1342 nostre
1195 1322 1272 1342 con-

282 1364 451 1402 cessionis,
475 1366 507 1395 et
521 1365 761 1396 constitutionis
782 1367 846 1397 etc.
866 1367 981 1397 Datum
1004 1367 1172 1405 Laterani,
1194 1367 1271 1397 VIII

282 1420 439 1452 kalendas
462 1421 579 1459 martii,
607 1432 688 1452 anno
710 1424 819 1454 tertio.
842 1437 856 1450 υ

358 1540 449 1567 1751
836 1542 950 1574 Latmo,
968 1541 1107 1575 sijanvier
1125 1543 1199 1567 1257.

316 1617 409 1643 Priori
433 1620 461 1643 et
483 1617 620 1651 praelatis
640 1618 705 1644 aliis
732 1618 846 1643 ordinis
869 1617 1102 1643 Camaldulensis
1126 1617 1270 1652 indulget,

280 1669 310 1691 ut
329 1673 388 1691 non
413 1668 571 1691 teneantur
587 1665 765 1699 respondere
781 1673 832 1699 per
844 1664 954 1692 litteras
974 1666 1153 1699 apostolicas
1168 1668 1271 1691 contra

279 1713 421 1746 quosdam
439 1713 544 1739 fratres
560 1713 628 1739 dicti
641 1713 941 1747 ordinisimpetratas,
954 1721 1028 1746 quae
1040 1713 1075 1739 de
1087 1713 1191 1740 ordine
1208 1714 1270 1748 ipso

279 1768 448 1794 expressam
465 1768 523 1786 non
543 1761 668 1786 fecerint
684 1760 876 1787 mentionem.
895 1761 972 1786 (Rue.
990 1763 1035 1792 233,
1053 1769 1078 1786 a.
1097 1758 1186 1793 ΙΙΙ,’(·,.
1209 1762 1267 1793 155,

279 1808 298 1833 s.
318 1809 379 1839 mv,
398 1808 538 1834 ΡοττιιΛςτ
557 1808 662 1839 16665.)

324 1888 337 1901 «
369 1901 388 1906 ..
410 1874 519 1917 priori
543 1881 573 1907 el
594 1875 735 1918 prelatis
765 1874 842 1906 aliis
871 1874 999 1906 ordinis
1025 1874 1269 1907 Camaldzcleu-

276 1930 332 1962 sis.
357 1931 542 1967 Cum,si‹*ut
564 1933 724 1971 asse-ritis,
747 1933 857 1973 gravis
883 1933 976 1963 nimis
991 1933 1164 1971 existeret,
1187 1932 1269 1973 quod

277 1998 349 2026 vos,
372 1998 428 2030 pro
450 1988 592 2029 qualibet
610 1988 730 2019 ordinis
747 1989 849 2020 vestri
866 1989 971 2028 domo,
995 1989 1172 2030 specialem
1194 1998 1268 2030 pro-

277 2046 460 2076 curatorem
474 2045 556 2086 apud
574 2045 689 2076 Sedem
701 2045 920 2086 Apostolicam
932 2044 1110 2083 haberetis,
1129 2048 1163 2076 et
1173 2056 1266 2085 nnus,

277 2101 303 2131 si
330 2102 586 2132 constitueretur
621 2112 677 2142 pro
706 2102 920 2133 universitate
953 2102 1085 2141 ordinis,
1120 2102 1267 2133 omnibus

277 2167 456 2198 precavere
476 2168 537 2188 non
551 2167 675 2199 posset,
691 2169 762 2189 cum
775 2168 1011 2198 nonnumquam
1022 2161 1136 2189 contra
1146 2159 1267 2190 fratres

278 2215 381 2244 vestri
401 2214 522 2245 ordinis
552 2215 729 2256 apostolice
756 2215 877 2252 littere,
903 2215 989 2246 nulla
1012 2215 1050 2246 de
1068 2215 1179 2246 ordine
1197 2215 1267 2256 ipso

278 2271 441 2302 mentione
464 2271 586 2310 habita,
616 2272 842 2313 impetrentur,
878 2282 935 2302 nos
961 2272 1083 2302 vestris
1116 2271 1267 2312 precibus

277 2326 436 2366 inclinati,
455 2327 588 2358 obviare
610 2329 728 2359 vestris
750 2327 906 2359 molestiis
926 2330 958 2359 et
977 2329 1077 2368 quieti
1096 2328 1267 2369 providere

278 2383 438 2422 volentes,
461 2383 500 2415 ad
520 2384 623 2415 instar
641 2384 746 2415 felicis
767 2384 1002 2415 recordationis
1028 2385 1066 2415 G.
1090 2395 1171 2426 pape
1195 2395 1266 2426 pre-

276 2439 459 2471 decessoris
480 2441 594 2478 nostri,
622 2441 816 2472 auctoritate
833 2440 922 2472 vobis
937 2441 1137 2482 presentium
1159 2440 1266 2472 indul-

277 2506 404 2535 gemus,
418 2499 450 2527 ut
472 2507 569 2538 super
590 2497 662 2532 liiis.
677 2507 738 2538 que
752 2497 871 2528 vobisa
886 2497 970 2528 Sede
981 2497 1173 2538 Apostoliea
1190 2499 1266 2528 sunt

276 2552 411 2591 indulta,
441 2562 501 2583 non
532 2554 704 2585 teneamini
732 2564 789 2584 vos
824 2556 857 2585 et
888 2554 940 2584 alii
972 2553 1109 2594 predicti
1143 2553 1266 2584 ordinis

276 2609 397 2640 fratres
418 2619 477 2649 per
504 2609 576 2640 illas
598 2610 725 2641 litteras
758 2610 968 2651 respondere,
994 2620 1054 2650 que
1085 2609 1123 2641 de
1153 2609 1265 2641 ordine

276 2665 346 2706 ipso
367 2675 557 2707 expressam
581 2676 642 2697 nou
662 2667 803 2698 fecerint
822 2667 1033 2698 mentionem.
1060 2666 1144 2697 Nulli
1167 2666 1264 2708 [eto]

276 2724 388 2752 nostre
424 2723 645 2754 concessionis
673 2726 736 2754 etc.
775 2723 890 2754 Datum
928 2723 1094 2760 Laterani,
1130 2723 1160 2752 V
1193 2722 1265 2753 idus

271 2777 426 2818 januarii,
446 2788 530 2809 anno
553 2780 659 2810 tertio.
688 2794 700 2806 n

348 2869 447 2895 1752
855 2872 969 2903 Lati-an,
987 2873 1001 2896 :3
1019 2879 1097 2896 mars
1116 2873 1192 2896 1257.

311 2940 469 2967 Confirmat
484 2941 605 2973 litteras,
623 2943 828 2977 quibusabbas
853 2946 881 2969 et
905 2945 1068 2970 conventus
1091 2942 1264 2969 monasterii

276 2988 364 3013 Casae
387 2988 447 3020 Dei,
470 2989 574 3016 Ioanni
600 2991 635 3016 de
662 2992 820 3018 Camezano
843 2991 871 3017 in
895 2989 1050 3024 personale
1072 2989 1262 3021 beneficium,

623 1139 687 1169 Nos
715 1140 798 1170 euim
826 1150 938 1171 omnes
968 1142 1275 1173 excommunicatio-
1300 1157 1302 1167 ι

989 282 1222 314 Rffl‘us‘l'ssEs
1248 282 1554 315 D‘ALEXANDRE
1579 285 1621 316 IV

1334 351 1369 377 de
1386 359 1502 378 camera
1518 352 1586 379 dicti
1603 354 1914 381 monasteriiunnuam
1932 356 2104 389 pensionem
2121 357 2221 384 decem
2237 358 2322 385 libra-

1335 407 1398 425 rum
1417 399 1628 427 Viennensium
1646 401 1824 428 comedunt.
1844 402 1921 429 «nnn.
1938 404 1981 434 25,
1999 411 2024 430 a.
2043 404 2088 436 ΙΙΙ,
2105 412 2130 431 c.
2149 408 2207 436 ¹56.
2226 407 2243 432 s.
2266 408 2320 438 {m}

1378 516 1389 527 μ
1416 497 1579 540 Mayz'stro
1593 498 1743 530 Joltaum'
1762 499 1802 530 de
1821 500 2022 536 Camezauo.
2047 500 2223 543 capellano
2245 514 2320 534 nos·-

1333 563 1395 593 tro,
1422 565 1459 585 (lc
1479 561 1670 587 nostrarum
1693 555 1982 587 contradictarum
1998 556 2161 588 auditori.
2186 559 2231 590 Ex
2253 561 2318 591 tuis

1333 615 1365 642 et
1387 612 1628 652 progenitorum
1655 619 1779 644 tuorum
1804 613 1928 644 meritis
1945 615 2106 654 provenit,
2135 619 2169 645 ut
2189 615 2220 646 in
2240 616 2318 652 hiis,

1331 678 1392 708 que
1412 668 1511 707 digne
1532 669 1688 709 postulas,
1710 679 1767 700 nos
1781 670 1905 700 sentias
1926 669 1965 700 ad
1986 671 2126 711 gratiam
2153 670 2318 704 liberales,

1331 724 1406 755 Cum
1425 725 1522 765 igitur
1537 724 1675 756 dilectus
1694 725 1802 756 filius..
1828 726 1926 757 abbas
1947 727 2135 758 monasterii
2150 727 2232 759 Case
2248 728 2318 766 Dei,

1330 780 1604 811 Claromontensis
1625 781 1776 817 diocesis,
1792 782 1914 813 ordinis
1931 783 2042 814 Sancti
2063 783 2242 822 Benedicti,
2261 784 2320 816 tibi

1329 837 1359 867 in
1380 837 1548 878 personale
1564 837 1767 877 beneficium,
1781 838 1893 870 decem
1914 839 2067 870 librarum
2091 840 2319 872 Viennensium

1329 894 1531 924 concesserit
1546 904 1683 925 annuam
1705 894 1744 925 de
1762 904 1891 926 camera
1911 896 1958 926 sui
1980 897 2170 927 monasterii
2192 897 2319 938 pensio-

1328 959 1415 988 nem,
1436 949 1675 981 adsolutionem
1697 951 1795 991 ipsius
1815 952 2092 984 annuatimcortis
2114 953 2260 985 terminis
2283 963 2318 984 se

1328 1008 1360 1036 et
1380 1016 1589 1037 successores
1604 1017 1678 1038 suos
1690 1017 1728 1038 ae
1741 1008 1974 1039 monasterium
1994 1009 2109 1050 ipsum,
2125 1009 2164 1040 de
2182 1010 2231 1040 sui
2242 1020 2319 1040 con-

1327 1065 1443 1092 ventus
1455 1072 1602 1099 assensu,
1613 1064 1836 1095 nichilominus
1848 1064 2033 1105 obligando,
2047 1070 2142 1106 prout
2151 1066 2181 1096 in
2190 1066 2312 1097 litteris

1327 1118 1400 1149 inde
1425 1119 1585 1150 confectis
1615 1122 1647 1151 et
1671 1120 1770 1161 ipsius
1806 1120 1931 1151 abbatis
1958 1122 2065 1162 sigillo
2093 1122 2222 1153 munitis
2245 1122 2316 1164 ple-

1328 1175 1397 1206 nius
1430 1176 1627 1215 continetur,
1658 1187 1713 1207 uos
1744 1177 1805 1207 tuis
1838 1178 2126 1218 supplicationibus
2156 1178 2314 1216 inclinati,

1326 1232 1409 1272 quod
1429 1242 1526 1273 super
1546 1231 1605 1263 lior
1623 1243 1681 1274 per
1700 1233 1851 1265 abbatem
1864 1234 1965 1275 ipsum
1981 1234 2164 1275 dictumque
2176 1244 2317 1266 conven-

1325 1292 1391 1319 tum
1403 1289 1433 1318 in
1448 1289 1507 1319 hac
1522 1290 1614 1330 parte
1632 1289 1755 1320 factum
1770 1297 1821 1321 est
1834 1292 1962 1331 gratum
1978 1293 2010 1322 et
2024 1292 2129 1322 ratum
2143 1290 2313 1330 habentes,

1325 1346 1354 1378 id
1383 1347 1579 1378 auctoritate
1604 1348 1784 1389 apostolica
1826 1347 2053 1379 confirmamus
2085 1350 2119 1379 et
2150 1349 2314 1389 presentis

1324 1404 1436 1445 scripti
1467 1405 1645 1444 patrocinio
1672 1405 1917 1436 communimus.
1941 1405 2098 1436 Tenorem
2128 1405 2312 1436 litterarum

1322 1462 1464 1502 ipsarum
1491 1461 1531 1491 de
1557 1461 1656 1492 verbo
1677 1461 1717 1492 ud
1746 1461 1879 1492 verbum
1901 1461 2108 1502 presentibus
2131 1462 2235 1493 inseri
2263 1461 2313 1492 fa—

1323 1518 1461 1555 cientes,
1477 1519 1529 1558 qui
1550 1518 1624 1549 talis
1645 1526 1695 1549 est
1715 1528 1720 1549 :

1889 1611 1923 1636 Le
1941 1611 2010 1644 l'uy.
2030 1612 2060 1636 ¹2
2075 1611 2146 1636 aaut
2162 1612 2240 1637 1254.

1368 1696 1382 1711 «
1411 1683 1570 1714 Noverint
1599 1683 1739 1713 universi
1764 1688 1936 1724 presentes
1966 1683 2094 1713 litteras
2121 1683 2315 1724 inspecturi,

1324 1752 1337 1767 (ι
1366 1738 1449 1780 quod
1466 1750 1523 1770 nos
1552 1740 1589 1770 B.
1613 1739 1669 1770 Dei
1692 1740 1799 1781 gratia
1817 1738 1916 1770 abbas
1937 1739 2126 1770 monasterii
2140 1738 2222 1771 Case
2244 1740 2314 1778 Dei,

1323 1808 1337 1823 «
1367 1794 1641 1836 Claromontensis
1666 1795 1819 1833 diocesis,
1849 1795 1888 1826 de
1909 1804 2069 1826 consensu
2090 1799 2123 1826 et
2143 1795 2315 1827 voluntate

1323 1865 1337 1879 a
1364 1854 1544 1883 convontus
1560 1853 1673 1889 nostri,
1702 1852 1859 1893 inspeetis
1877 1852 2001 1883 meritis
2022 1855 2054 1883 et
2081 1852 2233 1890 utilitate,
2252 1862 2313 1893 que

1322 1922 1336 1935 «
1364 1919 1423 1950 per
1451 1908 1669 1939 venerabilem
1706 1909 1810 1940 virum
1839 1908 2029 1949 magistrum
2061 1908 2243 1939 Jolianneni
2273 1908 2315 1939 de

1322 1978 1336 1993 «
1365 1964 1554 2003 Camezano,
1588 1965 1703 1995 summi
1737 1964 1896 2006 pontificis
1928 1966 2079 2006 nepotem
2109 1970 2142 1995 et
2170 1963 2315 2005 capella-

1322 2034 1336 2049 «
1364 2031 1450 2056 num,
1475 2032 1513 2052 ac
1534 2021 1681 2063 ejusdcm
1695 2020 1970 2053 contradictarum
1991 2020 2172 2052 auditorem
2192 2021 2313 2062 poterit

1321 2091 1335 2105 «
1361 2081 1472 2109 nostro
1494 2078 1690 2109 monasterio
1702 2078 1886 2119 provenire,
1899 2077 1938 2108 ob
1956 2077 2178 2108 reverentiam
2191 2077 2314 2109 domini

1321 2146 1335 2161 (ι
1360 2144 1454 2175 pape,
1468 2145 1525 2176 per
1543 2144 1600 2165 nos
1621 2144 1658 2165 ac
1674 2143 1884 2165 successores
1898 2136 2039 2169 nostros,
2054 2144 2110 2164 nos
2131 2144 2169 2164 ac
2180 2143 2313 2165 monas-

1320 2205 1335 2220 «
1360 2192 1478 2223 terium
1499 2192 1600 2233 ipsum
1623 2192 1652 2222 in
1673 2191 1833 2233 personali
1849 2190 2004 2221 beneficio
2025 2191 2130 2222 eidem
2151 2190 2314 2233 magistro

1320 2262 1334 2276 «
1359 2247 1496 2289 obligari
1521 2248 1668 2280 volumus
1698 2248 1729 2278 in
1755 2246 1868 2278 decem
1894 2246 2046 2278 librarum
2073 2246 2311 2278 Viennensium

1319 2318 1334 2333 «
1361 2315 1467 2336 annua
1487 2305 1640 2347 pensione
1660 2305 1700 2337 de
1715 2305 1812 2337 bursa
1828 2306 1950 2343 nostra,
1974 2304 2077 2335 donec
2094 2304 2223 2345 prefato
2244 2313 2312 2334 ma-

1362 2362 1465 2403 gistro
1489 2362 1522 2392 in
1545 2365 1635 2393 certo
1655 2362 1725 2393 loco
1752 2362 1872 2393 dictam
1899 2361 2086 2402 pensionem
2114 2359 2310 2391 duxerimus

1319 2430 1334 2445 «
1356 2418 1598 2459 assignandam,
1621 2418 1659 2449 de
1680 2428 1741 2459 qua
1758 2418 1913 2459 pensione
1934 2417 2143 2448 medietatem
2169 2415 2308 2457 singulis

1319 2487 1334 2502 «
1359 2474 1450 2506 annis
1464 2475 1495 2505 in
1516 2476 1602 2506 festo
1623 2475 1771 2507 Omnium
1792 2474 1997 2511 sam-torum,
2015 2478 2048 2505 et
2063 2472 2158 2504 aliam
2170 2472 2200 2503 in
2222 2472 2312 2504 festo

1319 2544 1333 2559 «
1359 2531 1444 2562 beati
1464 2531 1608 2569 Roberti,
1625 2531 1771 2573 predicto
1785 2531 1943 2572 magistro
1962 2530 2013 2561 vel
2027 2530 2099 2572 ejus
2119 2531 2209 2560 certo
2229 2538 2309 2559 nun-

1319 2600 1333 2615 «
1359 2588 1414 2624 tio,
1438 2588 1576 2618 reddere
1590 2587 1817 2629 promittimus,
1847 2586 2041 2618 difficultate
2062 2584 2206 2626 qualibet
2232 2594 2309 2626 pre-

1318 2657 1333 2671 «
1360 2644 1522 2675 termissa.
1561 2644 1594 2675 In
1628 2644 1721 2685 cujus
1752 2644 1799 2675 rei
1828 2643 2050 2675 testimonium
2084 2644 2116 2673 et
2137 2640 2177 2672 ad
2210 2640 2307 2672 fidem

1318 2713 1331 2727 α
1360 2700 1758 2741 plenioreminposterum
1779 2699 1973 2736 faciendam,
1992 2699 2163 2740 presentes
2178 2696 2310 2728 litteras

1318 2769 1332 2784 «
1360 2755 1446 2787 dicto
1468 2757 1575 2797 nepoti
1591 2756 1937 2794 c(›ncessinn1s,nostri
1948 2754 2045 2796 sigilli
2060 2753 2239 2785 munimine
2260 2763 2311 2784 ro—

1317 2825 1331 2839 «
1358 2812 1499 2843 boratas.
1535 2812 1650 2844 Datum
1679 2812 1763 2853 apud
1800 2813 1960 2843 Anicium.
1998 2810 2024 2841 II
2060 2809 2132 2840 idus
2161 2809 2309 2850 augusti,

1317 2882 1332 2895 «
1359 2879 1443 2901 anno
1464 2870 1587 2901 Domini
1609 2869 1824 2902 M.CC.LIIII.
1843 2884 1857 2898 »

1361 2925 1446 2956 Nulli
1465 2926 1560 2968 [etos]
1583 2929 1692 2958 nostre
1713 2925 1964 2958 coiifii·111ationis
1980 2926 2044 2955 etr.
2073 2923 2190 2954 Datum
2208 2923 2310 2953 Late-

1315 2981 1398 3020 rani,
1418 2982 1447 3013 V
1463 2992 1564 3014 nonas
1585 2984 1704 3022 martii,
1734 2994 1817 3014 anno
1838 2982 1946 3013 tertio.

1319 2374 1326 2389 (
