2477 3512
163 300 230 333 838
891 295 1148 329 REGISTRES
1166 294 1503 328 D’ALEXANDRE
1518 294 1565 328 IV

163 396 304 435 graviter
334 396 460 429 leditur,
491 398 522 424 et
554 395 652 432 ipsius
682 394 832 423 honestas
863 393 1036 431 plurimum
1068 392 1171 422 defor-

165 451 281 478 matur.
316 449 467 478 Volentes
501 447 598 485 igitur
638 447 782 484 ejusdem
831 446 959 475 ecclesie
1009 444 1171 475 honestati

164 501 326 531 consulere
361 510 398 530 ac
435 499 725 538 indempnitatibus
761 499 938 537 providere,
975 498 1171 527 auctoritate

164 554 359 593 presentium
398 553 457 582 sub
495 561 576 591 pena
614 551 956 581 excommunicationis
994 550 1170 580 districtius

164 607 343 636 inhibemus
374 608 411 634 ut
442 604 606 638 officiales,
639 604 860 634 obedientiarii
903 606 935 633 et
966 603 1171 633 administra-

164 662 246 689 tores
259 659 313 698 qui
325 667 410 687 nunc
421 660 508 692 sunt,
521 660 553 686 et
565 657 620 696 qui
632 666 689 696 pro
700 660 846 696 tempore
857 657 889 686 in
902 656 1027 695 prefata
1039 656 1169 686 ecclesia

162 712 292 745 fuerint,
325 711 401 740 talia
435 711 473 740 de
505 713 611 740 cetero
643 712 840 748 attemptare
872 710 922 738 vel
955 710 1038 738 bona
1071 709 1170 747 ipsius

160 764 288 794 ecclesie
316 764 347 792 in
375 764 454 793 alios
482 772 579 802 quarn
608 763 752 801 ejusdem
780 762 874 791 utiles
891 771 967 791 usus
984 764 1170 791 convertere

161 826 223 847 non
244 819 442 855 presumant,
471 818 652 845 statuentes
673 818 709 844 ut
731 816 769 844 de
789 815 880 845 bonis
901 815 1087 853 hujusmodi
1108 823 1170 853 que

160 869 201 899 ad
216 878 330 898 manus
344 869 549 907 pervenerint
562 869 736 898 eorundem
751 868 888 897 reddant
902 868 994 897 vobis
1008 870 1040 896 et
1053 867 1169 897 vestris

160 922 394 951 successoribus
425 922 456 950 in
488 922 629 960 capitulo
661 922 829 954 rationem,
862 921 1005 959 predicta
1038 929 1169 949 consue-

155 970 284 1009 tudine,
310 984 372 1013 que
397 975 528 1013 quidem
554 975 735 1012 corruptela
761 976 820 1008 cst,
847 983 909 1003 non
935 974 1097 1007 obstante,
1122 973 1168 1003 ita

162 1028 248 1067 quod
269 1028 302 1057 in
323 1028 392 1057 illos
415 1027 469 1066 qui
491 1036 581 1056 secus
603 1027 867 1065 presumpserint,
899 1027 994 1056 libere
1024 1026 1169 1064 insurgat

159 1080 311 1119 regularis
337 1080 490 1109 severitas
519 1079 692 1118 discipline.
722 1080 808 1109 Nulli
836 1082 943 1109 nostre
969 1079 1169 1108 inhibitionis

159 1136 192 1163 ct
206 1133 446 1163 constitutionis
460 1135 521 1162 etc.
545 1133 619 1161 Dat.
635 1132 790 1170 Anagnie‚
812 1132 840 1161 V
855 1141 955 1162 nonas
978 1132 1165 1167 decembris,

158 1195 243 1216 anno
277 1188 433 1224 quarto.»

238 1373 327 1398 2736
614 1372 749 1406 Anagni‚
763 1372 801 1400 20
814 1373 985 1400 novembre
999 1373 1086 1400 1258.

196 1425 322 1459 Diaspri
331 1425 369 1451 de
379 1425 494 1458 Pyscro
504 1423 549 1461 (⁶2)
559 1425 743 1452 electionem
754 1425 785 1451 in
796 1425 1080 1452 Umbriaticensem
1090 1426 1169 1459 epis-

159 1472 273 1499 copum
287 1465 326 1491 ah
341 1465 576 1498 archiepiscopo
591 1464 620 1491 S.
637 1465 813 1496 Severinae,
827 1465 887 1491 loci
908 1465 1167 1499 metropolitano,

158 1504 393 1577 gorffigrpatam,
418 1505 483 1538 ipse
508 1504 687 1531 confirmat.
712 1504 810 1537 (Bm.
833 1504 881 1536 25,
903 1504 924 1530 f.
949 1505 1016 1536 165,
1039 1512 1089 1531 an.
1115 1505 1167 1537 IV,

199 1645 211 1661 ι
225 1633 362 1672 Diaspro
380 1633 415 1663 de
432 1634 557 1672 Pyscro,
569 1633 656 1663 electo
671 1634 945 1672 Umbriacensi(l).
957 1634 1036 1664 Cum
1048 1644 1065 1664 a
1077 1635 1168 1664 nobis

158 1703 207 1716 —.
233 1687 309 1716 Dat.
334 1687 490 1725 Anagnie,
515 1686 583 1716 XII
608 1687 671 1716 kal.
697 1687 884 1721 decembris,
908 1696 994 1717 anno
1011 1690 1165 1726 quarto.»

237 1857 325 1883 2737
606 1858 741 1891 Anagni,
760 1858 797 1884 17
816 1858 979 1885 decembre
998 1859 1086 1885 1258.

198 1909 334 1936 lifnrico
361 1910 399 1936 de
425 1910 604 1943 VVingham,
633 1910 794 1944 capellano
822 1918 888 1942 suo,
916 1911 956 1937 ad
982 1911 1167 1939 relationem

157 1949 298 1982 magistri
312 1949 439 1981 Arlotti,
455 1950 638 1976 subdiaconi
653 1952 684 1976 et
698 1950 996 1984 notariiapostolici,
1007 1951 1168 1985 dispensat

158 1990 203 2020 ut,
223 1991 347 2022 praeter
365 1989 574 2016 ecclesiastica
593 1990 747 2016 beneficia
765 1997 845 2023 quae
865 1997 971 2016 euram
991 1991 1167 2018 animarum

157 2028 307 2054 habentia
325 2036 364 2055 ex
383 2029 617 2062 dispensatione
634 2029 683 2055 vel
703 2030 943 2056 confirmatione
963 2030 1050 2057 Sedis
1068 2032 1168 2065 Apos-

160 2067 270 2094 tolicae
300 2068 434 2100 obtinet,
465 2069 591 2095 unicum
623 2069 725 2095 adhuc
755 2071 958 2103 personatum
988 2070 1037 2096 vel
1068 2071 1168 2104 digni-

159 2109 257 2134 tatem
284 2115 337 2134 seu
364 2108 552 2134 beneficium
579 2108 835 2140 ecclesiasticum,
863 2109 960 2136 etiam
987 2109 1012 2135 si
1039 2110 1066 2136 ei
1094 2117 1167 2137 cura

155 2147 266 2173 similis
286 2147 327 2173 sit
349 2154 481 2179 annexa,
497 2148 633 2181 recipere
650 2150 681 2174 et
702 2148 835 2175 retinere
856 2149 966 2182 possit.
1002 2149 1093 2183 (Reg.
1117 2150 1166 2182 25,

156 2186 177 2212 f.
204 2186 271 2218 165,
297 2194 347 2213 an.
377 2187 429 2219 IV,
456 2195 481 2213 c.
508 2185 637 2223 293.)(2)

197 2300 209 2315 ι
227 2289 362 2318 Hem-ico
379 2289 415 2318 de
434 2290 613 2328 Winyham,
633 2290 745 2319 decano
763 2290 884 2320 ecclesie
903 2291 1010 2321 Sancti
1027 2292 1166 2322 Martini

156 2341 272 2379 Mayni
302 2341 538 2376 Londoniensis,
569 2342 727 2380 capellano
755 2345 867 2372 nostro.
890 2344 1017 2373 Sincera
1037 2345 1166 2375 devotio

156 2401 229 2432 erga
243 2411 293 2422 —.
308 2394 385 2423 Dat.
399 2395 554 2433 Anagnie,
570 2395 649 2424 XVI
662 2395 726 2424 kal.
739 2395 877 2433 januarii
892 2419 899 2430 ‚
914 2406 998 2426 anno
1012 2400 1140 2435 quarto.
1154 2408 1167 2425 n

236 2552 324 2578 2738
621 2553 755 2586 Anagni,
771 2554 807 2580 17
821 2554 982 2581 decembre
997 2555 1083 2582 1258.

197 2604 308 2631 Eidem
328 2604 473 2631 universa
494 2605 704 2632 ecclesiastica
724 2606 886 2638 beneficia,
907 2608 974 2633 tam
994 2614 1074 2640 quae
1095 2616 1165 2636 cum

156 2644 389 2678 dispensatione
414 2644 501 2671 Sedis
524 2644 723 2678 Apostolicae
747 2653 843 2678 quam
867 2653 947 2679 quae
971 2647 1035 2673 sine
1059 2648 1110 2674 illa
1134 2649 1165 2675 in

155 2683 268 2715 Anglia
301 2685 332 2710 et
370 2684 492 2710 Ibernia
525 2685 641 2718 recepit
676 2692 819 2719 quaeque
852 2686 982 2719 pacifice
1016 2687 1165 2720 possidet,

157 2723 333 2754 confirmat,
356 2723 525 2753 deiectum.
548 2724 646 2757 siquis
667 2725 772 2758 quoad
792 2725 843 2758 jus
864 2728 921 2752 aut
941 2726 1062 2753 factum
1084 2727 1166 2754 circa

156 2763 365 2795 receptionem
388 2770 441 2789 seu
464 2763 671 2790 retentionem
696 2771 802 2791 eorum
825 2766 882 2790 ⁹¹⁸4,
903 2766 935 2792 in
958 2766 1167 2799 dispensatio-

192 2849 217 2874 1.
245 2849 298 2874 Sic.
313 2848 340 2874 C.
360 2850 446 2874 Euboi
462 2859 476 2874 a
491 2852 516 2874 Ιυ
533 2858 538 2874 :
555 2851 686 2881 Dionysio
703 2852 733 2876 de
745 2852 844 2881 Pysoro
859 2855 885 2876 ct
906 2854 996 2878 donne
1017 2854 1043 2877 la
1062 2854 1165 2880 forme:

160 2884 550 2914 Umbrinlicensi(Hie1-archia
564 2887 692 2910 catholica
711 2886 800 2910 Medii
814 2887 891 2917 Aeni,
912 2894 939 2916 p.
961 2889 1032 2917 536).

192 2918 216 2942 2.
235 2919 258 2941 Α
281 2921 368 2947 pai-tir
390 2922 422 2945 de
446 2923 518 2945 cette
541 2921 614 2944 bulle
636 2925 671 2943 n⁰
693 2921 752 2949 293,
776 2923 812 2945 les
835 2922 979 2952 rubriques
1003 2926 1165 2953 manquent,

156 2955 224 2978 mais
242 2955 369 2979 l'adressc
387 2957 453 2979 mise
471 2962 503 2979 en
523 2961 613 2985 marge
632 2956 748 2980 subsiste
767 2959 793 2980 ct
812 2958 878 2981 c’est
897 2960 969 2982 cette
988 2960 1094 2983 adresse
1116 2960 1165 2988 qul

159 2991 199 3013 cst
225 2991 380 3017 reproduite
405 2990 439 3014 ici
464 2997 569 3014 comme
594 2991 824 3019 precedemmcnt.

1280 395 1372 422 nibus
1389 395 1416 422 ei
1433 403 1526 430 super
1542 396 1659 422 eisdem
1677 395 1838 422 beneficiis
1855 395 1894 422 ab
1912 396 2022 422 eadem
2040 395 2118 422 Sede
2135 396 2288 422 concessis

1280 434 1412 462 forsitan
1427 435 1607 466 intervenit,
1623 435 1715 469 suppl
1728 442 1781 467 ns,
1796 437 1827 462 et
1843 436 1877 462 ut
1892 442 1930 462 ex
1942 435 2028 462 licite
2043 435 2175 462 retinere
2189 435 2286 469 possi*

1280 474 1451 509 dispensat.
1474 475 1572 507 (Bm.
1595 474 1644 506 25,
1666 475 1688 500 f.
1713 474 1779 506 165,
1803 482 1853 501 an.
1880 474 1932 507 IV,
1955 482 1980 501 c.
2003 474 2085 507 294.)

1321 589 1332 604 «
1351 577 1461 606 Eidem
1503 578 1630 607 Sincera
1673 577 1804 607 devotio
1841 580 1902 607 etc.
1932 594 1982 606 —.
2026 577 2103 611 Dat,
2131 577 2285 616 Anagnie.

1289 630 1369 659 XVI
1390 629 1610 667 kahjanuarii,
1624 638 1709 659 anno
1722 632 1849 669 quarto.

1357 837 1448 863 2739
1809 838 1943 871 Anagni‚
1965 838 2002 865 18
2022 838 2098 865 aoat
2119 838 2206 865 1256.

1317 890 1539 916 Bartholomeo
1567 890 1604 916 de
1642 890 1824 922 Frusinone,
1851 890 2022 922 scriniario,
2048 889 2196 917 familiari
2221 897 2288 922 suo,

1277 930 1452 956 tenimenta
1473 936 1533 963 que
1554 930 1628 956 olim
1648 930 1838 957 Benedictus
1859 930 1962 957 dictus
1982 929 2087 956 Bellus
2107 931 2139 956 et
2161 930 2289 963 Ognitio

1278 969 1427 996 Caravita
1455 976 1472 995 a
1501 969 1646 996 Romana
1673 970 1759 996 curia
1787 972 1958 996 tenuerunt
1985 970 2016 996 in
2052 970 2156 996 castro
2185 969 2289 996 Frusi—

1277 1009 1367 1036 nonis
1384 1010 1415 1035 et
1433 1009 1500 1042 eJus
1516 1009 1684 1041 territorio,
1703 1009 1877 1036 Verulanae
1895 1009 2035 1041 diocesis,
2053 1016 2125 1036 curn
2142 1009 2289 1036 omnihus

1275 1049 1399 1082 juribus
1416 1050 1447 1074 et
1464 1048 1661 1082 pertinemus
1677 1049 1705 1075 ei
1721 1049 1851 1083 ejusque
1868 1049 2034 1076 heredibus
2051 1049 2082 1075 in
2099 1050 2288 1083 perpetuum

1278 1089 1335 1115 sub
1349 1095 1454 1115 annuo
1469 1095 1562 1115 censu
1580 1088 1672 1115 unius
1687 1088 1785 1115 librae
1802 1096 1889 1115 cerae
1907 1089 1937 1115 in
1955 1089 2040 1116 dicta
2057 1088 2233 1116 tenimenta
2250 1089 2289 1115 de

1278 1135 1360 1155 novo
1381 1128 1525 1154 concedit
1545 1129 1576 1154 et
1596 1128 1774 1155 confirmat.
1795 1128 1893 1161 (Bm.
1913 1128 1962 1160 25,
1981 1128 2003 1154 f.
2026 1128 2094 1160 165,
2114 1135 2164 1155 an.
2188 1128 2241 1160 IV,
2261 1135 2287 1155 c.

1318 1282 1331 1298 «
1365 1270 1578 1300 Bartholomeo
1593 1271 1630 1300 de
1647 1271 1836 1309 Frisiqnone
1846 1271 1929 1309 (sic),
1945 1270 2123 1304 scriniario,
2132 1269 2288 1309 familiari

1276 1325 1388 1358 nostro,
1415 1323 1568 1353 Verulane
1588 1323 1728 1354 diocesis.
1739 1324 1834 1354 Sedes
1850 1323 2039 1363 Apostolica
2059 1323 2112 1362 pia
2137 1340 2184 1352 -.
2208 1323 2287 1353 Dat.

1276 1376 1432 1415 Anagnie‚
1458 1376 1520 1406 XV
1545 1377 1608 1406 kal.
1633 1377 1835 1415 septembris,
1861 1386 1946 1407 anno
1971 1376 2122 1407 secundo.
2147 1387 2160 1403 ι

1357 1562 1448 1588 2740
1728 1561 1863 1594 Αῃαςῐιί,
1879 1561 1916 1588 13
1931 1561 2102 1588 novembre
2118 1560 2206 1588 1256.

1316 1615 1429 1642 Eidem
1454 1615 1666 1641 tenimentum
1692 1614 1777 1647 quod
1803 1614 1879 1640 olim
1905 1613 2010 1640 tenuit
2037 1613 2162 1646 Sergius
2187 1612 2289 1640 Theo-

1276 1655 1363 1681 baldi
1386 1656 1417 1681 et
1441 1654 1614 1681 casalinum
1638 1654 1722 1687 quod
1746 1654 1850 1680 tenuit
1873 1653 2038 1687 presbyter
2061 1652 2226 1686 Gregorius
2250 1652 2289 1679 de

1276 1695 1382 1721 Marco
1416 1701 1434 1720 a
1470 1694 1616 1720 Romana
1642 1693 1729 1720 curia
1754 1693 1786 1719 in
1813 1694 1916 1720 castro
1943 1693 2128 1719 Frusinonis
2154 1693 2187 1719 et
2219 1691 2288 1726 ejus

1276 1734 1435 1760 territorio
1482 1733 1645 1768 praedicto
1686 1740 1757 1759 cum
1793 1733 1940 1759 omnibus
1974 1732 2098 1765 juribus
2133 1733 2165 1759 et
2191 1732 2289 1766 perti-

1275 1774 1393 1801 nentiis
1412 1774 1476 1800 suis
1495 1774 1523 1800 ei
1543 1773 1673 1806 ejusque
1685 1773 1853 1799 heredibus
1864 1772 1897 1799 in
1908 1773 2098 1806 perpetuum
2110 1772 2168 1799 sub
2181 1778 2287 1798 annuo

1276 1821 1371 1840 censu
1387 1813 1510 1839 mediae
1525 1813 1623 1839 librae
1641 1819 1728 1839 cerae
1746 1822 1757 1836 α
1772 1812 1804 1839 in
1822 1812 1941 1839 directo
1959 1822 1970 1836 n
1988 1812 2026 1838 de
2042 1819 2125 1838 novo
2143 1811 2285 1838 concedit

1276 1854 1307 1880 et
1329 1853 1459 1880 confert.
1482 1853 1579 1886 (REG.
1601 1852 1650 1884 25,
1671 1852 1692 1878 f.
1716 1852 1784 1884 165,
1806 1859 1856 1878 an.
1881 1851 1934 1883 IV,
1956 1859 1981 1878 c.
2004 1851 2086 1885 296.)

1317 1968 1329 1983 «
1358 1956 1480 1986 Eidem.
1513 1955 1608 1985 Sedes
1638 1954 1825 1994 Apostolica
1855 1954 1908 1993 pia
1938 1971 1989 1983 —.
2021 1953 2098 1983 Dat.
2128 1952 2285 1992 Anagnie,

1274 2009 1381 2038 idibus
1410 2008 1605 2042 novembris,
1634 2017 1720 2037 anno
1749 2007 1900 2037 secundo.
1930 2018 1942 2033 n

1354 2194 1436 2220 2741
1765 2193 1900 2227 Anagni‚
1917 2193 1952 2220 31
1970 2193 2099 2220 octobre
2115 2192 2203 2222 1256.

1314 2246 1494 2278 Thomasio,
1517 2246 1623 2273 balivo
1646 2253 1701 2273 suo
1723 2246 1755 2272 in
1771 2246 1954 2277 Frusinone,
1970 2245 2103 2272 mandat
2125 2246 2161 2271 ut
2183 2244 2285 2272 eidem

1273 2287 1433 2314 scriniario
1456 2286 1627 2313 casalinum
1643 2286 1728 2319 quod
1746 2286 1820 2312 olim
1830 2286 1936 2312 tenuit
1944 2285 2109 2319 presbyter
2119 2284 2285 2318 Gregorius

1275 2327 1312 2353 de
1338 2326 1443 2353 Marco
1469 2326 1500 2352 in
1526 2327 1628 2352 castro
1649 2325 1831 2352 Frusinonis
1857 2332 1928 2352 cum
1947 2325 2094 2351 omnibus
2111 2324 2234 2357 juribus
2253 2326 2285 2351 et

1273 2366 1474 2400 pertinentiis
1486 2366 1632 2399 assignet.
1645 2365 1742 2398 (REG.
1756 2365 1804 2397 25,
1817 2365 1838 2391 f.
1852 2364 1920 2396 165,
1933 2371 1982 2391 an.
1998 2364 2051 2396 IV,
2064 2371 2089 2391 c.
2111 2363 2193 2397 297.)

1314 2480 1327 2495 «ι
1357 2468 1532 2503 Thomasio,
1570 2467 1669 2497 balivo
1703 2469 1805 2497 nostro
1841 2467 1873 2497 in
1908 2467 2096 2497 Frusinone.
2130 2466 2284 2497 Volentes

1273 2522 1390 2551 dilecto
1411 2521 1478 2551 filio
1499 2538 1550 2550 —.
1572 2521 1649 2550 Dat.
1671 2520 1827 2559 Anagnie,
1853 2520 1884 2550 11
1906 2520 1970 2549 kal.
1992 2518 2176 2549 novembris
2197 2527 2283 2549 anno

1273 2574 1424 2604 secundo.
1456 2586 1468 2601 υ

1353 2740 1442 2766 2742
1743 2738 1882 2770 Viterbe‚
1897 2738 1914 2764 3
1928 2737 2098 2765 novembre
2113 2736 2202 2764 1257.

1314 2793 1413 2819 Priori
1433 2794 1463 2818 et
1485 2792 1656 2818 conventui
1677 2791 1706 2818 S.
1729 2791 1846 2818 Mariae
1867 2791 1904 2817 de
1923 2790 2104 2823 Virginibus
2126 2789 2164 2816 de
2183 2789 2282 2815 Vene-

1271 2832 1326 2858 tiis
1346 2834 1383 2858 ut
1403 2832 1440 2858 de
1460 2832 1611 2858 tredecim
1631 2832 1748 2858 mansis
1767 2832 1868 2857 terrae
1889 2830 2059 2856 Paduanae
2079 2828 2221 2861 diocesis,
2241 2828 2281 2854 ab

1273 2872 1316 2898 eis
1339 2872 1376 2898 de
1397 2871 1530 2905 pecunia
1552 2878 1647 2904 quam
1671 2870 1835 2903 Gregorius
1856 2876 1940 2904 papa
1961 2876 2069 2895 eorum
2090 2868 2281 2895 monasterio

1273 2911 1413 2942 dederat,
1440 2911 1608 2944 emptionis
1632 2910 1726 2937 titulo
1753 2910 1936 2943 acquisitae,
1961 2909 2038 2935 nulli
2063 2908 2199 2935 decimas
2224 2907 2283 2934 so!-

1272 2958 1345 2977 vere
1363 2952 1533 2977 teneantur
1552 2951 1592 2976 ad
1610 2950 1711 2976 instar
1729 2949 1827 2983 ipsius
1848 2949 1989 2982 Gregorii
2008 2954 2109 2982 papae
2128 2946 2280 2980 indulget.

1273 2990 1370 3023 (Bao.
1393 2990 1442 3022 25,
1464 2990 1485 3015 f.
1510 2989 1576 3021 165,
1599 2997 1649 3016 an.
1675 2989 1727 3021 IV,
1750 2997 1774 3015 c.
1797 2989 1879 3020 298.)
