2477 3512
978 322 1255 365 QUATRIEME
1275 321 1438 355 ANNEE
2208 322 2267 352 775

227 435 315 461 2478
662 433 800 466 Viterbe,
812 433 849 460 13
860 432 973 460 sevrier
984 433 1071 463 1258.

189 488 310 515 Abbati
329 487 476 514 secularis
497 487 643 514 ecclesiae
664 486 693 513 S.
709 486 794 513 Petri
815 486 1030 517 Dauratensis,
1046 486 1155 512 Lemo—

148 528 282 554 vicensis
308 527 449 559 diocesis,
476 527 609 553 mandat
634 527 670 552 ut
694 526 838 560 praefato
864 526 957 552 Petro
983 527 1156 559 proventus

149 567 272 593 debitos
296 567 441 600 assignet.
468 566 564 599 (Bm.
591 566 639 597 25,
664 565 685 592 f.
714 565 770 592 125
795 569 841 597 v⁰‚
856 572 904 592 an.
924 565 976 597 IV,
991 572 1014 592 c.
1032 564 1107 597 60⁶.)

190 663 234 687 «..‚
257 651 362 681 abbati
393 651 542 681 secularis
562 650 682 680 ecclesie
704 651 811 680 Sancti
832 651 917 680 Petri
936 650 1154 684 Daumtensis,

148 704 374 734 Lemovicensis
395 704 534 734 diocesis.
558 703 674 733 Dilecti
696 703 754 732 filii
777 703 863 732 Petri
887 703 925 733 de
947 703 1083 732 Abilleio
1103 719 1156 731 --.

150 757 226 787 Dat.
250 759 288 786 ut
309 766 416 795 supra.

228 963 319 989 2479
655 963 793 995 Viterbe,
805 963 843 989 22
853 963 977 996 Janvier
989 963 1075 991 1258.

192 1012 349 1046 Episcopo
373 1011 517 1039 Ovetano
541 1011 722 1038 conferendi
745 1012 967 1038 canonicatum
990 1019 1064 1038 suae
1078 1011 1158 1038 Ove-

148 1052 246 1078 tensis
271 1051 417 1078 eeclesiae
443 1051 582 1078 Johanni
606 1051 745 1083 Martini,
771 1051 881 1077 clerico
907 1051 992 1078 chori
1017 1051 1157 1084 ejusdem

150 1091 307 1123 ecclesiae,
329 1091 420 1124 eique
443 1091 481 1117 de
503 1090 683 1124 praebenda
705 1098 776 1117 cum
799 1091 1032 1124 praestimoniis
1054 1090 1159 1124 provi-

150 1131 255 1162 dendi,
276 1131 462 1157 facultatem
483 1130 637 1157 concedit.
659 1130 756 1163 (REG.
779 1130 827 1162 25,
848 1130 869 1157 f.
894 1130 960 1162 125,
982 1138 1031 1157 an.
1057 1130 1109 1161 IV,
1131 1137 1156 1156 c.

148 1170 223 1204 602.)

192 1267 236 1290 «..,
265 1255 408 1294 episcopo
437 1255 579 1284 Ouelano.
619 1255 723 1284 Tuam
750 1255 895 1284 volentes
923 1255 1079 1284 honorare
1106 1272 1156 1284 ——.

151 1308 227 1337 Dat.
252 1308 399 1341 Viterbii,
425 1307 474 1337 XI
500 1307 563 1337 kal.
589 1307 751 1342 februarii,
777 1317 862 1337 anno
887 1310 1014 1346 quarto.
1040 1319 1052 1334 »

227 1515 318 1541 2⁴80
694 1514 832 1546 Viterbe,
845 1515 862 1540 9
873 1514 987 1541 sevrier
999 1514 1084 1541 1258.

188 1564 266 1590 Cum
294 1563 335 1595 J.,
365 1563 615 1597 archiepiscopus
644 1562 823 1596 Ragusinae
851 1563 1008 1594 ecclesiae,
1037 1563 1156 1589 dictam

146 1602 308 1629 ecclesiam
348 1603 444 1629 libere
483 1602 714 1636 resignavisset,
754 1603 906 1629 Aleardus
948 1602 980 1628 in
1015 1602 1156 1635 ejusdem

146 1642 293 1708 {zelelsijie
303 1642 580 1715 t{tuigliliepiscopum
598 1642 789 1676 praeficitur.
809 1642 905 1675 (Rau.
926 1641 974 1674 25,
992 1642 1012 1669 f.
1034 1641 1090 1668 125
1108 1645 1155 1674 νῦ,

189 1703 196 1709 .
270 1702 277 1714 ,
321 1702 327 1709 .
395 1702 401 1709 .

187 1779 198 1794 α
218 1767 361 1802 Aleardo,
379 1767 521 1806 episcopo
537 1767 711 1806 Rayusino.
732 1767 833 1796 Recte
855 1769 933 1796 tunc
950 1767 1155 1796 ecclesiarum

145 1837 196 1850 —.
217 1820 295 1850 Dat.
316 1819 453 1849 Viterbii
471 1820 500 1849 V
518 1820 590 1849 idus
609 1820 772 1854 februarii,
792 1829 877 1849 anno
896 1822 1023 1859 quarto.
1044 1831 1055 1846 n

225 2040 305 2066 2481
639 2040 777 2072 Viterbe‚
790 2040 827 2067 23
837 2040 961 2074 janvier
984 2040 1070 2068 1258.

188 2093 328 2126 Reginae
348 2093 498 2119 Franciae
517 2093 660 2126 indulget
679 2095 715 2119 ut
734 2100 789 2127 per
805 2093 929 2120 litteras
950 2093 1038 2120 Sedis
1056 2094 1156 2127 Apos-

145 2133 258 2160 tolicae
273 2133 396 2159 nullum
424 2133 487 2165 juri
502 2140 568 2164 suo,
585 2133 670 2166 quod
686 2132 746 2159 sibi
761 2140 800 2159 ex
815 2133 1008 2159 successione
1024 2135 1156 2167 paterna

145 2174 177 2199 in
213 2173 367 2199 comitatu
403 2172 588 2199 Provinciae
618 2172 781 2206 competit,
818 2172 1015 2206 prejudicum
1051 2174 1156 2200 valeat

146 2212 293 2246 generari.
316 2212 412 2246 (Bm.
436 2212 484 2244 25,
505 2212 526 2239 f.
541 2212 597 2239 125
618 2215 665 2244 νο,
680 2219 728 2239 an.
747 2212 799 2244 IV,
814 2220 838 2239 c.
854 2212 891 2238 62
905 2220 912 2245 ;
927 2212 1154 2245 RonENBERG,

146 2254 169 2279 t.
194 2251 254 2283 ΙΙΙ,
278 2253 317 2278 n⁰
336 2251 419 2285 474).

188 2348 231 2371 «..‚
249 2337 363 2367 illustri
378 2337 483 2375 reyine
497 2337 701 2366 Francorum.
718 2337 848 2374 Quanto
872 2346 1040 2376 personam
1063 2340 1156 2367 tuam

145 2390 176 2419 in
203 2389 341 2419 Domino
370 2390 532 2419 sinceriori
557 2390 730 2419 affectione
753 2390 913 2429 diligimus
934 2393 967 2420 et
987 2391 1155 2429 specialius

146 2442 354 2481 proponimus
377 2443 544 2477 honorare,
567 2445 665 2473 tanto
683 2443 836 2472 libentius
859 2443 1070 2481 petitionibus
1092 2444 1156 2472 tuis

145 2495 319 2533 benignum
346 2495 550 2533 impertimur
576 2496 736 2530 auditum,
765 2498 797 2525 et
824 2496 985 2525 liberalius
1026 2497 1157 2525 exaudi-

143 2548 241 2577 tionis
259 2548 393 2586 januam
412 2548 583 2586 aperimus,
603 2548 745 2577 maxime
764 2558 826 2587 que
844 2548 1006 2586 justitiam
1025 2549 1157 2587 sapiunt

143 2602 176 2630 et
194 2601 361 2630 continent
378 2600 567 2639 equitatem.
586 2601 772 2630 Meruerunt
790 2602 849 2630 hoc
868 2602 951 2630 enim
971 2610 1034 2631 non
1053 2602 1156 2631 solum

143 2655 212 2687 tua,
249 2662 361 2683 verum
399 2653 498 2682 etiam
534 2653 778 2692 progenitorum
816 2656 946 2683 tuorum
985 2654 1156 2693 magnifica

144 2715 250 2744 opera,
269 2706 386 2745 quibus
402 2706 486 2735 inter
503 2709 624 2735 ceteros
638 2706 831 2741 claruerunt,
847 2716 984 2746 quorum
1002 2708 1155 2737 memoria
1198 2713 1200 2715 ’

144 2758 240 2788 deleri
253 2767 316 2788 non
330 2762 448 2797 potest,
463 2759 539 2788 dum
554 2759 644 2788 nobis
666 2759 853 2789 meritorum
874 2769 1003 2789 suorum
1018 2761 1155 2798 gratiam

146 2811 344 2850 reliquerunt
358 2812 388 2841 in
403 2812 479 2846 suis,
507 2814 638 2850 propter
652 2813 738 2850 quod
753 2821 822 2846 nos,
838 2815 970 2843 tuorum
985 2816 1155 2851 parentum

143 2863 274 2893 fidelem
297 2865 515 2894 constantiam
538 2873 601 2903 qua
626 2865 771 2894 Romane
795 2865 946 2899 Ecclesie,
969 2866 1065 2895 matri
1089 2875 1155 2900 sue,

142 2916 175 2946 in
195 2917 343 2946 omnibus
361 2917 430 2955 ejus
450 2917 727 2956 oportunitatibus
746 2918 902 2956 placuere,
918 2921 1009 2948 tuam
1026 2927 1154 2957 quoque

146 2969 343 3008 obsequendi
386 2970 677 3009 promptitudinem
721 2970 762 3000 ab
805 2971 924 3000 eisdem
968 2972 1153 3000 traductam

144 3022 335 3060 parentibus
366 3031 429 3052 non
460 3023 621 3052 immen'to
652 3023 836 3057 recolentes
870 3023 928 3053 tibi
959 3024 1153 3053 auctoritate

1258 429 1455 467 presentium
1480 428 1692 468 indulgemus,
1720 431 1756 458 ut
1782 438 1838 467 per
1862 429 1986 458 litteras
2013 428 2102 458 Sedis
2127 429 2266 466 Aposto-

1257 481 1316 511 lice
1337 481 1557 520 cujuscunque
1579 481 1698 511 tenoris
1720 482 1871 511 obtentas
1893 482 2049 510 hactenus
2070 481 2121 510 vel
2142 480 2173 509 in
2196 489 2275 518 pos<

1258 536 1387 563 ternum
1402 534 1604 568 obtinendas,
1620 535 1743 563 nullum
1756 534 1820 572 juri
1833 536 1901 568 tuo,
1917 534 2004 573 quod
2018 533 2078 562 tibi
2092 542 2132 562 ex
2145 542 2268 562 succes-

1258 586 1346 616 sione
1372 589 1506 624 paterna
1532 587 1564 615 in
1589 587 1747 616 comitatu
1773 586 1941 616 Provincie
1966 586 2133 624 competit,
2159 586 2268 614 valeat

1258 638 1472 678 prejudicium
1506 639 1658 677 generari.
1694 639 1781 668 Nulli
1816 642 1922 669 nostre
1961 638 2171 668 concessionis
2206 640 2268 667 etc.

1260 692 1336 721 Dat,
1357 691 1504 725 Viterbii,
1526 692 1557 721 X
1576 692 1640 721 kal.
1661 692 1823 726 februarii,
1844 701 1929 721 anno
1950 694 2076 730 quarto.
2098 702 2109 718 »

1341 872 1430 898 2482
1755 872 1893 903 Viterbe,
1907 871 1943 898 18
1956 871 2070 897 sevrier
2100 871 2186 897 1258.

1303 921 1453 954 Magistro
1475 920 1605 947 Nicolao
1627 920 1664 946 de
1686 920 1787 952 Wich,
1809 920 1848 946 ab
1872 919 1911 946 H.
1935 919 1963 946 S.
1988 919 2122 945 Sabinae
2144 919 2271 952 presby-

1262 962 1329 986 tero
1356 960 1508 986 cardinali
1535 960 1766 991 commendato,
1793 960 1935 992 indulget
1962 960 2007 990 ut,
2034 966 2097 985 non
2123 959 2271 985 obstante

1263 1000 1387 1026 defectu
1412 1000 1568 1026 natalium
1594 1006 1688 1033 quem
1713 999 1845 1032 patitur,
1872 999 1909 1025 de
1935 998 2066 1024 diacono
2092 998 2214 1031 genitus
2240 999 2272 1024 et

1263 1039 1375 1070 soluta,
1389 1039 1421 1065 in
1434 1039 1586 1072 susceptis
1599 1039 1777 1065 ministrare
1790 1038 1952 1065 ordinibus
1965 1039 1996 1064 et
2009 1038 2040 1063 in
2053 1038 2271 1070 presbyterum

1262 1079 1439 1112 promoveri
1461 1086 1497 1105 ac
1518 1078 1706 1104 beneficium
1728 1078 1973 1104 ecclesiasticum
1994 1077 2135 1103 obtinere
2156 1077 2269 1103 valeat.

1262 1118 1359 1151 (REG.
1378 1118 1426 1150 25,
1444 1118 1464 1145 f.
1486 1118 1542 1144 126
1560 1125 1609 1145 an.
1631 1118 1684 1149 IV,
1702 1125 1726 1145 c.
1746 1118 1808 1150 63.)

1302 1214 1315 1229 «
1335 1202 1492 1241 Magistro
1515 1202 1646 1231 Nicolao
1668 1202 1704 1231 de
1728 1202 1826 1236 Wich,
1850 1202 1979 1231 diacono
2003 1201 2193 1231 Ossoriensis
2207 1200 2272 1229 dio·

1261 1255 1347 1285 cesis.
1372 1256 1408 1285 In
1429 1258 1539 1284 nostra
1560 1255 1758 1285 constitutus
1778 1272 1828 1283 —-.
1851 1255 1927 1284 Dat.
1949 1254 2096 1288 Viterbii,
2119 1254 2185 1283 XII
2207 1253 2271 1282 kal.

1260 1308 1380 1342 martii,
1407 1317 1492 1337 anno
1519 1310 1646 1346 quarto.
1674 1319 1686 1334 »

1341 1481 1430 1506 2483
1788 1481 1927 1512 Viterbe‚
1939 1481 1977 1507 22
1988 1480 2102 1508 sevrier
2114 1481 2200 1508 1258.

1303 1529 1429 1555 Decano
1448 1531 1478 1555 et
1497 1530 1621 1556 custodi
1638 1530 1785 1556 ecclesiae
1804 1529 1832 1556 S.
1853 1529 2018 1561 Leonardi‚
2036 1529 2272 1562 Argentinensis

1262 1569 1403 1600 diocesis,
1431 1569 1563 1595 mandat
1591 1571 1626 1595 ut
1653 1569 1693 1595 ad
1720 1569 1932 1602 provisionem
1959 1569 2131 1602 praepositi
2156 1569 2272 1602 Argen-

1260 1608 1392 1634 tinensis
1421 1610 1453 1634 et
1482 1609 1617 1635 Conradi
1645 1609 1758 1640 clerici,
1788 1609 1929 1642 eJusdem
1958 1609 2129 1642 praepositi
2145 1615 2274 1634 consan-

1261 1648 1376 1681 guinei‚
1400 1649 1561 1681 procedat,
1585 1656 1648 1674 non
1671 1648 1874 1675 obstantibus
1898 1648 2178 1675 constitutionibus
2202 1655 2273 1674 con—

1261 1688 1375 1714 trariis,
1395 1688 1491 1721 (REG.
1512 1688 1560 1720 25,
1579 1688 1599 1715 f.
1614 1688 1680 1720 126,
1693 1695 1741 1715 an.
1758 1688 1809 1720 IV,
1822 1695 1845 1715 c.
1859 1688 1895 1714 64
1909 1696 1916 1720 ;
1929 1688 2155 1719 RODENBERG,
2174 1688 2196 1714 t.
2212 1687 2271 1720 111,

1261 1730 1299 1754 n⁰
1317 1727 1400 1761 475).

1301 1837 1345 1860 «..,
1368 1825 1481 1855 decano
1503 1827 1529 1854 et
1549 1826 1667 1855 custodi
1688 1825 1808 1855 ecclesie
1830 1826 1937 1855 Sancti
1958 1826 2122 1860 Leonardi‚
2154 1826 2282 1868 Argen·⁴

1258 1878 1390 1907 tinensis
1414 1878 1554 1907 diocesis.
1580 1878 1632 1908 Ex
1656 1881 1748 1917 parte
1786 1878 1977 1908 dilectorum
2002 1878 2176 1912 filiorum..‚
2202 1887 2271 1917 pre-

1259 1930 1355 1969 positi
1362 1931 1614 1969 Argentinensis,
1628 1931 1697 1960 nati
1708 1931 1822 1960 nobilis
1841 1931 1902 1960 viri
1916 1931 2037 1960 domini
2049 1932 2087 1960 de
2096 1931 2272 1961 Gevolseke

1259 1985 1292 2012 et
1307 1983 1455 2017 Conradi,
1484 1983 1598 2017 clem'ci,
1615 1984 1843 2022 consanguinei
1866 1984 1926 2018 sui,
1942 1984 2051 2013 fratris
2067 1984 2271 2013 dominorum

1259 2036 1299 2065 de
1328 2036 1532 2074 Lytemberc,
1554 2037 1795 2075 Argentinensis
1814 2037 1958 2071 diocesis,
1978 2036 2041 2066 fuit
2071 2037 2272 2075 propositum

1259 2098 1367 2118 coram
1382 2089 1474 2118 nobis
1489 2089 1576 2128 quod
1592 2089 1727 2118 dilectus
1741 2089 1827 2118 filius
1843 2091 1951 2118 noster
1966 2090 2000 2118 P.
2018 2089 2127 2119 Sancti
2143 2089 2269 2128 Georgii

1259 2142 1301 2171 ad
1317 2141 1433 2171 Velum
1449 2142 1592 2171 Aureum
1609 2142 1763 2171 diaconus
1780 2142 1961 2176 cardinalis,
1979 2145 2058 2171 tunc
2074 2142 2106 2171 in
2123 2142 2270 2180 partibus

1258 2194 1319 2223 illis
1341 2194 1525 2232 Apostolice
1555 2195 1644 2224 Sedis
1671 2195 1807 2233 legatus,
1836 2195 1921 2233 ipsos
1950 2196 2087 2224 obtentu
2116 2195 2271 2224 nobilium

1259 2247 1434 2276 eorundem
1454 2247 1510 2285 qui
1529 2248 1739 2286 personaliter
1757 2248 1789 2276 in
1809 2247 1929 2277 eisdem
1949 2247 2096 2285 partibus
2116 2248 2270 2286 generalis

1260 2300 1400 2329 Ecclesie
1420 2300 1584 2338 negotium
1605 2303 1845 2339 prosequentes,
1856 2301 1896 2330 ad
1916 2300 2015 2338 ipsius
2035 2301 2268 2338 promotionem

1259 2361 1411 2391 personas
1425 2355 1457 2381 et
1471 2353 1555 2382 bona
1569 2353 1708 2382 fideliter
1721 2353 1939 2391 exponebant,
1954 2353 1985 2382 in
2000 2362 2074 2382 suos
2088 2353 2269 2391 capellanos

1259 2405 1401 2434 admisit.
1423 2405 1543 2434 Verum
1565 2406 1640 2444 quia
1663 2406 1871 2444 postmodum
1893 2414 1989 2444 super
2009 2406 2270 2435 revocationibus

1260 2460 1421 2487 certarum
1459 2458 1679 2496 provisionum
1716 2461 1749 2487 et.
1786 2459 2005 2496 receptionum
2043 2459 2269 2488 canonicorum

1261 2511 1439 2548 prebendas
1461 2511 1704 2549 expectantium
1727 2511 1811 2540 ultra
1834 2511 2077 2549 quaternarium
2100 2520 2268 2540 numerum

1259 2566 1432 2592 vacaturas
1448 2572 1466 2593 a
1483 2564 1573 2593 nobis
1589 2566 1673 2593 certe
1689 2564 1938 2593 constitutiones
1953 2566 2156 2597 emanarunt,
2173 2564 2268 2593 iidem

1260 2616 1426 2654 capellani,
1449 2625 1488 2646 ne
1522 2626 1577 2654 per
1606 2617 1853 2646 constitutiones
1885 2617 1969 2654 ipsas
1992 2617 2035 2645 eis
2058 2615 2269 2654 prejudicium

1259 2671 1437 2708 generetur,
1464 2669 1647 2707 Apostolice
1674 2669 1762 2698 Sedis
1787 2669 1925 2708 gratiam
1951 2669 2174 2707 implorarunt.
2202 2669 2268 2697 Nos

1259 2724 1380 2756 autem,
1410 2722 1546 2751 obtentu
1576 2722 1731 2751 nobilium
1760 2722 1945 2756 eorundem,
1975 2721 2144 2759 specialem
2173 2721 2268 2750 dictis

1259 2774 1431 2812 capellanis
1451 2775 1587 2813 gratiam
1608 2774 1773 2809 facientes,
1794 2775 1987 2804 mandamus
2008 2773 2161 2812 quatinus
2182 2774 2267 2812 ipsos

1257 2827 1290 2856 in
1304 2827 1442 2856 ecelesiis
1455 2836 1473 2856 a
1488 2827 1604 2865 quibus
1617 2830 1694 2856 sunt
1708 2837 1763 2865 per
1777 2827 2024 2856 constitutiones
2038 2827 2122 2864 ipsas
2136 2827 2267 2860 exclusi,

1257 2880 1299 2909 ad
1320 2880 1373 2917 jus
1396 2880 1481 2918 quod
1505 2889 1544 2909 ex
1566 2880 1677 2917 gratiis
1699 2880 1759 2909 sibi
1782 2879 1876 2908 factis
1899 2879 2023 2909 ratione
2046 2879 2267 2917 provisionum

1257 2941 1313 2961 seu
1340 2932 1560 2970 receptionum
1589 2932 1774 2970 hujusmodi
1801 2932 2018 2970 competebat,
2046 2932 2165 2961 eisdem
2193 2941 2268 2961 auc-

1256 2985 1390 3014 toritate
1424 2988 1533 3014 nostra
1567 2985 1784 3018 restituentes,
1819 2985 1860 3014 ad
1895 2985 2111 3023 provisionem
2144 2993 2264 3018 eorum,

1258 3037 1289 3066 in
1306 3037 1382 3076 ipsis
1398 3037 1535 3067 ecclesiis
1551 3047 1607 3076 per
1621 3047 1679 3067 vos
1694 3038 1744 3067 vel
1761 3047 1817 3075 per
1831 3038 1929 3067 alium
1946 3046 2001 3067 seu
2016 3037 2094 3067 alios
2111 3037 2267 3067 constitu-
