<?xml version="1.0" encoding="UTF-8"?>
<!DOCTYPE html PUBLIC "-//W3C//DTD XHTML 1.0 Transitional//EN"
    "http://www.w3.org/TR/xhtml1/DTD/xhtml1-transitional.dtd">
<html xmlns="http://www.w3.org/1999/xhtml" xml:lang="en" lang="en">
 <head>
  <title>
</title>
<meta http-equiv="Content-Type" content="text/html;charset=utf-8" />
  <meta name='ocr-system' content='tesseract 3.04.00' />
  <meta name='ocr-capabilities' content='ocr_page ocr_carea ocr_par ocr_line ocrx_word'/>
</head>
<body>
  <div class='ocr_page' id='page_1' title='image "./lesregistresdegr02cathuoft_0327.png"; bbox 0 0 2477 3512; ppageno 0'>
   <div class='ocr_carea' id='block_1_1' title="bbox 978 315 2267 356">
    <p class='ocr_par' dir='ltr' id='par_1_1' title="bbox 978 315 2267 356">
     <span class='ocr_line' id='line_1_1' title="bbox 978 315 2267 356; baseline 0.002 -8"><span class='ocrx_word' id='word_1_1' title='bbox 978 315 1255 356; x_wconf 85' lang='lat' dir='ltr'><strong>QUATRIEME</strong></span> <span class='ocrx_word' id='word_1_2' title='bbox 1275 316 1438 349; x_wconf 92' lang='lat' dir='ltr'>ANNEE</span> <span class='ocrx_word' id='word_1_3' title='bbox 2210 321 2267 351; x_wconf 87' lang='grc'>791</span> 
     </span>
    </p>
   </div>
   <div class='ocr_carea' id='block_1_2' title="bbox 151 424 1159 931">
    <p class='ocr_par' dir='ltr' id='par_1_2' title="bbox 151 424 1159 931">
     <span class='ocr_line' id='line_1_2' title="bbox 154 424 1156 458; baseline -0.002 -6"><span class='ocrx_word' id='word_1_4' title='bbox 154 426 192 452; x_wconf 93' lang='lat' dir='ltr'>de</span> <span class='ocrx_word' id='word_1_5' title='bbox 218 424 374 456; x_wconf 90' lang='lat' dir='ltr'>Laxtone,</span> <span class='ocrx_word' id='word_1_6' title='bbox 401 424 629 451; x_wconf 90' lang='lat' dir='ltr'>Lincolniensis</span> <span class='ocrx_word' id='word_1_7' title='bbox 655 424 799 456; x_wconf 89' lang='lat' dir='ltr'>diocesis,</span> <span class='ocrx_word' id='word_1_8' title='bbox 825 424 857 451; x_wconf 93' lang='lat' dir='ltr'>in</span> <span class='ocrx_word' id='word_1_9' title='bbox 883 431 947 458; x_wconf 91' lang='lat' dir='ltr'>qua</span> <span class='ocrx_word' id='word_1_10' title='bbox 971 424 1022 457; x_wconf 85' lang='lat' dir='ltr'>jus</span> <span class='ocrx_word' id='word_1_11' title='bbox 1048 426 1156 458; x_wconf 89' lang='lat' dir='ltr'>patro-</span> 
     </span>
     <span class='ocr_line' id='line_1_3' title="bbox 153 464 1156 497; baseline -0.001 -6"><span class='ocrx_word' id='word_1_12' title='bbox 153 466 249 491; x_wconf 86' lang='lat' dir='ltr'><strong>natus</strong></span> <span class='ocrx_word' id='word_1_13' title='bbox 282 464 404 490; x_wconf 85' lang='lat' dir='ltr'>habent</span> <span class='ocrx_word' id='word_1_14' title='bbox 438 464 592 497; x_wconf 86' lang='lat' dir='ltr'>cujusque</span> <span class='ocrx_word' id='word_1_15' title='bbox 626 466 801 497; x_wconf 86' lang='lat' dir='ltr'>proventus</span> <span class='ocrx_word' id='word_1_16' title='bbox 836 464 1051 497; x_wconf 88' lang='lat' dir='ltr'>quadraginta</span> <span class='ocrx_word' id='word_1_17' title='bbox 1084 464 1156 490; x_wconf 91' lang='lat' dir='ltr'>soli-</span> 
     </span>
     <span class='ocr_line' id='line_1_4' title="bbox 154 503 1157 536; baseline -0.001 -6"><span class='ocrx_word' id='word_1_18' title='bbox 154 505 267 531; x_wconf 88' lang='lat' dir='ltr'>dorum</span> <span class='ocrx_word' id='word_1_19' title='bbox 283 503 513 536; x_wconf 87' lang='lat' dir='ltr'>Sterlingorum</span> <span class='ocrx_word' id='word_1_20' title='bbox 536 510 695 530; x_wconf 86' lang='lat' dir='ltr'>summam</span> <span class='ocrx_word' id='word_1_21' title='bbox 717 504 807 530; x_wconf 87' lang='lat' dir='ltr'>annis</span> <span class='ocrx_word' id='word_1_22' title='bbox 829 503 960 536; x_wconf 91' lang='lat' dir='ltr'>singulis</span> <span class='ocrx_word' id='word_1_23' title='bbox 981 510 1045 529; x_wconf 91' lang='lat' dir='ltr'>non</span> <span class='ocrx_word' id='word_1_24' title='bbox 1068 510 1157 529; x_wconf 87' lang='lat' dir='ltr'>exce-</span> 
     </span>
     <span class='ocr_line' id='line_1_5' title="bbox 153 542 1156 576; baseline -0.001 -7"><span class='ocrx_word' id='word_1_25' title='bbox 153 544 246 574; x_wconf 90' lang='lat' dir='ltr'>dunt,</span> <span class='ocrx_word' id='word_1_26' title='bbox 277 550 349 569; x_wconf 92' lang='lat' dir='ltr'>cum</span> <span class='ocrx_word' id='word_1_27' title='bbox 380 543 527 569; x_wconf 90' lang='lat' dir='ltr'>omnibus</span> <span class='ocrx_word' id='word_1_28' title='bbox 549 543 673 576; x_wconf 83' lang='lat' dir='ltr'>juribus</span> <span class='ocrx_word' id='word_1_29' title='bbox 704 544 736 569; x_wconf 90' lang='lat' dir='ltr'>et</span> <span class='ocrx_word' id='word_1_30' title='bbox 767 543 969 576; x_wconf 82' lang='lat' dir='ltr'>pertinentiis</span> <span class='ocrx_word' id='word_1_31' title='bbox 999 542 1156 573; x_wconf 90' lang='lat' dir='ltr'>concedit,</span> 
     </span>
     <span class='ocr_line' id='line_1_6' title="bbox 152 582 1158 616; baseline -0.002 -7"><span class='ocrx_word' id='word_1_32' title='bbox 152 582 319 615; x_wconf 85' lang='lat' dir='ltr'>indulgens</span> <span class='ocrx_word' id='word_1_33' title='bbox 351 584 387 608; x_wconf 91' lang='lat' dir='ltr'>ut</span> <span class='ocrx_word' id='word_1_34' title='bbox 418 583 585 608; x_wconf 76' lang='lat' dir='ltr'>«cedente</span> <span class='ocrx_word' id='word_1_35' title='bbox 616 582 665 608; x_wconf 88' lang='lat' dir='ltr'>vel</span> <span class='ocrx_word' id='word_1_36' title='bbox 698 582 870 609; x_wconf 79' lang='lat' dir='ltr'>decedente</span> <span class='ocrx_word' id='word_1_37' title='bbox 900 583 999 616; x_wconf 89' lang='lat' dir='ltr'>ipsius</span> <span class='ocrx_word' id='word_1_38' title='bbox 1029 582 1158 608; x_wconf 83' lang='lat' dir='ltr'>ecclesie</span> 
     </span>
     <span class='ocr_line' id='line_1_7' title="bbox 152 621 1158 655; baseline -0.001 -7"><span class='ocrx_word' id='word_1_39' title='bbox 152 623 285 653; x_wconf 88' lang='lat' dir='ltr'>rectore,</span> <span class='ocrx_word' id='word_1_40' title='bbox 307 622 406 655; x_wconf 90' lang='lat' dir='ltr'>ipsius</span> <span class='ocrx_word' id='word_1_41' title='bbox 427 622 659 655; x_wconf 87' lang='lat' dir='ltr'>possessionem</span> <span class='ocrx_word' id='word_1_42' title='bbox 681 622 841 648; x_wconf 87' lang='lat' dir='ltr'>diocesani</span> <span class='ocrx_word' id='word_1_43' title='bbox 863 622 913 648; x_wconf 89' lang='lat' dir='ltr'>vel</span> <span class='ocrx_word' id='word_1_44' title='bbox 941 621 1158 648; x_wconf 84' lang='lat' dir='ltr'>archidiaconi</span> 
     </span>
     <span class='ocr_line' id='line_1_8' title="bbox 152 661 1157 694; baseline -0.001 -7"><span class='ocrx_word' id='word_1_45' title='bbox 152 662 212 688; x_wconf 90' lang='lat' dir='ltr'>loci</span> <span class='ocrx_word' id='word_1_46' title='bbox 235 663 291 688; x_wconf 92' lang='lat' dir='ltr'>aut</span> <span class='ocrx_word' id='word_1_47' title='bbox 314 661 486 694; x_wconf 74' lang='lat' dir='ltr'>quuslibet</span> <span class='ocrx_word' id='word_1_48' title='bbox 511 661 642 687; x_wconf 87' lang='lat' dir='ltr'>alterius</span> <span class='ocrx_word' id='word_1_49' title='bbox 669 668 798 687; x_wconf 90' lang='lat' dir='ltr'>assensu</span> <span class='ocrx_word' id='word_1_50' title='bbox 830 662 961 687; x_wconf 89' lang='lat' dir='ltr'>minime</span> <span class='ocrx_word' id='word_1_51' title='bbox 992 661 1157 694; x_wconf 86' lang='lat' dir='ltr'>requisito,</span> 
     </span>
     <span class='ocr_line' id='line_1_9' title="bbox 153 700 1158 734; baseline -0.001 -7"><span class='ocrx_word' id='word_1_52' title='bbox 153 701 347 727; x_wconf 88' lang='lat' dir='ltr'>auctoritate</span> <span class='ocrx_word' id='word_1_53' title='bbox 366 701 495 734; x_wconf 87' lang='lat' dir='ltr'>propria</span> <span class='ocrx_word' id='word_1_54' title='bbox 513 701 635 733; x_wconf 82' lang='lat' dir='ltr'>ingredi</span> <span class='ocrx_word' id='word_1_55' title='bbox 652 701 750 727; x_wconf 89' lang='lat' dir='ltr'>libere</span> <span class='ocrx_word' id='word_1_56' title='bbox 769 701 914 732; x_wconf 83' lang='lat' dir='ltr'>valeatiS,</span> <span class='ocrx_word' id='word_1_57' title='bbox 932 701 1094 733; x_wconf 85' lang='lat' dir='ltr'>assignata</span> <span class='ocrx_word' id='word_1_58' title='bbox 1111 700 1158 726; x_wconf 86' lang='lat' dir='ltr'>vi-</span> 
     </span>
     <span class='ocr_line' id='line_1_10' title="bbox 153 739 1158 774; baseline -0.001 -8"><span class='ocrx_word' id='word_1_59' title='bbox 153 741 237 767; x_wconf 89' lang='lat' dir='ltr'>cario</span> <span class='ocrx_word' id='word_1_60' title='bbox 254 740 309 774; x_wconf 91' lang='lat' dir='ltr'>qui</span> <span class='ocrx_word' id='word_1_61' title='bbox 324 747 380 773; x_wconf 90' lang='lat' dir='ltr'>pro</span> <span class='ocrx_word' id='word_1_62' title='bbox 396 741 540 773; x_wconf 91' lang='lat' dir='ltr'>tempore</span> <span class='ocrx_word' id='word_1_63' title='bbox 556 740 588 766; x_wconf 91' lang='lat' dir='ltr'>in</span> <span class='ocrx_word' id='word_1_64' title='bbox 604 740 673 773; x_wconf 88' lang='lat' dir='ltr'>ipsa</span> <span class='ocrx_word' id='word_1_65' title='bbox 689 740 844 771; x_wconf 86' lang='lat' dir='ltr'>servierit,</span> <span class='ocrx_word' id='word_1_66' title='bbox 862 740 899 766; x_wconf 89' lang='lat' dir='ltr'>de</span> <span class='ocrx_word' id='word_1_67' title='bbox 915 740 1014 773; x_wconf 90' lang='lat' dir='ltr'>ipsius</span> <span class='ocrx_word' id='word_1_68' title='bbox 1030 739 1158 766; x_wconf 87' lang='lat' dir='ltr'>ecclesie</span> 
     </span>
     <span class='ocr_line' id='line_1_11' title="bbox 153 779 1159 814; baseline -0.001 -8"><span class='ocrx_word' id='word_1_69' title='bbox 153 779 373 814; x_wconf 77' lang='lat' dir='ltr'>proventibuS‚</span> <span class='ocrx_word' id='word_1_70' title='bbox 387 780 533 813; x_wconf 85' lang='lat' dir='ltr'>portione</span> <span class='ocrx_word' id='word_1_71' title='bbox 558 780 641 806; x_wconf 90' lang='lat' dir='ltr'>unde</span> <span class='ocrx_word' id='word_1_72' title='bbox 665 779 772 806; x_wconf 85' lang='lat' dir='ltr'>valeat</span> <span class='ocrx_word' id='word_1_73' title='bbox 802 785 974 813; x_wconf 84' lang='lat' dir='ltr'>congruam</span> <span class='ocrx_word' id='word_1_74' title='bbox 999 781 1159 805; x_wconf 86' lang='lat' dir='ltr'>sustenta-</span> 
     </span>
     <span class='ocr_line' id='line_1_12' title="bbox 151 819 1159 852; baseline -0.002 -6"><span class='ocrx_word' id='word_1_75' title='bbox 151 820 273 846; x_wconf 86' lang='lat' dir='ltr'>tionem</span> <span class='ocrx_word' id='word_1_76' title='bbox 293 819 410 845; x_wconf 90' lang='lat' dir='ltr'>habere</span> <span class='ocrx_word' id='word_1_77' title='bbox 436 826 473 845; x_wconf 92' lang='lat' dir='ltr'>ac</span> <span class='ocrx_word' id='word_1_78' title='bbox 492 819 686 852; x_wconf 88' lang='lat' dir='ltr'>episcopalia</span> <span class='ocrx_word' id='word_1_79' title='bbox 712 819 982 846; x_wconf 85' lang='lat' dir='ltr'>archidiaconalia</span> <span class='ocrx_word' id='word_1_80' title='bbox 1002 820 1034 845; x_wconf 88' lang='lat' dir='ltr'>et</span> <span class='ocrx_word' id='word_1_81' title='bbox 1054 820 1159 845; x_wconf 85' lang='lat' dir='ltr'>cetera</span> 
     </span>
     <span class='ocr_line' id='line_1_13' title="bbox 151 858 1158 892; baseline -0.001 -8"><span class='ocrx_word' id='word_1_82' title='bbox 151 859 251 892; x_wconf 88' lang='lat' dir='ltr'>ipsius</span> <span class='ocrx_word' id='word_1_83' title='bbox 264 858 393 885; x_wconf 85' lang='lat' dir='ltr'>ecclesie</span> <span class='ocrx_word' id='word_1_84' title='bbox 407 865 503 885; x_wconf 90' lang='lat' dir='ltr'>onera</span> <span class='ocrx_word' id='word_1_85' title='bbox 516 860 737 892; x_wconf 75' lang='lat' dir='ltr'>supportare.»</span> <span class='ocrx_word' id='word_1_86' title='bbox 750 858 848 891; x_wconf 73' lang='lat' dir='ltr'>(Bm.</span> <span class='ocrx_word' id='word_1_87' title='bbox 864 858 912 890; x_wconf 87' lang='lat'>25,</span> <span class='ocrx_word' id='word_1_88' title='bbox 924 858 945 884; x_wconf 90' lang='lat' dir='ltr'>f.</span> <span class='ocrx_word' id='word_1_89' title='bbox 959 858 1027 890; x_wconf 90' lang='lat'>135,</span> <span class='ocrx_word' id='word_1_90' title='bbox 1039 865 1090 884; x_wconf 85' lang='lat' dir='ltr'>an.</span> <span class='ocrx_word' id='word_1_91' title='bbox 1105 858 1158 889; x_wconf 86' lang='lat' dir='ltr'>IV,</span> 
     </span>
     <span class='ocr_line' id='line_1_14' title="bbox 152 898 300 931; baseline -0.007 -6"><span class='ocrx_word' id='word_1_92' title='bbox 152 905 177 925; x_wconf 91' lang='lat' dir='ltr'>c.</span> <span class='ocrx_word' id='word_1_93' title='bbox 204 898 300 931; x_wconf 73' lang='lat'>109³.)</span> 
     </span>
    </p>
   </div>
   <div class='ocr_carea' id='block_1_3' title="bbox 150 986 1160 1184">
    <p class='ocr_par' dir='ltr' id='par_1_3' title="bbox 150 986 1160 1184">
     <span class='ocr_line' id='line_1_15' title="bbox 193 986 1159 1026; baseline 0.002 -12"><span class='ocrx_word' id='word_1_94' title='bbox 193 999 249 1021; x_wconf 86' lang='lat'>«..‚</span> <span class='ocrx_word' id='word_1_95' title='bbox 282 987 382 1026; x_wconf 81' lang='lat' dir='ltr'>priori</span> <span class='ocrx_word' id='word_1_96' title='bbox 414 989 440 1016; x_wconf 84' lang='lat' dir='ltr'>el</span> <span class='ocrx_word' id='word_1_97' title='bbox 471 987 632 1016; x_wconf 80' lang='lat' dir='ltr'>conventui</span> <span class='ocrx_word' id='word_1_98' title='bbox 663 987 843 1016; x_wconf 82' lang='lat' dir='ltr'>monasterii</span> <span class='ocrx_word' id='word_1_99' title='bbox 875 987 910 1016; x_wconf 84' lang='lat' dir='ltr'>de</span> <span class='ocrx_word' id='word_1_100' title='bbox 942 986 1159 1021; x_wconf 68' lang='lat' dir='ltr'>Finnelhevmi,</span> 
     </span>
     <span class='ocr_line' id='line_1_16' title="bbox 151 1039 1158 1078; baseline 0 -9"><span class='ocrx_word' id='word_1_101' title='bbox 151 1040 271 1069; x_wconf 83' lang='lat' dir='ltr'>ordinis</span> <span class='ocrx_word' id='word_1_102' title='bbox 306 1040 413 1070; x_wconf 79' lang='lat' dir='ltr'>Sancti</span> <span class='ocrx_word' id='word_1_103' title='bbox 447 1039 631 1078; x_wconf 66' lang='lat' dir='ltr'>Auqusfini,</span> <span class='ocrx_word' id='word_1_104' title='bbox 674 1039 905 1069; x_wconf 85' lang='lat' dir='ltr'>Lincolniensis</span> <span class='ocrx_word' id='word_1_105' title='bbox 939 1040 1068 1069; x_wconf 81' lang='lat' dir='ltr'>diocesis</span> <span class='ocrx_word' id='word_1_106' title='bbox 1102 1040 1158 1078; x_wconf 89' lang='grc'>(1).</span> 
     </span>
     <span class='ocr_line' id='line_1_17' title="bbox 154 1092 1160 1131; baseline 0 -10"><span class='ocrx_word' id='word_1_107' title='bbox 154 1093 296 1131; x_wconf 89' lang='lat' dir='ltr'>Injuncti</span> <span class='ocrx_word' id='word_1_108' title='bbox 319 1092 419 1122; x_wconf 82' lang='lat' dir='ltr'>officii</span> <span class='ocrx_word' id='word_1_109' title='bbox 441 1092 623 1122; x_wconf 87' lang='lat' dir='ltr'>sollicitudo</span> <span class='ocrx_word' id='word_1_110' title='bbox 646 1110 696 1121; x_wconf 84' lang='lat'>—-.</span> <span class='ocrx_word' id='word_1_111' title='bbox 721 1093 797 1122; x_wconf 88' lang='lat' dir='ltr'>Dat.</span> <span class='ocrx_word' id='word_1_112' title='bbox 822 1093 969 1126; x_wconf 89' lang='lat' dir='ltr'>Viterbii,</span> <span class='ocrx_word' id='word_1_113' title='bbox 997 1093 1064 1122; x_wconf 85' lang='lat' dir='ltr'>IIII</span> <span class='ocrx_word' id='word_1_114' title='bbox 1088 1092 1160 1121; x_wconf 89' lang='lat' dir='ltr'>idus</span> 
     </span>
     <span class='ocr_line' id='line_1_18' title="bbox 150 1145 573 1184; baseline -0.007 -9"><span class='ocrx_word' id='word_1_115' title='bbox 150 1145 269 1179; x_wconf 86' lang='lat' dir='ltr'>martii,</span> <span class='ocrx_word' id='word_1_116' title='bbox 296 1154 380 1175; x_wconf 91' lang='lat' dir='ltr'>anno</span> <span class='ocrx_word' id='word_1_117' title='bbox 407 1147 534 1184; x_wconf 85' lang='lat' dir='ltr'>quarto.</span> <span class='ocrx_word' id='word_1_118' title='bbox 561 1156 573 1172; x_wconf 85' lang='lat'>»</span> 
     </span>
    </p>
   </div>
   <div class='ocr_carea' id='block_1_4' title="bbox 230 1345 1075 1377">
    <p class='ocr_par' dir='ltr' id='par_1_4' title="bbox 230 1345 1075 1377">
     <span class='ocr_line' id='line_1_19' title="bbox 230 1345 1075 1377; baseline 0.001 -6"><span class='ocrx_word' id='word_1_119' title='bbox 230 1345 320 1371; x_wconf 81' lang='lat'>2536</span> <span class='ocrx_word' id='word_1_120' title='bbox 685 1346 826 1377; x_wconf 89' lang='lat' dir='ltr'>Viterbe,</span> <span class='ocrx_word' id='word_1_121' title='bbox 841 1345 877 1372; x_wconf 90' lang='lat'>12</span> <span class='ocrx_word' id='word_1_122' title='bbox 890 1353 973 1372; x_wconf 87' lang='lat' dir='ltr'>mars</span> <span class='ocrx_word' id='word_1_123' title='bbox 987 1346 1075 1372; x_wconf 86' lang='lat'>1258.</span> 
     </span>
    </p>
   </div>
   <div class='ocr_carea' id='block_1_5' title="bbox 146 1393 1159 1585">
    <p class='ocr_par' dir='ltr' id='par_1_5' title="bbox 146 1393 1159 1585">
     <span class='ocr_line' id='line_1_20' title="bbox 191 1393 1159 1427; baseline 0 -7"><span class='ocrx_word' id='word_1_124' title='bbox 191 1394 312 1420; x_wconf 87' lang='lat' dir='ltr'>Abbati</span> <span class='ocrx_word' id='word_1_125' title='bbox 340 1394 528 1420; x_wconf 87' lang='lat' dir='ltr'>monasterii</span> <span class='ocrx_word' id='word_1_126' title='bbox 556 1394 594 1420; x_wconf 90' lang='lat' dir='ltr'>de</span> <span class='ocrx_word' id='word_1_127' title='bbox 623 1394 795 1426; x_wconf 89' lang='lat' dir='ltr'>Evesham,</span> <span class='ocrx_word' id='word_1_128' title='bbox 830 1393 1057 1427; x_wconf 87' lang='lat' dir='ltr'>Wigorniensis</span> <span class='ocrx_word' id='word_1_129' title='bbox 1092 1395 1159 1420; x_wconf 92' lang='lat' dir='ltr'>dio-</span> 
     </span>
     <span class='ocr_line' id='line_1_21' title="bbox 149 1433 1158 1467; baseline 0.001 -8"><span class='ocrx_word' id='word_1_130' title='bbox 149 1434 238 1465; x_wconf 87' lang='lat' dir='ltr'>cesis,</span> <span class='ocrx_word' id='word_1_131' title='bbox 269 1433 405 1460; x_wconf 89' lang='lat' dir='ltr'>mandat</span> <span class='ocrx_word' id='word_1_132' title='bbox 436 1434 471 1459; x_wconf 88' lang='lat' dir='ltr'>ut</span> <span class='ocrx_word' id='word_1_133' title='bbox 502 1434 629 1459; x_wconf 89' lang='lat' dir='ltr'>eosdem</span> <span class='ocrx_word' id='word_1_134' title='bbox 661 1434 797 1467; x_wconf 88' lang='lat' dir='ltr'>priorem</span> <span class='ocrx_word' id='word_1_135' title='bbox 828 1435 861 1460; x_wconf 91' lang='lat' dir='ltr'>et</span> <span class='ocrx_word' id='word_1_136' title='bbox 892 1435 1087 1460; x_wconf 85' lang='lat' dir='ltr'>conventum</span> <span class='ocrx_word' id='word_1_137' title='bbox 1126 1434 1158 1460; x_wconf 90' lang='lat' dir='ltr'>in</span> 
     </span>
     <span class='ocr_line' id='line_1_22' title="bbox 149 1473 1159 1506; baseline 0 -7"><span class='ocrx_word' id='word_1_138' title='bbox 149 1474 254 1500; x_wconf 89' lang='lat' dir='ltr'>dictae</span> <span class='ocrx_word' id='word_1_139' title='bbox 278 1473 427 1499; x_wconf 87' lang='lat' dir='ltr'>ecclesiae</span> <span class='ocrx_word' id='word_1_140' title='bbox 453 1473 604 1499; x_wconf 89' lang='lat' dir='ltr'>Omnium</span> <span class='ocrx_word' id='word_1_141' title='bbox 629 1473 819 1499; x_wconf 88' lang='lat' dir='ltr'>Sanctorum</span> <span class='ocrx_word' id='word_1_142' title='bbox 844 1474 882 1499; x_wconf 90' lang='lat' dir='ltr'>de</span> <span class='ocrx_word' id='word_1_143' title='bbox 918 1473 1063 1499; x_wconf 89' lang='lat' dir='ltr'>Laxtone</span> <span class='ocrx_word' id='word_1_144' title='bbox 1088 1480 1159 1506; x_wconf 88' lang='lat' dir='ltr'>pos-</span> 
     </span>
     <span class='ocr_line' id='line_1_23' title="bbox 148 1512 1157 1546; baseline 0 -8"><span class='ocrx_word' id='word_1_145' title='bbox 148 1513 330 1543; x_wconf 90' lang='lat' dir='ltr'>sessionem,</span> <span class='ocrx_word' id='word_1_146' title='bbox 369 1512 501 1538; x_wconf 86' lang='lat' dir='ltr'>cedente</span> <span class='ocrx_word' id='word_1_147' title='bbox 538 1512 588 1538; x_wconf 91' lang='lat' dir='ltr'>vel</span> <span class='ocrx_word' id='word_1_148' title='bbox 627 1513 800 1539; x_wconf 86' lang='lat' dir='ltr'>decedente</span> <span class='ocrx_word' id='word_1_149' title='bbox 837 1513 981 1546; x_wconf 86' lang='lat' dir='ltr'>ejusdem</span> <span class='ocrx_word' id='word_1_150' title='bbox 1025 1514 1157 1544; x_wconf 91' lang='lat' dir='ltr'>rectore,</span> 
     </span>
     <span class='ocr_line' id='line_1_24' title="bbox 146 1550 954 1585; baseline -0.001 -7"><span class='ocrx_word' id='word_1_151' title='bbox 146 1552 290 1579; x_wconf 86' lang='lat' dir='ltr'>inducat.</span> <span class='ocrx_word' id='word_1_152' title='bbox 314 1552 412 1585; x_wconf 66' lang='grc' dir='ltr'>(Περ.</span> <span class='ocrx_word' id='word_1_153' title='bbox 437 1552 486 1583; x_wconf 88' lang='grc'>25,</span> <span class='ocrx_word' id='word_1_154' title='bbox 509 1551 530 1577; x_wconf 86' lang='lat' dir='ltr'>f.</span> <span class='ocrx_word' id='word_1_155' title='bbox 556 1551 624 1584; x_wconf 83' lang='lat'>135,</span> <span class='ocrx_word' id='word_1_156' title='bbox 649 1559 699 1578; x_wconf 84' lang='lat' dir='ltr'>an.</span> <span class='ocrx_word' id='word_1_157' title='bbox 726 1552 778 1578; x_wconf 91' lang='lat' dir='ltr'>IV.</span> <span class='ocrx_word' id='word_1_158' title='bbox 803 1560 828 1578; x_wconf 88' lang='lat' dir='ltr'>c.</span> <span class='ocrx_word' id='word_1_159' title='bbox 854 1550 954 1585; x_wconf 82' lang='lat' dir='ltr'>109b.)</span> 
     </span>
    </p>
   </div>
   <div class='ocr_carea' id='block_1_6' title="bbox 146 1641 1158 1785">
    <p class='ocr_par' dir='ltr' id='par_1_6' title="bbox 146 1641 1158 1785">
     <span class='ocr_line' id='line_1_25' title="bbox 189 1641 1158 1681; baseline 0.002 -12"><span class='ocrx_word' id='word_1_160' title='bbox 189 1653 233 1676; x_wconf 84' lang='lat'>«..‚</span> <span class='ocrx_word' id='word_1_161' title='bbox 260 1641 366 1670; x_wconf 81' lang='lat' dir='ltr'>abbati</span> <span class='ocrx_word' id='word_1_162' title='bbox 384 1641 565 1670; x_wconf 84' lang='lat' dir='ltr'>monasterii</span> <span class='ocrx_word' id='word_1_163' title='bbox 590 1641 626 1670; x_wconf 82' lang='lat' dir='ltr'>de</span> <span class='ocrx_word' id='word_1_164' title='bbox 642 1641 804 1675; x_wconf 80' lang='lat' dir='ltr'>Evesham,</span> <span class='ocrx_word' id='word_1_165' title='bbox 826 1641 1074 1681; x_wconf 77' lang='lat' dir='ltr'>Vi90r[n]iensis</span> <span class='ocrx_word' id='word_1_166' title='bbox 1092 1641 1158 1671; x_wconf 80' lang='lat' dir='ltr'>dio-</span> 
     </span>
     <span class='ocr_line' id='line_1_26' title="bbox 146 1693 1158 1732; baseline 0 -9"><span class='ocrx_word' id='word_1_167' title='bbox 146 1694 223 1723; x_wconf 82' lang='lat' dir='ltr'>cesis</span> <span class='ocrx_word' id='word_1_168' title='bbox 243 1694 288 1732; x_wconf 92' lang='lat'>(2)</span> <span class='ocrx_word' id='word_1_169' title='bbox 312 1693 453 1732; x_wconf 91' lang='lat' dir='ltr'>Injuncti</span> <span class='ocrx_word' id='word_1_170' title='bbox 473 1693 572 1723; x_wconf 84' lang='lat' dir='ltr'>officii</span> <span class='ocrx_word' id='word_1_171' title='bbox 592 1694 774 1724; x_wconf 88' lang='lat' dir='ltr'>sollicitudo</span> <span class='ocrx_word' id='word_1_172' title='bbox 793 1712 844 1723; x_wconf 92' lang='lat'>—.</span> <span class='ocrx_word' id='word_1_173' title='bbox 866 1694 942 1724; x_wconf 88' lang='lat' dir='ltr'>Dat.</span> <span class='ocrx_word' id='word_1_174' title='bbox 963 1694 1099 1724; x_wconf 87' lang='lat' dir='ltr'>Viterbii</span> <span class='ocrx_word' id='word_1_175' title='bbox 1120 1697 1158 1724; x_wconf 84' lang='lat' dir='ltr'>ut</span> 
     </span>
     <span class='ocr_line' id='line_1_27' title="bbox 146 1756 297 1785; baseline -0.02 -9"><span class='ocrx_word' id='word_1_176' title='bbox 146 1756 253 1785; x_wconf 82' lang='lat' dir='ltr'>supra.</span> <span class='ocrx_word' id='word_1_177' title='bbox 286 1758 297 1773; x_wconf 82' lang='grc'>))</span> 
     </span>
    </p>
   </div>
   <div class='ocr_carea' id='block_1_7' title="bbox 228 1964 1073 1996">
    <p class='ocr_par' dir='ltr' id='par_1_7' title="bbox 228 1964 1073 1996">
     <span class='ocr_line' id='line_1_28' title="bbox 228 1964 1073 1996; baseline 0.002 -7"><span class='ocrx_word' id='word_1_178' title='bbox 228 1964 318 1990; x_wconf 84' lang='grc'>2537</span> <span class='ocrx_word' id='word_1_179' title='bbox 597 1964 738 1996; x_wconf 90' lang='lat' dir='ltr'>Viterbe,</span> <span class='ocrx_word' id='word_1_180' title='bbox 752 1964 790 1991; x_wconf 91' lang='lat'>22</span> <span class='ocrx_word' id='word_1_181' title='bbox 804 1964 971 1991; x_wconf 78' lang='lat' dir='ltr'>decembre</span> <span class='ocrx_word' id='word_1_182' title='bbox 985 1965 1073 1991; x_wconf 86' lang='lat'>1257.</span> 
     </span>
    </p>
   </div>
   <div class='ocr_carea' id='block_1_8' title="bbox 148 2013 1158 2205">
    <p class='ocr_par' dir='ltr' id='par_1_8' title="bbox 148 2013 1158 2205">
     <span class='ocr_line' id='line_1_29' title="bbox 188 2013 1155 2045; baseline 0 -6"><span class='ocrx_word' id='word_1_183' title='bbox 188 2013 310 2039; x_wconf 89' lang='lat' dir='ltr'>Abbati</span> <span class='ocrx_word' id='word_1_184' title='bbox 336 2015 368 2039; x_wconf 90' lang='lat' dir='ltr'>et</span> <span class='ocrx_word' id='word_1_185' title='bbox 394 2013 568 2040; x_wconf 91' lang='lat' dir='ltr'>conventui</span> <span class='ocrx_word' id='word_1_186' title='bbox 595 2013 782 2039; x_wconf 91' lang='lat' dir='ltr'>monasterii</span> <span class='ocrx_word' id='word_1_187' title='bbox 809 2013 846 2039; x_wconf 93' lang='lat' dir='ltr'>de</span> <span class='ocrx_word' id='word_1_188' title='bbox 874 2013 1028 2039; x_wconf 89' lang='lat' dir='ltr'>Fontanis</span> <span class='ocrx_word' id='word_1_189' title='bbox 1054 2014 1155 2045; x_wconf 89' lang='lat' dir='ltr'>Albis,</span> 
     </span>
     <span class='ocr_line' id='line_1_30' title="bbox 148 2052 1157 2086; baseline 0.001 -8"><span class='ocrx_word' id='word_1_190' title='bbox 148 2052 363 2079; x_wconf 89' lang='lat' dir='ltr'>Cisterciensis</span> <span class='ocrx_word' id='word_1_191' title='bbox 389 2053 519 2084; x_wconf 88' lang='lat' dir='ltr'>ordinis,</span> <span class='ocrx_word' id='word_1_192' title='bbox 547 2052 739 2079; x_wconf 90' lang='lat' dir='ltr'>Turonensis</span> <span class='ocrx_word' id='word_1_193' title='bbox 772 2053 916 2084; x_wconf 87' lang='lat' dir='ltr'>diocesis,</span> <span class='ocrx_word' id='word_1_194' title='bbox 942 2053 1087 2086; x_wconf 87' lang='lat' dir='ltr'>indulget</span> <span class='ocrx_word' id='word_1_195' title='bbox 1120 2054 1157 2079; x_wconf 91' lang='lat' dir='ltr'>ut</span> 
     </span>
     <span class='ocr_line' id='line_1_31' title="bbox 148 2092 1158 2126; baseline 0 -8"><span class='ocrx_word' id='word_1_196' title='bbox 148 2092 187 2118; x_wconf 88' lang='lat' dir='ltr'>de</span> <span class='ocrx_word' id='word_1_197' title='bbox 196 2092 288 2118; x_wconf 89' lang='lat' dir='ltr'>terris</span> <span class='ocrx_word' id='word_1_198' title='bbox 310 2092 698 2124; x_wconf 86' lang='lat' dir='ltr'>monasteriiexcolendis,</span> <span class='ocrx_word' id='word_1_199' title='bbox 722 2093 760 2118; x_wconf 91' lang='lat' dir='ltr'>de</span> <span class='ocrx_word' id='word_1_200' title='bbox 771 2092 887 2125; x_wconf 87' lang='lat' dir='ltr'>quibus</span> <span class='ocrx_word' id='word_1_201' title='bbox 910 2094 1019 2121; x_wconf 87' lang='lat' dir='ltr'>tamen</span> <span class='ocrx_word' id='word_1_202' title='bbox 1041 2093 1158 2126; x_wconf 87' lang='lat' dir='ltr'>aliquis</span> 
     </span>
     <span class='ocr_line' id='line_1_32' title="bbox 149 2131 1158 2166; baseline 0 -8"><span class='ocrx_word' id='word_1_203' title='bbox 149 2131 288 2158; x_wconf 84' lang='lat' dir='ltr'>decimas</span> <span class='ocrx_word' id='word_1_204' title='bbox 320 2139 384 2158; x_wconf 93' lang='lat' dir='ltr'>non</span> <span class='ocrx_word' id='word_1_205' title='bbox 416 2132 569 2166; x_wconf 81' lang='lat' dir='ltr'>percepit,</span> <span class='ocrx_word' id='word_1_206' title='bbox 602 2132 708 2158; x_wconf 90' lang='lat' dir='ltr'>nullus</span> <span class='ocrx_word' id='word_1_207' title='bbox 741 2132 880 2158; x_wconf 87' lang='lat' dir='ltr'>decimas</span> <span class='ocrx_word' id='word_1_208' title='bbox 912 2132 1036 2165; x_wconf 85' lang='lat' dir='ltr'>exigere</span> <span class='ocrx_word' id='word_1_209' title='bbox 1068 2140 1158 2166; x_wconf 84' lang='lat' dir='ltr'>prae·</span> 
     </span>
     <span class='ocr_line' id='line_1_33' title="bbox 149 2171 877 2205; baseline -0.001 -8"><span class='ocrx_word' id='word_1_210' title='bbox 149 2173 266 2198; x_wconf 90' lang='lat' dir='ltr'>sumat.</span> <span class='ocrx_word' id='word_1_211' title='bbox 285 2171 384 2205; x_wconf 75' lang='lat' dir='ltr'>(REG.</span> <span class='ocrx_word' id='word_1_212' title='bbox 405 2171 453 2203; x_wconf 88' lang='lat'>25,</span> <span class='ocrx_word' id='word_1_213' title='bbox 472 2171 493 2197; x_wconf 82' lang='lat' dir='ltr'>f.</span> <span class='ocrx_word' id='word_1_214' title='bbox 516 2171 583 2203; x_wconf 82' lang='lat'>135,</span> <span class='ocrx_word' id='word_1_215' title='bbox 603 2179 653 2198; x_wconf 88' lang='lat' dir='ltr'>an.</span> <span class='ocrx_word' id='word_1_216' title='bbox 676 2171 728 2203; x_wconf 89' lang='lat' dir='ltr'>IV,</span> <span class='ocrx_word' id='word_1_217' title='bbox 748 2179 773 2198; x_wconf 89' lang='lat' dir='ltr'>c.</span> <span class='ocrx_word' id='word_1_218' title='bbox 794 2172 877 2205; x_wconf 89' lang='lat'>110.)</span> 
     </span>
    </p>
   </div>
   <div class='ocr_carea' id='block_1_9' title="bbox 146 2261 1160 2828">
    <p class='ocr_par' dir='ltr' id='par_1_9' title="bbox 146 2261 1160 2828">
     <span class='ocr_line' id='line_1_34' title="bbox 190 2261 1158 2295; baseline 0.002 -7"><span class='ocrx_word' id='word_1_219' title='bbox 190 2272 234 2295; x_wconf 87' lang='lat'>«..‚</span> <span class='ocrx_word' id='word_1_220' title='bbox 258 2261 364 2290; x_wconf 81' lang='lat' dir='ltr'>abbati</span> <span class='ocrx_word' id='word_1_221' title='bbox 387 2262 414 2290; x_wconf 79' lang='lat' dir='ltr'>et</span> <span class='ocrx_word' id='word_1_222' title='bbox 435 2261 596 2290; x_wconf 82' lang='lat' dir='ltr'>conventui</span> <span class='ocrx_word' id='word_1_223' title='bbox 618 2261 798 2291; x_wconf 80' lang='lat' dir='ltr'>monasterii</span> <span class='ocrx_word' id='word_1_224' title='bbox 821 2261 856 2290; x_wconf 81' lang='lat' dir='ltr'>de</span> <span class='ocrx_word' id='word_1_225' title='bbox 878 2261 1033 2290; x_wconf 81' lang='lat' dir='ltr'>Fontanis</span> <span class='ocrx_word' id='word_1_226' title='bbox 1055 2261 1158 2295; x_wconf 88' lang='lat' dir='ltr'>Albis,</span> 
     </span>
     <span class='ocr_line' id='line_1_35' title="bbox 149 2313 1159 2353; baseline 0 -10"><span class='ocrx_word' id='word_1_227' title='bbox 149 2313 360 2343; x_wconf 80' lang='lat' dir='ltr'>Cisterciensis</span> <span class='ocrx_word' id='word_1_228' title='bbox 379 2314 509 2348; x_wconf 81' lang='lat' dir='ltr'>ordinis,</span> <span class='ocrx_word' id='word_1_229' title='bbox 532 2314 723 2343; x_wconf 83' lang='lat' dir='ltr'>Turonensis</span> <span class='ocrx_word' id='word_1_230' title='bbox 741 2314 880 2344; x_wconf 84' lang='lat' dir='ltr'>diocesis.</span> <span class='ocrx_word' id='word_1_231' title='bbox 903 2314 1036 2353; x_wconf 86' lang='lat' dir='ltr'>Speciali</span> <span class='ocrx_word' id='word_1_232' title='bbox 1056 2315 1159 2352; x_wconf 86' lang='lat' dir='ltr'>gratia</span> 
     </span>
     <span class='ocr_line' id='line_1_36' title="bbox 146 2367 1160 2405; baseline 0 -9"><span class='ocrx_word' id='word_1_233' title='bbox 146 2368 180 2396; x_wconf 84' lang='lat' dir='ltr'>et</span> <span class='ocrx_word' id='word_1_234' title='bbox 193 2367 335 2396; x_wconf 87' lang='lat' dir='ltr'>—.Hinc</span> <span class='ocrx_word' id='word_1_235' title='bbox 353 2369 402 2396; x_wconf 86' lang='lat' dir='ltr'>est</span> <span class='ocrx_word' id='word_1_236' title='bbox 421 2367 508 2405; x_wconf 90' lang='lat' dir='ltr'>quod</span> <span class='ocrx_word' id='word_1_237' title='bbox 522 2376 590 2401; x_wconf 92' lang='lat' dir='ltr'>nos,</span> <span class='ocrx_word' id='word_1_238' title='bbox 606 2367 727 2396; x_wconf 90' lang='lat' dir='ltr'>intuitu</span> <span class='ocrx_word' id='word_1_239' title='bbox 744 2367 953 2397; x_wconf 87' lang='lat' dir='ltr'>sincerissime</span> <span class='ocrx_word' id='word_1_240' title='bbox 980 2367 1160 2397; x_wconf 87' lang='lat' dir='ltr'>devotionis</span> 
     </span>
     <span class='ocr_line' id='line_1_37' title="bbox 147 2420 1160 2455; baseline 0.001 -7"><span class='ocrx_word' id='word_1_241' title='bbox 147 2422 253 2448; x_wconf 87' lang='lat' dir='ltr'>vestre</span> <span class='ocrx_word' id='word_1_242' title='bbox 282 2428 319 2449; x_wconf 87' lang='lat' dir='ltr'>ac</span> <span class='ocrx_word' id='word_1_243' title='bbox 349 2420 486 2449; x_wconf 89' lang='lat' dir='ltr'>obtentu</span> <span class='ocrx_word' id='word_1_244' title='bbox 516 2420 624 2449; x_wconf 85' lang='lat' dir='ltr'>dilecti</span> <span class='ocrx_word' id='word_1_245' title='bbox 653 2420 711 2449; x_wconf 82' lang='lat' dir='ltr'>filii</span> <span class='ocrx_word' id='word_1_246' title='bbox 741 2421 841 2449; x_wconf 89' lang='lat' dir='ltr'>nostri</span> <span class='ocrx_word' id='word_1_247' title='bbox 870 2421 904 2455; x_wconf 90' lang='lat'>1.,</span> <span class='ocrx_word' id='word_1_248' title='bbox 932 2421 1020 2450; x_wconf 84' lang='lat' dir='ltr'>tituli</span> <span class='ocrx_word' id='word_1_249' title='bbox 1051 2421 1160 2450; x_wconf 88' lang='lat' dir='ltr'>Sancti</span> 
     </span>
     <span class='ocr_line' id='line_1_38' title="bbox 148 2471 1159 2512; baseline 0.001 -11"><span class='ocrx_word' id='word_1_250' title='bbox 148 2471 313 2501; x_wconf 87' lang='lat' dir='ltr'>Laurentii</span> <span class='ocrx_word' id='word_1_251' title='bbox 334 2472 366 2501; x_wconf 94' lang='lat' dir='ltr'>in</span> <span class='ocrx_word' id='word_1_252' title='bbox 390 2472 510 2502; x_wconf 85' lang='lat' dir='ltr'>Lucina</span> <span class='ocrx_word' id='word_1_253' title='bbox 525 2473 693 2511; x_wconf 87' lang='lat' dir='ltr'>presbiteri</span> <span class='ocrx_word' id='word_1_254' title='bbox 715 2473 895 2507; x_wconf 85' lang='lat' dir='ltr'>cardinalis,</span> <span class='ocrx_word' id='word_1_255' title='bbox 913 2473 979 2512; x_wconf 90' lang='lat' dir='ltr'>qui,</span> <span class='ocrx_word' id='word_1_256' title='bbox 1002 2476 1159 2511; x_wconf 78' lang='lat' dir='ltr'>tanquam</span> 
     </span>
     <span class='ocr_line' id='line_1_39' title="bbox 148 2525 1159 2563; baseline 0.001 -9"><span class='ocrx_word' id='word_1_257' title='bbox 148 2525 247 2554; x_wconf 80' lang='lat' dir='ltr'>vestri</span> <span class='ocrx_word' id='word_1_258' title='bbox 280 2525 399 2554; x_wconf 87' lang='lat' dir='ltr'>ordinis</span> <span class='ocrx_word' id='word_1_259' title='bbox 431 2528 598 2563; x_wconf 89' lang='lat' dir='ltr'>promotor</span> <span class='ocrx_word' id='word_1_260' title='bbox 629 2526 787 2560; x_wconf 83' lang='lat' dir='ltr'>assiduus,</span> <span class='ocrx_word' id='word_1_261' title='bbox 822 2527 1028 2555; x_wconf 81' lang='lat' dir='ltr'>necessitates</span> <span class='ocrx_word' id='word_1_262' title='bbox 1060 2526 1159 2555; x_wconf 84' lang='lat' dir='ltr'>vestri</span> 
     </span>
     <span class='ocr_line' id='line_1_40' title="bbox 148 2578 1159 2617; baseline 0.001 -10"><span class='ocrx_word' id='word_1_263' title='bbox 148 2578 335 2607; x_wconf 85' lang='lat' dir='ltr'>monasterii</span> <span class='ocrx_word' id='word_1_264' title='bbox 371 2578 462 2607; x_wconf 90' lang='lat' dir='ltr'>nobis</span> <span class='ocrx_word' id='word_1_265' title='bbox 498 2581 680 2607; x_wconf 85' lang='lat' dir='ltr'>reverenter</span> <span class='ocrx_word' id='word_1_266' title='bbox 715 2579 865 2617; x_wconf 84' lang='lat' dir='ltr'>exposuit</span> <span class='ocrx_word' id='word_1_267' title='bbox 901 2582 933 2608; x_wconf 83' lang='lat' dir='ltr'>et</span> <span class='ocrx_word' id='word_1_268' title='bbox 969 2588 1064 2617; x_wconf 85' lang='lat' dir='ltr'>super</span> <span class='ocrx_word' id='word_1_269' title='bbox 1099 2579 1159 2608; x_wconf 90' lang='lat' dir='ltr'>illis</span> 
     </span>
     <span class='ocr_line' id='line_1_41' title="bbox 149 2631 1159 2670; baseline 0.002 -11"><span class='ocrx_word' id='word_1_270' title='bbox 149 2633 256 2660; x_wconf 90' lang='lat' dir='ltr'>nostre</span> <span class='ocrx_word' id='word_1_271' title='bbox 287 2631 478 2669; x_wconf 85' lang='lat' dir='ltr'>provisionis</span> <span class='ocrx_word' id='word_1_272' title='bbox 509 2631 664 2660; x_wconf 85' lang='lat' dir='ltr'>auxilium</span> <span class='ocrx_word' id='word_1_273' title='bbox 696 2631 893 2670; x_wconf 85' lang='lat' dir='ltr'>imploravit,</span> <span class='ocrx_word' id='word_1_274' title='bbox 925 2632 1017 2661; x_wconf 87' lang='lat' dir='ltr'>vobis</span> <span class='ocrx_word' id='word_1_275' title='bbox 1048 2635 1159 2661; x_wconf 80' lang='lat' dir='ltr'>aucto-</span> 
     </span>
     <span class='ocr_line' id='line_1_42' title="bbox 148 2683 1159 2722; baseline 0.001 -10"><span class='ocrx_word' id='word_1_276' title='bbox 148 2683 245 2713; x_wconf 87' lang='lat' dir='ltr'>ritate</span> <span class='ocrx_word' id='word_1_277' title='bbox 275 2684 472 2722; x_wconf 84' lang='lat' dir='ltr'>presentium</span> <span class='ocrx_word' id='word_1_278' title='bbox 502 2683 703 2721; x_wconf 83' lang='lat' dir='ltr'>indulgemus</span> <span class='ocrx_word' id='word_1_279' title='bbox 734 2687 780 2719; x_wconf 93' lang='lat' dir='ltr'>ut,</span> <span class='ocrx_word' id='word_1_280' title='bbox 812 2685 850 2714; x_wconf 90' lang='lat' dir='ltr'>de</span> <span class='ocrx_word' id='word_1_281' title='bbox 882 2685 971 2713; x_wconf 86' lang='lat' dir='ltr'>terris</span> <span class='ocrx_word' id='word_1_282' title='bbox 1002 2685 1095 2714; x_wconf 86' lang='lat' dir='ltr'>cultis</span> <span class='ocrx_word' id='word_1_283' title='bbox 1125 2687 1159 2714; x_wconf 87' lang='lat' dir='ltr'>et</span> 
     </span>
     <span class='ocr_line' id='line_1_43' title="bbox 148 2735 1157 2776; baseline 0.003 -12"><span class='ocrx_word' id='word_1_284' title='bbox 148 2735 277 2765; x_wconf 87' lang='lat' dir='ltr'>incultis</span> <span class='ocrx_word' id='word_1_285' title='bbox 314 2737 355 2765; x_wconf 91' lang='lat' dir='ltr'>ad</span> <span class='ocrx_word' id='word_1_286' title='bbox 393 2737 625 2765; x_wconf 85' lang='lat' dir='ltr'>monasterium</span> <span class='ocrx_word' id='word_1_287' title='bbox 663 2737 767 2774; x_wconf 91' lang='lat' dir='ltr'>ipsum</span> <span class='ocrx_word' id='word_1_288' title='bbox 805 2738 1038 2776; x_wconf 82' lang='lat' dir='ltr'>spectantibus,</span> <span class='ocrx_word' id='word_1_289' title='bbox 1077 2747 1157 2776; x_wconf 82' lang='lat' dir='ltr'>quas</span> 
     </span>
     <span class='ocr_line' id='line_1_44' title="bbox 149 2789 1157 2828; baseline 0.001 -10"><span class='ocrx_word' id='word_1_290' title='bbox 149 2797 234 2818; x_wconf 91' lang='lat' dir='ltr'>nunc</span> <span class='ocrx_word' id='word_1_291' title='bbox 256 2789 325 2818; x_wconf 89' lang='lat' dir='ltr'>aliis</span> <span class='ocrx_word' id='word_1_292' title='bbox 348 2789 522 2818; x_wconf 88' lang='lat' dir='ltr'>conceditis</span> <span class='ocrx_word' id='word_1_293' title='bbox 544 2789 595 2818; x_wconf 89' lang='lat' dir='ltr'>vel</span> <span class='ocrx_word' id='word_1_294' title='bbox 619 2789 799 2819; x_wconf 83' lang='lat' dir='ltr'>concedetis</span> <span class='ocrx_word' id='word_1_295' title='bbox 821 2790 853 2819; x_wconf 93' lang='lat' dir='ltr'>in</span> <span class='ocrx_word' id='word_1_296' title='bbox 877 2793 1041 2828; x_wconf 89' lang='lat' dir='ltr'>posterum</span> <span class='ocrx_word' id='word_1_297' title='bbox 1065 2800 1157 2819; x_wconf 86' lang='lat' dir='ltr'>exco-</span> 
     </span>
    </p>
   </div>
   <div class='ocr_carea' id='block_1_10' title="bbox 147 2878 1156 3043">
    <p class='ocr_par' dir='ltr' id='par_1_10' title="bbox 147 2878 1156 2973">
     <span class='ocr_line' id='line_1_45' title="bbox 184 2878 1155 2910; baseline 0.002 -8"><span class='ocrx_word' id='word_1_298' title='bbox 184 2879 207 2902; x_wconf 92' lang='lat'>1.</span> <span class='ocrx_word' id='word_1_299' title='bbox 227 2878 266 2903; x_wconf 93' lang='lat' dir='ltr'>La</span> <span class='ocrx_word' id='word_1_300' title='bbox 282 2878 413 2909; x_wconf 87' lang='lat' dir='ltr'>rubrique</span> <span class='ocrx_word' id='word_1_301' title='bbox 430 2882 518 2908; x_wconf 85' lang='lat' dir='ltr'>porte,</span> <span class='ocrx_word' id='word_1_302' title='bbox 535 2885 584 2908; x_wconf 83' lang='lat' dir='ltr'>par</span> <span class='ocrx_word' id='word_1_303' title='bbox 595 2885 702 2903; x_wconf 80' lang='lat' dir='ltr'>errcur:</span> <span class='ocrx_word' id='word_1_304' title='bbox 719 2888 728 2900; x_wconf 77' lang='grc' dir='ltr'>ι</span> <span class='ocrx_word' id='word_1_305' title='bbox 746 2880 846 2910; x_wconf 80' lang='lat' dir='ltr'>:priori</span> <span class='ocrx_word' id='word_1_306' title='bbox 861 2882 885 2904; x_wconf 80' lang='lat' dir='ltr'>et</span> <span class='ocrx_word' id='word_1_307' title='bbox 900 2884 1036 2904; x_wconf 71' lang='lat' dir='ltr'>conventia</span> <span class='ocrx_word' id='word_1_308' title='bbox 1048 2887 1155 2904; x_wconf 79' lang='lat' dir='ltr'>monas-</span> 
     </span>
     <span class='ocr_line' id='line_1_46' title="bbox 147 2912 1156 2945; baseline 0.002 -8"><span class='ocrx_word' id='word_1_309' title='bbox 147 2913 208 2937; x_wconf 76' lang='lat' dir='ltr'>terii</span> <span class='ocrx_word' id='word_1_310' title='bbox 230 2914 260 2937; x_wconf 86' lang='lat' dir='ltr'>de</span> <span class='ocrx_word' id='word_1_311' title='bbox 284 2914 500 2944; x_wconf 76' lang='lat' dir='ltr'>Feintuishened,</span> <span class='ocrx_word' id='word_1_312' title='bbox 530 2915 632 2938; x_wconf 82' lang='lat' dir='ltr'>ordinis</span> <span class='ocrx_word' id='word_1_313' title='bbox 659 2912 754 2940; x_wconf 81' lang='lat' dir='ltr'>Sancti</span> <span class='ocrx_word' id='word_1_314' title='bbox 778 2915 935 2945; x_wconf 71' lang='lat' dir='ltr'>Anqustim‘,</span> <span class='ocrx_word' id='word_1_315' title='bbox 965 2916 1156 2940; x_wconf 81' lang='lat' dir='ltr'>Limovicensis</span> 
     </span>
     <span class='ocr_line' id='line_1_47' title="bbox 148 2948 312 2973; baseline -0.012 -1"><span class='ocrx_word' id='word_1_316' title='bbox 148 2948 266 2973; x_wconf 81' lang='lat' dir='ltr'>diocesis.</span> <span class='ocrx_word' id='word_1_317' title='bbox 302 2958 312 2970; x_wconf 77' lang='grc' dir='ltr'>ι</span> 
     </span>
    </p>

    <p class='ocr_par' dir='ltr' id='par_1_11' title="bbox 147 2983 560 3043">
     <span class='ocr_line' id='line_1_48' title="bbox 184 2983 560 3014; baseline 0.005 -7"><span class='ocrx_word' id='word_1_318' title='bbox 184 2983 208 3008; x_wconf 89' lang='lat'>2.</span> <span class='ocrx_word' id='word_1_319' title='bbox 229 2984 266 3008; x_wconf 88' lang='lat' dir='ltr'>La</span> <span class='ocrx_word' id='word_1_320' title='bbox 302 2984 432 3014; x_wconf 89' lang='lat' dir='ltr'>rubrique</span> <span class='ocrx_word' id='word_1_321' title='bbox 453 2987 531 3014; x_wconf 85' lang='lat' dir='ltr'>porte</span> <span class='ocrx_word' id='word_1_322' title='bbox 555 2992 560 3009; x_wconf 93' lang='lat'>:</span> 
     </span>
     <span class='ocr_line' id='line_1_49' title="bbox 147 3018 305 3043; baseline 0.006 -1"><span class='ocrx_word' id='word_1_323' title='bbox 147 3018 266 3043; x_wconf 61' lang='lat' dir='ltr'>diocesi&amp;</span> <span class='ocrx_word' id='word_1_324' title='bbox 295 3029 305 3040; x_wconf 76' lang='grc' dir='ltr'><strong><em>ι</em></strong></span> 
     </span>
    </p>
   </div>
   <div class='ocr_carea' id='block_1_11' title="bbox 585 2985 1156 3016">
    <p class='ocr_par' dir='ltr' id='par_1_12' title="bbox 585 2985 1156 3016">
     <span class='ocr_line' id='line_1_50' title="bbox 585 2985 1156 3016; baseline 0.004 -9"><span class='ocrx_word' id='word_1_325' title='bbox 585 2994 594 3006; x_wconf 73' lang='grc' dir='ltr'>ι</span> <span class='ocrx_word' id='word_1_326' title='bbox 614 2985 768 3009; x_wconf 77' lang='lat' dir='ltr'>monasterii</span> <span class='ocrx_word' id='word_1_327' title='bbox 789 2985 819 3008; x_wconf 84' lang='lat' dir='ltr'>de</span> <span class='ocrx_word' id='word_1_328' title='bbox 842 2985 963 3015; x_wconf 76' lang='grc' dir='ltr'>Ευιὴαηι,</span> <span class='ocrx_word' id='word_1_329' title='bbox 993 2986 1156 3016; x_wconf 68' lang='grc' dir='ltr'><em>νίῃονίεηείε</em></span> 
     </span>
    </p>
   </div>
   <div class='ocr_carea' id='block_1_12' title="bbox 1212 818 1215 1323">
    <p class='ocr_par' dir='ltr' id='par_1_13' title="bbox 1212 818 1215 1323">
     <span class='ocr_line' id='line_1_51' title="bbox 1212 818 1215 1323; baseline 0 0"><span class='ocrx_word' id='word_1_330' title='bbox 1212 818 1215 1323; x_wconf 95' lang='lat' dir='ltr'> </span> 
     </span>
    </p>
   </div>
   <div class='ocr_carea' id='block_1_13' title="bbox 1263 422 2273 831">
    <p class='ocr_par' dir='ltr' id='par_1_14' title="bbox 1263 422 2273 831">
     <span class='ocr_line' id='line_1_52' title="bbox 1263 422 2272 463; baseline 0.003 -12"><span class='ocrx_word' id='word_1_331' title='bbox 1263 422 1384 457; x_wconf 85' lang='lat' dir='ltr'>lendas,</span> <span class='ocrx_word' id='word_1_332' title='bbox 1402 424 1440 453; x_wconf 91' lang='lat' dir='ltr'>de</span> <span class='ocrx_word' id='word_1_333' title='bbox 1457 424 1573 462; x_wconf 89' lang='lat' dir='ltr'>quibus</span> <span class='ocrx_word' id='word_1_334' title='bbox 1588 427 1698 454; x_wconf 87' lang='lat' dir='ltr'>tamen</span> <span class='ocrx_word' id='word_1_335' title='bbox 1714 425 1820 454; x_wconf 85' lang='lat' dir='ltr'>adhuc</span> <span class='ocrx_word' id='word_1_336' title='bbox 1836 424 1951 463; x_wconf 85' lang='lat' dir='ltr'>aliquis</span> <span class='ocrx_word' id='word_1_337' title='bbox 1968 424 2106 454; x_wconf 88' lang='lat' dir='ltr'>decimas</span> <span class='ocrx_word' id='word_1_338' title='bbox 2123 434 2185 454; x_wconf 90' lang='lat' dir='ltr'>non</span> <span class='ocrx_word' id='word_1_339' title='bbox 2202 434 2272 463; x_wconf 85' lang='lat' dir='ltr'>per-</span> 
     </span>
     <span class='ocr_line' id='line_1_53' title="bbox 1264 475 2271 516; baseline 0.004 -13"><span class='ocrx_word' id='word_1_340' title='bbox 1264 475 1359 513; x_wconf 86' lang='lat' dir='ltr'>cepit,</span> <span class='ocrx_word' id='word_1_341' title='bbox 1384 477 1488 505; x_wconf 93' lang='lat' dir='ltr'>nullus</span> <span class='ocrx_word' id='word_1_342' title='bbox 1512 486 1529 506; x_wconf 90' lang='lat' dir='ltr'>a</span> <span class='ocrx_word' id='word_1_343' title='bbox 1553 478 1645 507; x_wconf 88' lang='lat' dir='ltr'>vobis</span> <span class='ocrx_word' id='word_1_344' title='bbox 1668 487 1723 507; x_wconf 88' lang='lat' dir='ltr'>seu</span> <span class='ocrx_word' id='word_1_345' title='bbox 1747 477 1924 507; x_wconf 87' lang='lat' dir='ltr'>cultoribus</span> <span class='ocrx_word' id='word_1_346' title='bbox 1947 480 2106 507; x_wconf 86' lang='lat' dir='ltr'>terrarum</span> <span class='ocrx_word' id='word_1_347' title='bbox 2129 478 2271 516; x_wconf 83' lang='lat' dir='ltr'>ipsarum</span> 
     </span>
     <span class='ocr_line' id='line_1_54' title="bbox 1264 529 2272 569; baseline 0.003 -13"><span class='ocrx_word' id='word_1_348' title='bbox 1264 530 1321 556; x_wconf 90' lang='lat' dir='ltr'>aut</span> <span class='ocrx_word' id='word_1_349' title='bbox 1341 529 1597 568; x_wconf 86' lang='lat' dir='ltr'>quibuscumque</span> <span class='ocrx_word' id='word_1_350' title='bbox 1616 531 1684 560; x_wconf 87' lang='lat' dir='ltr'>aliis</span> <span class='ocrx_word' id='word_1_351' title='bbox 1704 530 1842 560; x_wconf 86' lang='lat' dir='ltr'>decimas</span> <span class='ocrx_word' id='word_1_352' title='bbox 1861 530 1985 569; x_wconf 84' lang='lat' dir='ltr'>exigere</span> <span class='ocrx_word' id='word_1_353' title='bbox 2004 531 2055 559; x_wconf 88' lang='lat' dir='ltr'>vel</span> <span class='ocrx_word' id='word_1_354' title='bbox 2082 533 2272 569; x_wconf 88' lang='lat' dir='ltr'>extorquere</span> 
     </span>
     <span class='ocr_line' id='line_1_55' title="bbox 1264 582 2272 618; baseline 0.003 -9"><span class='ocrx_word' id='word_1_355' title='bbox 1264 584 1440 618; x_wconf 87' lang='lat' dir='ltr'>presumat.</span> <span class='ocrx_word' id='word_1_356' title='bbox 1476 582 1541 611; x_wconf 87' lang='lat' dir='ltr'>Nos</span> <span class='ocrx_word' id='word_1_357' title='bbox 1576 583 1660 612; x_wconf 76' lang='lat' dir='ltr'>enim</span> <span class='ocrx_word' id='word_1_358' title='bbox 1695 583 1919 612; x_wconf 87' lang='lat' dir='ltr'>nichilominus</span> <span class='ocrx_word' id='word_1_359' title='bbox 1953 583 2079 612; x_wconf 87' lang='lat' dir='ltr'>irritum</span> <span class='ocrx_word' id='word_1_360' title='bbox 2114 592 2154 612; x_wconf 84' lang='lat' dir='ltr'>ex</span> <span class='ocrx_word' id='word_1_361' title='bbox 2187 592 2272 612; x_wconf 89' lang='lat' dir='ltr'>nunc</span> 
     </span>
     <span class='ocr_line' id='line_1_56' title="bbox 1266 633 2273 674; baseline 0.004 -13"><span class='ocrx_word' id='word_1_362' title='bbox 1266 633 1464 663; x_wconf 81' lang='lat' dir='ltr'>decernimus</span> <span class='ocrx_word' id='word_1_363' title='bbox 1492 637 1525 664; x_wconf 88' lang='lat' dir='ltr'>et</span> <span class='ocrx_word' id='word_1_364' title='bbox 1553 635 1646 664; x_wconf 87' lang='lat' dir='ltr'>inane</span> <span class='ocrx_word' id='word_1_365' title='bbox 1675 636 1827 674; x_wconf 88' lang='lat' dir='ltr'>quicquid</span> <span class='ocrx_word' id='word_1_366' title='bbox 1857 638 1967 665; x_wconf 84' lang='lat' dir='ltr'>contra</span> <span class='ocrx_word' id='word_1_367' title='bbox 1996 638 2140 665; x_wconf 89' lang='lat' dir='ltr'>tenorem</span> <span class='ocrx_word' id='word_1_368' title='bbox 2169 636 2273 665; x_wconf 90' lang='lat' dir='ltr'>indul-</span> 
     </span>
     <span class='ocr_line' id='line_1_57' title="bbox 1265 686 2273 726; baseline 0.004 -12"><span class='ocrx_word' id='word_1_369' title='bbox 1265 686 1371 724; x_wconf 83' lang='lat' dir='ltr'>gentie</span> <span class='ocrx_word' id='word_1_370' title='bbox 1408 687 1593 725; x_wconf 90' lang='lat' dir='ltr'>hujusmodi</span> <span class='ocrx_word' id='word_1_371' title='bbox 1628 688 1725 716; x_wconf 84' lang='lat' dir='ltr'>fuerit</span> <span class='ocrx_word' id='word_1_372' title='bbox 1760 691 2006 726; x_wconf 86' lang='lat' dir='ltr'>attemptatum.</span> <span class='ocrx_word' id='word_1_373' title='bbox 2043 688 2129 718; x_wconf 91' lang='lat' dir='ltr'>Nulli</span> <span class='ocrx_word' id='word_1_374' title='bbox 2165 691 2273 719; x_wconf 89' lang='lat' dir='ltr'>nostre</span> 
     </span>
     <span class='ocr_line' id='line_1_58' title="bbox 1267 739 2272 776; baseline 0.004 -9"><span class='ocrx_word' id='word_1_375' title='bbox 1267 739 1477 768; x_wconf 86' lang='lat' dir='ltr'>concessionis</span> <span class='ocrx_word' id='word_1_376' title='bbox 1510 742 1542 769; x_wconf 90' lang='lat' dir='ltr'>et</span> <span class='ocrx_word' id='word_1_377' title='bbox 1576 740 1816 769; x_wconf 87' lang='lat' dir='ltr'>constitutionis</span> <span class='ocrx_word' id='word_1_378' title='bbox 1849 743 1910 770; x_wconf 89' lang='lat' dir='ltr'>etc.</span> <span class='ocrx_word' id='word_1_379' title='bbox 1945 741 2020 770; x_wconf 89' lang='lat' dir='ltr'>Dat.</span> <span class='ocrx_word' id='word_1_380' title='bbox 2048 741 2194 776; x_wconf 89' lang='lat' dir='ltr'>Viterbii,</span> <span class='ocrx_word' id='word_1_381' title='bbox 2223 741 2272 771; x_wconf 89' lang='lat' dir='ltr'>XI</span> 
     </span>
     <span class='ocr_line' id='line_1_59' title="bbox 1267 791 1798 831; baseline 0.004 -11"><span class='ocrx_word' id='word_1_382' title='bbox 1267 791 1330 820; x_wconf 90' lang='lat' dir='ltr'>kal.</span> <span class='ocrx_word' id='word_1_383' title='bbox 1353 792 1502 829; x_wconf 87' lang='lat' dir='ltr'>januarii,</span> <span class='ocrx_word' id='word_1_384' title='bbox 1526 802 1611 822; x_wconf 86' lang='lat' dir='ltr'>anno</span> <span class='ocrx_word' id='word_1_385' title='bbox 1635 795 1761 831; x_wconf 89' lang='lat' dir='ltr'>quarto.</span> <span class='ocrx_word' id='word_1_386' title='bbox 1786 804 1798 819; x_wconf 91' lang='lat'>»</span> 
     </span>
    </p>
   </div>
   <div class='ocr_carea' id='block_1_14' title="bbox 1350 965 2189 998">
    <p class='ocr_par' dir='ltr' id='par_1_15' title="bbox 1350 965 2189 998">
     <span class='ocr_line' id='line_1_60' title="bbox 1350 965 2189 998; baseline 0.001 -7"><span class='ocrx_word' id='word_1_387' title='bbox 1350 965 1439 992; x_wconf 87' lang='lat'>2538</span> <span class='ocrx_word' id='word_1_388' title='bbox 1802 967 1944 998; x_wconf 82' lang='lat' dir='ltr'>Viterbe,</span> <span class='ocrx_word' id='word_1_389' title='bbox 1957 967 1995 993; x_wconf 82' lang='lat'>26</span> <span class='ocrx_word' id='word_1_390' title='bbox 2008 967 2088 993; x_wconf 87' lang='lat' dir='ltr'>avril</span> <span class='ocrx_word' id='word_1_391' title='bbox 2102 968 2189 994; x_wconf 86' lang='lat'>1258.</span> 
     </span>
    </p>
   </div>
   <div class='ocr_carea' id='block_1_15' title="bbox 1268 1014 2276 1286">
    <p class='ocr_par' dir='ltr' id='par_1_16' title="bbox 1268 1014 2276 1286">
     <span class='ocr_line' id='line_1_61' title="bbox 1309 1014 2275 1042; baseline 0.002 -2"><span class='ocrx_word' id='word_1_392' title='bbox 1309 1014 1502 1040; x_wconf 85' lang='lat' dir='ltr'>Abbatissae</span> <span class='ocrx_word' id='word_1_393' title='bbox 1532 1016 1564 1041; x_wconf 89' lang='lat' dir='ltr'>et</span> <span class='ocrx_word' id='word_1_394' title='bbox 1593 1015 1766 1041; x_wconf 90' lang='lat' dir='ltr'>conventui</span> <span class='ocrx_word' id='word_1_395' title='bbox 1796 1015 1983 1041; x_wconf 88' lang='lat' dir='ltr'>monasterii</span> <span class='ocrx_word' id='word_1_396' title='bbox 2012 1016 2199 1041; x_wconf 86' lang='lat' dir='ltr'>monialium</span> <span class='ocrx_word' id='word_1_397' title='bbox 2229 1016 2275 1042; x_wconf 85' lang='lat' dir='ltr'>in-</span> 
     </span>
     <span class='ocr_line' id='line_1_62' title="bbox 1269 1052 2274 1087; baseline 0.003 -9"><span class='ocrx_word' id='word_1_398' title='bbox 1269 1053 1429 1080; x_wconf 87' lang='lat' dir='ltr'>clusarum</span> <span class='ocrx_word' id='word_1_399' title='bbox 1465 1054 1494 1079; x_wconf 89' lang='lat' dir='ltr'>S.</span> <span class='ocrx_word' id='word_1_400' title='bbox 1531 1054 1644 1087; x_wconf 89' lang='lat' dir='ltr'>Angeli</span> <span class='ocrx_word' id='word_1_401' title='bbox 1678 1052 1853 1086; x_wconf 88' lang='lat' dir='ltr'>AEsculani‚</span> <span class='ocrx_word' id='word_1_402' title='bbox 1890 1055 2010 1081; x_wconf 88' lang='lat' dir='ltr'>ordinis</span> <span class='ocrx_word' id='word_1_403' title='bbox 2047 1055 2075 1081; x_wconf 90' lang='lat' dir='ltr'>S.</span> <span class='ocrx_word' id='word_1_404' title='bbox 2114 1055 2274 1087; x_wconf 88' lang='lat' dir='ltr'>Damiani,</span> 
     </span>
     <span class='ocr_line' id='line_1_63' title="bbox 1269 1093 2274 1128; baseline 0.001 -9"><span class='ocrx_word' id='word_1_405' title='bbox 1269 1093 1415 1119; x_wconf 88' lang='lat' dir='ltr'>coneedit</span> <span class='ocrx_word' id='word_1_406' title='bbox 1444 1095 1480 1119; x_wconf 91' lang='lat' dir='ltr'>ut</span> <span class='ocrx_word' id='word_1_407' title='bbox 1508 1101 1526 1120; x_wconf 91' lang='lat' dir='ltr'>a</span> <span class='ocrx_word' id='word_1_408' title='bbox 1554 1101 1718 1127; x_wconf 87' lang='lat' dir='ltr'>quoquam</span> <span class='ocrx_word' id='word_1_409' title='bbox 1746 1094 1910 1120; x_wconf 89' lang='lat' dir='ltr'>conveniri</span> <span class='ocrx_word' id='word_1_410' title='bbox 1938 1102 1994 1128; x_wconf 93' lang='lat' dir='ltr'>per</span> <span class='ocrx_word' id='word_1_411' title='bbox 2020 1094 2145 1121; x_wconf 85' lang='lat' dir='ltr'>litteras</span> <span class='ocrx_word' id='word_1_412' title='bbox 2173 1095 2274 1128; x_wconf 90' lang='lat' dir='ltr'>Apos-</span> 
     </span>
     <span class='ocr_line' id='line_1_64' title="bbox 1268 1132 2275 1167; baseline 0.002 -9"><span class='ocrx_word' id='word_1_413' title='bbox 1268 1132 1383 1158; x_wconf 86' lang='lat' dir='ltr'>tolicae</span> <span class='ocrx_word' id='word_1_414' title='bbox 1408 1132 1497 1159; x_wconf 87' lang='lat' dir='ltr'>Sedis</span> <span class='ocrx_word' id='word_1_415' title='bbox 1520 1134 1570 1159; x_wconf 89' lang='lat' dir='ltr'>vel</span> <span class='ocrx_word' id='word_1_416' title='bbox 1593 1134 1772 1167; x_wconf 89' lang='lat' dir='ltr'>legatorum</span> <span class='ocrx_word' id='word_1_417' title='bbox 1796 1136 1853 1160; x_wconf 91' lang='lat' dir='ltr'>aut</span> <span class='ocrx_word' id='word_1_418' title='bbox 1878 1134 2096 1167; x_wconf 85' lang='lat' dir='ltr'>delegatorum</span> <span class='ocrx_word' id='word_1_419' title='bbox 2120 1134 2188 1167; x_wconf 86' lang='lat' dir='ltr'>ejus</span> <span class='ocrx_word' id='word_1_420' title='bbox 2211 1141 2275 1160; x_wconf 91' lang='lat' dir='ltr'>non</span> 
     </span>
     <span class='ocr_line' id='line_1_65' title="bbox 1268 1172 2276 1207; baseline 0.002 -10"><span class='ocrx_word' id='word_1_421' title='bbox 1268 1172 1403 1205; x_wconf 87' lang='lat' dir='ltr'>possint,</span> <span class='ocrx_word' id='word_1_422' title='bbox 1424 1172 1485 1198; x_wconf 89' lang='lat' dir='ltr'>nisi</span> <span class='ocrx_word' id='word_1_423' title='bbox 1506 1174 1635 1199; x_wconf 84' lang='lat' dir='ltr'>eaedem</span> <span class='ocrx_word' id='word_1_424' title='bbox 1655 1173 1783 1200; x_wconf 86' lang='lat' dir='ltr'>litterae</span> <span class='ocrx_word' id='word_1_425' title='bbox 1803 1174 1902 1207; x_wconf 92' lang='lat' dir='ltr'>ipsius</span> <span class='ocrx_word' id='word_1_426' title='bbox 1925 1174 2013 1200; x_wconf 89' lang='lat' dir='ltr'>Sedis</span> <span class='ocrx_word' id='word_1_427' title='bbox 2035 1174 2072 1199; x_wconf 91' lang='lat' dir='ltr'>de</span> <span class='ocrx_word' id='word_1_428' title='bbox 2093 1174 2153 1199; x_wconf 92' lang='lat' dir='ltr'>hac</span> <span class='ocrx_word' id='word_1_429' title='bbox 2172 1174 2276 1199; x_wconf 91' lang='lat' dir='ltr'>indul-</span> 
     </span>
     <span class='ocr_line' id='line_1_66' title="bbox 1268 1212 2275 1246; baseline 0.002 -9"><span class='ocrx_word' id='word_1_430' title='bbox 1268 1212 1376 1244; x_wconf 80' lang='lat' dir='ltr'>gentia</span> <span class='ocrx_word' id='word_1_431' title='bbox 1398 1213 1430 1238; x_wconf 93' lang='lat' dir='ltr'>et</span> <span class='ocrx_word' id='word_1_432' title='bbox 1453 1213 1563 1238; x_wconf 90' lang='lat' dir='ltr'>ordine</span> <span class='ocrx_word' id='word_1_433' title='bbox 1585 1220 1694 1239; x_wconf 88' lang='lat' dir='ltr'>earum</span> <span class='ocrx_word' id='word_1_434' title='bbox 1717 1220 1899 1246; x_wconf 84' lang='lat' dir='ltr'>expressam</span> <span class='ocrx_word' id='word_1_435' title='bbox 1922 1213 2055 1239; x_wconf 83' lang='lat' dir='ltr'>fecerint</span> <span class='ocrx_word' id='word_1_436' title='bbox 2069 1214 2275 1240; x_wconf 88' lang='lat' dir='ltr'>mentionem.</span> 
     </span>
     <span class='ocr_line' id='line_1_67' title="bbox 1268 1251 2274 1286; baseline 0 -9"><span class='ocrx_word' id='word_1_437' title='bbox 1268 1251 1367 1283; x_wconf 74' lang='lat' dir='ltr'>(REG.</span> <span class='ocrx_word' id='word_1_438' title='bbox 1388 1251 1437 1283; x_wconf 88' lang='grc'>25,</span> <span class='ocrx_word' id='word_1_439' title='bbox 1458 1252 1479 1277; x_wconf 86' lang='lat' dir='ltr'>f.</span> <span class='ocrx_word' id='word_1_440' title='bbox 1502 1252 1559 1279; x_wconf 89' lang='lat'>135</span> <span class='ocrx_word' id='word_1_441' title='bbox 1579 1256 1626 1284; x_wconf 76' lang='lat' dir='ltr'>VO,</span> <span class='ocrx_word' id='word_1_442' title='bbox 1647 1260 1697 1279; x_wconf 88' lang='lat' dir='ltr'>an.</span> <span class='ocrx_word' id='word_1_443' title='bbox 1722 1253 1774 1283; x_wconf 94' lang='lat' dir='ltr'>IV,</span> <span class='ocrx_word' id='word_1_444' title='bbox 1796 1260 1820 1279; x_wconf 91' lang='lat' dir='ltr'>c.</span> <span class='ocrx_word' id='word_1_445' title='bbox 1844 1253 1921 1285; x_wconf 89' lang='grc'>111;</span> <span class='ocrx_word' id='word_1_446' title='bbox 1955 1253 2129 1279; x_wconf 72' lang='grc' dir='ltr'>ΡοττΗΑετ</span> <span class='ocrx_word' id='word_1_447' title='bbox 2150 1253 2274 1286; x_wconf 89' lang='grc'>17250.)</span> 
     </span>
    </p>
   </div>
   <div class='ocr_carea' id='block_1_16' title="bbox 1266 1328 2277 1525">
    <p class='ocr_par' dir='ltr' id='par_1_17' title="bbox 1266 1328 2277 1525">
     <span class='ocr_line' id='line_1_68' title="bbox 1309 1328 2277 1361; baseline 0.003 -7"><span class='ocrx_word' id='word_1_448' title='bbox 1309 1340 1352 1361; x_wconf 85' lang='lat'>«..‚</span> <span class='ocrx_word' id='word_1_449' title='bbox 1382 1328 1536 1357; x_wconf 77' lang='lat' dir='ltr'>abbatisse</span> <span class='ocrx_word' id='word_1_450' title='bbox 1564 1330 1590 1357; x_wconf 81' lang='lat' dir='ltr'>et</span> <span class='ocrx_word' id='word_1_451' title='bbox 1618 1329 1778 1358; x_wconf 83' lang='lat' dir='ltr'>conventui</span> <span class='ocrx_word' id='word_1_452' title='bbox 1805 1329 1985 1359; x_wconf 77' lang='lat' dir='ltr'>monuslerii</span> <span class='ocrx_word' id='word_1_453' title='bbox 2013 1329 2199 1358; x_wconf 80' lang='lat' dir='ltr'>monialium</span> <span class='ocrx_word' id='word_1_454' title='bbox 2229 1329 2277 1358; x_wconf 93' lang='lat' dir='ltr'>in-</span> 
     </span>
     <span class='ocr_line' id='line_1_69' title="bbox 1267 1379 2276 1420; baseline 0.003 -12"><span class='ocrx_word' id='word_1_455' title='bbox 1267 1379 1422 1410; x_wconf 82' lang='lat' dir='ltr'>clusorum</span> <span class='ocrx_word' id='word_1_456' title='bbox 1436 1381 1542 1410; x_wconf 79' lang='lat' dir='ltr'>Sancti</span> <span class='ocrx_word' id='word_1_457' title='bbox 1554 1381 1668 1420; x_wconf 72' lang='lat' dir='ltr'>Anqeli</span> <span class='ocrx_word' id='word_1_458' title='bbox 1680 1382 1841 1416; x_wconf 80' lang='lat' dir='ltr'>Esculani,</span> <span class='ocrx_word' id='word_1_459' title='bbox 1854 1382 1974 1411; x_wconf 81' lang='lat' dir='ltr'>ordinis</span> <span class='ocrx_word' id='word_1_460' title='bbox 1987 1382 2093 1412; x_wconf 78' lang='lat' dir='ltr'>Sancti</span> <span class='ocrx_word' id='word_1_461' title='bbox 2111 1381 2276 1411; x_wconf 78' lang='lat' dir='ltr'>Domioni.</span> 
     </span>
     <span class='ocr_line' id='line_1_70' title="bbox 1268 1433 2276 1472; baseline 0.002 -11"><span class='ocrx_word' id='word_1_462' title='bbox 1268 1433 1401 1462; x_wconf 85' lang='lat' dir='ltr'>Celestia</span> <span class='ocrx_word' id='word_1_463' title='bbox 1424 1434 1633 1472; x_wconf 85' lang='lat' dir='ltr'>querentibus</span> <span class='ocrx_word' id='word_1_464' title='bbox 1654 1435 1788 1464; x_wconf 89' lang='lat' dir='ltr'>terrenis</span> <span class='ocrx_word' id='word_1_465' title='bbox 1809 1453 1858 1463; x_wconf 93' lang='lat'>—.</span> <span class='ocrx_word' id='word_1_466' title='bbox 1883 1435 1958 1464; x_wconf 88' lang='lat' dir='ltr'>Dat.</span> <span class='ocrx_word' id='word_1_467' title='bbox 1977 1435 2123 1468; x_wconf 86' lang='lat' dir='ltr'>Viterbii,</span> <span class='ocrx_word' id='word_1_468' title='bbox 2146 1435 2191 1463; x_wconf 86' lang='lat' dir='ltr'>VI</span> <span class='ocrx_word' id='word_1_469' title='bbox 2212 1434 2276 1464; x_wconf 85' lang='lat' dir='ltr'>kal.</span> 
     </span>
     <span class='ocr_line' id='line_1_71' title="bbox 1266 1486 1651 1525; baseline 0 -11"><span class='ocrx_word' id='word_1_470' title='bbox 1266 1486 1353 1520; x_wconf 84' lang='lat' dir='ltr'>maii,</span> <span class='ocrx_word' id='word_1_471' title='bbox 1377 1495 1463 1516; x_wconf 85' lang='lat' dir='ltr'>anno</span> <span class='ocrx_word' id='word_1_472' title='bbox 1487 1489 1614 1525; x_wconf 85' lang='lat' dir='ltr'>quarto.</span> <span class='ocrx_word' id='word_1_473' title='bbox 1640 1499 1651 1514; x_wconf 85' lang='lat'>»</span> 
     </span>
    </p>
   </div>
   <div class='ocr_carea' id='block_1_17' title="bbox 1347 1687 2192 1721">
    <p class='ocr_par' dir='ltr' id='par_1_18' title="bbox 1347 1687 2192 1721">
     <span class='ocr_line' id='line_1_72' title="bbox 1347 1687 2192 1721; baseline 0.005 -9"><span class='ocrx_word' id='word_1_474' title='bbox 1347 1687 1440 1712; x_wconf 81' lang='lat'>2539</span> <span class='ocrx_word' id='word_1_475' title='bbox 1795 1689 1937 1721; x_wconf 87' lang='lat' dir='ltr'>Viterbe,</span> <span class='ocrx_word' id='word_1_476' title='bbox 1952 1689 1990 1716; x_wconf 90' lang='lat'>13</span> <span class='ocrx_word' id='word_1_477' title='bbox 2003 1689 2085 1716; x_wconf 86' lang='lat' dir='ltr'>avril</span> <span class='ocrx_word' id='word_1_478' title='bbox 2104 1690 2192 1716; x_wconf 85' lang='lat'>1258.</span> 
     </span>
    </p>
   </div>
   <div class='ocr_carea' id='block_1_18' title="bbox 1264 1736 2280 2167">
    <p class='ocr_par' dir='ltr' id='par_1_19' title="bbox 1264 1736 2280 2167">
     <span class='ocr_line' id='line_1_73' title="bbox 1306 1736 2278 1765; baseline 0.004 -4"><span class='ocrx_word' id='word_1_479' title='bbox 1306 1736 1429 1762; x_wconf 85' lang='lat' dir='ltr'>Abbati</span> <span class='ocrx_word' id='word_1_480' title='bbox 1457 1737 1643 1763; x_wconf 86' lang='lat' dir='ltr'>monasterii</span> <span class='ocrx_word' id='word_1_481' title='bbox 1673 1737 1711 1763; x_wconf 90' lang='lat' dir='ltr'>de</span> <span class='ocrx_word' id='word_1_482' title='bbox 1738 1737 1854 1763; x_wconf 85' lang='lat' dir='ltr'>Astino</span> <span class='ocrx_word' id='word_1_483' title='bbox 1882 1738 2017 1764; x_wconf 85' lang='lat' dir='ltr'>mandat</span> <span class='ocrx_word' id='word_1_484' title='bbox 2051 1740 2087 1764; x_wconf 89' lang='lat' dir='ltr'>ut</span> <span class='ocrx_word' id='word_1_485' title='bbox 2122 1738 2278 1765; x_wconf 83' lang='lat' dir='ltr'>Lanfran-</span> 
     </span>
     <span class='ocr_line' id='line_1_74' title="bbox 1266 1775 2279 1809; baseline 0.003 -8"><span class='ocrx_word' id='word_1_486' title='bbox 1266 1775 1371 1806; x_wconf 87' lang='lat' dir='ltr'>chino,</span> <span class='ocrx_word' id='word_1_487' title='bbox 1398 1776 1522 1807; x_wconf 75' lang='lat' dir='ltr'>cleriCO,</span> <span class='ocrx_word' id='word_1_488' title='bbox 1549 1778 1626 1802; x_wconf 91' lang='lat' dir='ltr'>nato</span> <span class='ocrx_word' id='word_1_489' title='bbox 1651 1776 1815 1803; x_wconf 88' lang='lat' dir='ltr'>Boltrachi</span> <span class='ocrx_word' id='word_1_490' title='bbox 1842 1777 1880 1803; x_wconf 87' lang='lat' dir='ltr'>de</span> <span class='ocrx_word' id='word_1_491' title='bbox 1905 1777 2093 1809; x_wconf 87' lang='lat' dir='ltr'>Advocatis‚</span> <span class='ocrx_word' id='word_1_492' title='bbox 2115 1778 2220 1804; x_wconf 90' lang='lat' dir='ltr'>locum</span> <span class='ocrx_word' id='word_1_493' title='bbox 2246 1780 2279 1804; x_wconf 88' lang='lat' dir='ltr'>et</span> 
     </span>
     <span class='ocr_line' id='line_1_75' title="bbox 1265 1815 2280 1848; baseline 0.004 -8"><span class='ocrx_word' id='word_1_494' title='bbox 1265 1815 1459 1841; x_wconf 79' lang='lat' dir='ltr'>beneficium</span> <span class='ocrx_word' id='word_1_495' title='bbox 1482 1823 1500 1841; x_wconf 91' lang='lat' dir='ltr'>a</span> <span class='ocrx_word' id='word_1_496' title='bbox 1524 1816 1696 1842; x_wconf 82' lang='lat' dir='ltr'>Detesalvo</span> <span class='ocrx_word' id='word_1_497' title='bbox 1720 1817 1758 1842; x_wconf 90' lang='lat' dir='ltr'>de</span> <span class='ocrx_word' id='word_1_498' title='bbox 1781 1817 1970 1848; x_wconf 84' lang='lat' dir='ltr'>AdvocatiS‚</span> <span class='ocrx_word' id='word_1_499' title='bbox 1993 1817 2105 1843; x_wconf 85' lang='lat' dir='ltr'>clerico</span> <span class='ocrx_word' id='word_1_500' title='bbox 2129 1818 2280 1844; x_wconf 90' lang='lat' dir='ltr'>ecclesiae</span> 
     </span>
     <span class='ocr_line' id='line_1_76' title="bbox 1266 1854 2280 1889; baseline 0.004 -9"><span class='ocrx_word' id='word_1_501' title='bbox 1266 1854 1295 1880; x_wconf 94' lang='lat' dir='ltr'>S.</span> <span class='ocrx_word' id='word_1_502' title='bbox 1319 1854 1438 1881; x_wconf 86' lang='lat' dir='ltr'>Mariae</span> <span class='ocrx_word' id='word_1_503' title='bbox 1461 1855 1499 1881; x_wconf 91' lang='lat' dir='ltr'>de</span> <span class='ocrx_word' id='word_1_504' title='bbox 1521 1855 1672 1887; x_wconf 61' lang='lat' dir='ltr'>Rumam,</span> <span class='ocrx_word' id='word_1_505' title='bbox 1696 1856 1915 1889; x_wconf 81' lang='lat' dir='ltr'>pergamensis</span> <span class='ocrx_word' id='word_1_506' title='bbox 1936 1857 2069 1883; x_wconf 88' lang='lat' dir='ltr'>diocesis</span> <span class='ocrx_word' id='word_1_507' title='bbox 2085 1857 2182 1883; x_wconf 87' lang='lat' dir='ltr'>libere</span> <span class='ocrx_word' id='word_1_508' title='bbox 2204 1858 2280 1884; x_wconf 91' lang='lat' dir='ltr'>resi-</span> 
     </span>
     <span class='ocr_line' id='line_1_77' title="bbox 1265 1894 2279 1930; baseline 0.004 -11"><span class='ocrx_word' id='word_1_509' title='bbox 1265 1896 1374 1926; x_wconf 87' lang='lat' dir='ltr'>gnata,</span> <span class='ocrx_word' id='word_1_510' title='bbox 1415 1894 1570 1926; x_wconf 85' lang='lat' dir='ltr'>conferat,</span> <span class='ocrx_word' id='word_1_511' title='bbox 1619 1902 1756 1929; x_wconf 87' lang='lat' dir='ltr'>eumque</span> <span class='ocrx_word' id='word_1_512' title='bbox 1803 1896 1836 1922; x_wconf 93' lang='lat' dir='ltr'>in</span> <span class='ocrx_word' id='word_1_513' title='bbox 1870 1896 2011 1929; x_wconf 89' lang='lat' dir='ltr'>ipsorum</span> <span class='ocrx_word' id='word_1_514' title='bbox 2046 1897 2279 1930; x_wconf 86' lang='lat' dir='ltr'>possessionem</span> 
     </span>
     <span class='ocr_line' id='line_1_78' title="bbox 1264 1933 2279 1970; baseline 0.004 -11"><span class='ocrx_word' id='word_1_515' title='bbox 1264 1933 1397 1960; x_wconf 89' lang='lat' dir='ltr'>inducat</span> <span class='ocrx_word' id='word_1_516' title='bbox 1418 1944 1428 1957; x_wconf 89' lang='lat'>«</span> <span class='ocrx_word' id='word_1_517' title='bbox 1449 1934 1521 1960; x_wconf 92' lang='lat' dir='ltr'>Non</span> <span class='ocrx_word' id='word_1_518' title='bbox 1541 1934 1692 1961; x_wconf 87' lang='lat' dir='ltr'>obstante</span> <span class='ocrx_word' id='word_1_519' title='bbox 1718 1935 1743 1961; x_wconf 94' lang='lat' dir='ltr'>si</span> <span class='ocrx_word' id='word_1_520' title='bbox 1769 1935 1869 1968; x_wconf 89' lang='lat' dir='ltr'>aliqui</span> <span class='ocrx_word' id='word_1_521' title='bbox 1892 1935 2074 1962; x_wconf 84' lang='lat' dir='ltr'>litterarum</span> <span class='ocrx_word' id='word_1_522' title='bbox 2094 1936 2279 1970; x_wconf 86' lang='lat' dir='ltr'>Apostolice</span> 
     </span>
     <span class='ocr_line' id='line_1_79' title="bbox 1266 1973 2278 2010; baseline 0.003 -11"><span class='ocrx_word' id='word_1_523' title='bbox 1266 1973 1354 1999; x_wconf 88' lang='lat' dir='ltr'>Sedis</span> <span class='ocrx_word' id='word_1_524' title='bbox 1388 1974 1438 1999; x_wconf 87' lang='lat' dir='ltr'>vel</span> <span class='ocrx_word' id='word_1_525' title='bbox 1470 1974 1649 2007; x_wconf 87' lang='lat' dir='ltr'>legatorum</span> <span class='ocrx_word' id='word_1_526' title='bbox 1682 1974 1792 2008; x_wconf 88' lang='lat' dir='ltr'>ipsius,</span> <span class='ocrx_word' id='word_1_527' title='bbox 1827 1975 2021 2002; x_wconf 87' lang='lat' dir='ltr'>auctoritate</span> <span class='ocrx_word' id='word_1_528' title='bbox 2060 1978 2117 2002; x_wconf 83' lang='lat' dir='ltr'>aut</span> <span class='ocrx_word' id='word_1_529' title='bbox 2149 1976 2278 2010; x_wconf 89' lang='lat' dir='ltr'>proprio</span> 
     </span>
     <span class='ocr_line' id='line_1_80' title="bbox 1266 2013 2279 2049; baseline 0.004 -11"><span class='ocrx_word' id='word_1_530' title='bbox 1266 2014 1357 2039; x_wconf 88' lang='lat' dir='ltr'>motu</span> <span class='ocrx_word' id='word_1_531' title='bbox 1375 2013 1520 2046; x_wconf 88' lang='lat' dir='ltr'>capituli,</span> <span class='ocrx_word' id='word_1_532' title='bbox 1539 2014 1571 2039; x_wconf 89' lang='lat' dir='ltr'>in</span> <span class='ocrx_word' id='word_1_533' title='bbox 1589 2014 1701 2040; x_wconf 90' lang='lat' dir='ltr'>eadem</span> <span class='ocrx_word' id='word_1_534' title='bbox 1719 2014 1851 2040; x_wconf 88' lang='lat' dir='ltr'>ecclesia</span> <span class='ocrx_word' id='word_1_535' title='bbox 1868 2015 1901 2040; x_wconf 93' lang='lat' dir='ltr'>in</span> <span class='ocrx_word' id='word_1_536' title='bbox 1919 2015 2047 2041; x_wconf 90' lang='lat' dir='ltr'>clericos</span> <span class='ocrx_word' id='word_1_537' title='bbox 2066 2017 2141 2041; x_wconf 87' lang='lat' dir='ltr'>sunt</span> <span class='ocrx_word' id='word_1_538' title='bbox 2158 2016 2279 2049; x_wconf 86' lang='lat' dir='ltr'>recepti</span> 
     </span>
     <span class='ocr_line' id='line_1_81' title="bbox 1265 2052 2278 2088; baseline 0.003 -10"><span class='ocrx_word' id='word_1_539' title='bbox 1265 2052 1315 2079; x_wconf 90' lang='lat' dir='ltr'>vel</span> <span class='ocrx_word' id='word_1_540' title='bbox 1335 2054 1370 2078; x_wconf 92' lang='lat' dir='ltr'>ut</span> <span class='ocrx_word' id='word_1_541' title='bbox 1388 2053 1586 2086; x_wconf 88' lang='lat' dir='ltr'>recipiantur</span> <span class='ocrx_word' id='word_1_542' title='bbox 1602 2054 1765 2085; x_wconf 84' lang='lat' dir='ltr'>insistant,</span> <span class='ocrx_word' id='word_1_543' title='bbox 1784 2054 1901 2087; x_wconf 91' lang='lat' dir='ltr'>quibus</span> <span class='ocrx_word' id='word_1_544' title='bbox 1919 2055 2026 2088; x_wconf 88' lang='lat' dir='ltr'>quoad</span> <span class='ocrx_word' id='word_1_545' title='bbox 2045 2055 2278 2081; x_wconf 88' lang='lat' dir='ltr'>assecutionem</span> 
     </span>
     <span class='ocr_line' id='line_1_82' title="bbox 1266 2092 2277 2128; baseline 0.005 -11"><span class='ocrx_word' id='word_1_546' title='bbox 1266 2092 1402 2118; x_wconf 87' lang='lat' dir='ltr'>aliorum</span> <span class='ocrx_word' id='word_1_547' title='bbox 1442 2092 1671 2119; x_wconf 79' lang='lat' dir='ltr'>beneficiorum</span> <span class='ocrx_word' id='word_1_548' title='bbox 1710 2094 1835 2119; x_wconf 93' lang='lat' dir='ltr'>nullum</span> <span class='ocrx_word' id='word_1_549' title='bbox 1866 2094 2015 2120; x_wconf 90' lang='lat' dir='ltr'>volumus</span> <span class='ocrx_word' id='word_1_550' title='bbox 2042 2095 2277 2128; x_wconf 86' lang='lat' dir='ltr'>praejudicium</span> 
     </span>
     <span class='ocr_line' id='line_1_83' title="bbox 1268 2132 2121 2167; baseline 0.002 -10"><span class='ocrx_word' id='word_1_551' title='bbox 1268 2132 1419 2165; x_wconf 87' lang='lat' dir='ltr'>generari.</span> <span class='ocrx_word' id='word_1_552' title='bbox 1441 2142 1451 2155; x_wconf 87' lang='lat'>»</span> <span class='ocrx_word' id='word_1_553' title='bbox 1470 2132 1569 2166; x_wconf 82' lang='lat' dir='ltr'>(REG.</span> <span class='ocrx_word' id='word_1_554' title='bbox 1589 2132 1638 2164; x_wconf 84' lang='lat'>25,</span> <span class='ocrx_word' id='word_1_555' title='bbox 1658 2133 1679 2158; x_wconf 77' lang='lat' dir='ltr'>f.</span> <span class='ocrx_word' id='word_1_556' title='bbox 1701 2133 1758 2160; x_wconf 86' lang='lat'>135</span> <span class='ocrx_word' id='word_1_557' title='bbox 1778 2137 1825 2165; x_wconf 83' lang='lat' dir='ltr'>v0,</span> <span class='ocrx_word' id='word_1_558' title='bbox 1845 2140 1895 2159; x_wconf 89' lang='lat' dir='ltr'>an.</span> <span class='ocrx_word' id='word_1_559' title='bbox 1919 2134 1971 2165; x_wconf 91' lang='lat' dir='ltr'>IV,</span> <span class='ocrx_word' id='word_1_560' title='bbox 1992 2141 2016 2160; x_wconf 95' lang='lat' dir='ltr'>c.</span> <span class='ocrx_word' id='word_1_561' title='bbox 2039 2134 2121 2167; x_wconf 91' lang='grc'>112.)</span> 
     </span>
    </p>
   </div>
   <div class='ocr_carea' id='block_1_19' title="bbox 1268 2208 2276 2353">
    <p class='ocr_par' dir='ltr' id='par_1_20' title="bbox 1268 2208 2276 2353">
     <span class='ocr_line' id='line_1_84' title="bbox 1310 2208 2276 2247; baseline 0.004 -11"><span class='ocrx_word' id='word_1_562' title='bbox 1310 2220 1321 2234; x_wconf 86' lang='lat'>«</span> <span class='ocrx_word' id='word_1_563' title='bbox 1337 2231 1365 2242; x_wconf 92' lang='lat'>..‚</span> <span class='ocrx_word' id='word_1_564' title='bbox 1385 2208 1490 2237; x_wconf 77' lang='lat' dir='ltr'>abbati</span> <span class='ocrx_word' id='word_1_565' title='bbox 1508 2209 1688 2238; x_wconf 81' lang='lat' dir='ltr'>monasterii</span> <span class='ocrx_word' id='word_1_566' title='bbox 1705 2209 1741 2238; x_wconf 84' lang='lat' dir='ltr'>de</span> <span class='ocrx_word' id='word_1_567' title='bbox 1758 2210 1882 2244; x_wconf 71' lang='lat' dir='ltr'>Asstno,</span> <span class='ocrx_word' id='word_1_568' title='bbox 1900 2210 2119 2247; x_wconf 75' lang='lat' dir='ltr'>Perqamensis</span> <span class='ocrx_word' id='word_1_569' title='bbox 2136 2211 2276 2240; x_wconf 79' lang='lat' dir='ltr'>diocesis.</span> 
     </span>
     <span class='ocr_line' id='line_1_85' title="bbox 1268 2261 2276 2302; baseline 0.003 -12"><span class='ocrx_word' id='word_1_570' title='bbox 1268 2261 1348 2290; x_wconf 89' lang='lat' dir='ltr'>Cum</span> <span class='ocrx_word' id='word_1_571' title='bbox 1372 2261 1455 2290; x_wconf 87' lang='lat' dir='ltr'>sicut</span> <span class='ocrx_word' id='word_1_572' title='bbox 1479 2262 1660 2300; x_wconf 86' lang='lat' dir='ltr'>accepimus</span> <span class='ocrx_word' id='word_1_573' title='bbox 1684 2280 1733 2290; x_wconf 81' lang='lat'>——.</span> <span class='ocrx_word' id='word_1_574' title='bbox 1760 2262 1835 2292; x_wconf 88' lang='lat' dir='ltr'>Dat.</span> <span class='ocrx_word' id='word_1_575' title='bbox 1860 2263 2007 2296; x_wconf 83' lang='lat' dir='ltr'>Viterbii,</span> <span class='ocrx_word' id='word_1_576' title='bbox 2032 2263 2138 2292; x_wconf 85' lang='lat' dir='ltr'>idibus</span> <span class='ocrx_word' id='word_1_577' title='bbox 2162 2264 2276 2302; x_wconf 84' lang='lat' dir='ltr'>aprelis</span> 
     </span>
     <span class='ocr_line' id='line_1_86' title="bbox 1268 2314 1676 2353; baseline -0.005 -10"><span class='ocrx_word' id='word_1_578' title='bbox 1268 2314 1349 2352; x_wconf 81' lang='lat' dir='ltr'>(sic),</span> <span class='ocrx_word' id='word_1_579' title='bbox 1383 2323 1469 2344; x_wconf 80' lang='lat' dir='ltr'>anno</span> <span class='ocrx_word' id='word_1_580' title='bbox 1503 2317 1629 2353; x_wconf 85' lang='lat' dir='ltr'>quarto.</span> <span class='ocrx_word' id='word_1_581' title='bbox 1664 2327 1676 2341; x_wconf 85' lang='lat'>»</span> 
     </span>
    </p>
   </div>
   <div class='ocr_carea' id='block_1_20' title="bbox 1349 2494 2188 2527">
    <p class='ocr_par' dir='ltr' id='par_1_21' title="bbox 1349 2494 2188 2527">
     <span class='ocr_line' id='line_1_87' title="bbox 1349 2494 2188 2527; baseline 0.002 -8"><span class='ocrx_word' id='word_1_582' title='bbox 1349 2494 1441 2519; x_wconf 85' lang='lat'><strong>2540</strong></span> <span class='ocrx_word' id='word_1_583' title='bbox 1807 2495 1947 2527; x_wconf 78' lang='lat' dir='ltr'>Viterbe,</span> <span class='ocrx_word' id='word_1_584' title='bbox 1962 2496 1980 2521; x_wconf 81' lang='lat'>9.</span> <span class='ocrx_word' id='word_1_585' title='bbox 2003 2502 2086 2521; x_wconf 84' lang='lat' dir='ltr'>mars</span> <span class='ocrx_word' id='word_1_586' title='bbox 2101 2496 2188 2521; x_wconf 78' lang='lat'>1258.</span> 
     </span>
    </p>
   </div>
   <div class='ocr_carea' id='block_1_21' title="bbox 1266 2542 2276 2814">
    <p class='ocr_par' dir='ltr' id='par_1_22' title="bbox 1266 2542 2276 2814">
     <span class='ocr_line' id='line_1_88' title="bbox 1310 2542 2275 2576; baseline 0.002 -8"><span class='ocrx_word' id='word_1_587' title='bbox 1310 2542 1462 2576; x_wconf 87' lang='lat' dir='ltr'>Magistro</span> <span class='ocrx_word' id='word_1_588' title='bbox 1486 2542 1625 2569; x_wconf 78' lang='lat' dir='ltr'>Radulfo</span> <span class='ocrx_word' id='word_1_589' title='bbox 1648 2543 1686 2569; x_wconf 90' lang='lat' dir='ltr'>de</span> <span class='ocrx_word' id='word_1_590' title='bbox 1706 2543 1855 2576; x_wconf 84' lang='lat' dir='ltr'>Cropper,</span> <span class='ocrx_word' id='word_1_591' title='bbox 1872 2542 1986 2569; x_wconf 85' lang='lat' dir='ltr'>rectori</span> <span class='ocrx_word' id='word_1_592' title='bbox 2003 2544 2152 2570; x_wconf 83' lang='lat' dir='ltr'>ecclesiae</span> <span class='ocrx_word' id='word_1_593' title='bbox 2166 2544 2195 2570; x_wconf 91' lang='lat' dir='ltr'>S.</span> <span class='ocrx_word' id='word_1_594' title='bbox 2211 2545 2275 2570; x_wconf 90' lang='lat' dir='ltr'>An-</span> 
     </span>
     <span class='ocr_line' id='line_1_89' title="bbox 1269 2582 2275 2616; baseline 0.001 -8"><span class='ocrx_word' id='word_1_595' title='bbox 1269 2582 1361 2608; x_wconf 88' lang='lat' dir='ltr'>dreae</span> <span class='ocrx_word' id='word_1_596' title='bbox 1394 2583 1432 2608; x_wconf 92' lang='lat' dir='ltr'>de</span> <span class='ocrx_word' id='word_1_597' title='bbox 1464 2582 1624 2616; x_wconf 88' lang='lat' dir='ltr'>Hystona,</span> <span class='ocrx_word' id='word_1_598' title='bbox 1658 2583 1822 2615; x_wconf 86' lang='lat' dir='ltr'>capellano</span> <span class='ocrx_word' id='word_1_599' title='bbox 1858 2583 1892 2614; x_wconf 93' lang='lat' dir='ltr'>I.,</span> <span class='ocrx_word' id='word_1_600' title='bbox 1924 2583 2014 2609; x_wconf 83' lang='lat' dir='ltr'>tituli</span> <span class='ocrx_word' id='word_1_601' title='bbox 2047 2583 2075 2609; x_wconf 88' lang='lat' dir='ltr'>S.</span> <span class='ocrx_word' id='word_1_602' title='bbox 2110 2583 2275 2609; x_wconf 88' lang='lat' dir='ltr'>Laurentii</span> 
     </span>
     <span class='ocr_line' id='line_1_90' title="bbox 1266 2621 2276 2656; baseline 0.002 -9"><span class='ocrx_word' id='word_1_603' title='bbox 1266 2621 1298 2647; x_wconf 92' lang='lat' dir='ltr'>in</span> <span class='ocrx_word' id='word_1_604' title='bbox 1326 2622 1456 2654; x_wconf 90' lang='lat' dir='ltr'>Lucina,</span> <span class='ocrx_word' id='word_1_605' title='bbox 1484 2622 1662 2655; x_wconf 86' lang='lat' dir='ltr'>presbyteri</span> <span class='ocrx_word' id='word_1_606' title='bbox 1689 2622 1869 2653; x_wconf 88' lang='lat' dir='ltr'>cardinalis,</span> <span class='ocrx_word' id='word_1_607' title='bbox 1897 2623 2059 2656; x_wconf 79' lang='lat' dir='ltr'>dispensat</span> <span class='ocrx_word' id='word_1_608' title='bbox 2087 2624 2122 2648; x_wconf 93' lang='lat' dir='ltr'>ut</span> <span class='ocrx_word' id='word_1_609' title='bbox 2149 2624 2276 2656; x_wconf 87' lang='lat' dir='ltr'>praeter</span> 
     </span>
     <span class='ocr_line' id='line_1_91' title="bbox 1267 2661 2274 2694; baseline 0.001 -7"><span class='ocrx_word' id='word_1_610' title='bbox 1267 2661 1423 2688; x_wconf 77' lang='lat' dir='ltr'>beneficia</span> <span class='ocrx_word' id='word_1_611' title='bbox 1463 2662 1688 2693; x_wconf 85' lang='lat' dir='ltr'>ecclesiastica,</span> <span class='ocrx_word' id='word_1_612' title='bbox 1729 2669 1838 2688; x_wconf 86' lang='lat' dir='ltr'>curam</span> <span class='ocrx_word' id='word_1_613' title='bbox 1890 2662 2068 2688; x_wconf 87' lang='lat' dir='ltr'>animarum</span> <span class='ocrx_word' id='word_1_614' title='bbox 2109 2662 2274 2694; x_wconf 84' lang='lat' dir='ltr'>habentia,</span> 
     </span>
     <span class='ocr_line' id='line_1_92' title="bbox 1267 2701 2273 2734; baseline 0 -7"><span class='ocrx_word' id='word_1_615' title='bbox 1267 2708 1348 2734; x_wconf 84' lang='lat' dir='ltr'>quae</span> <span class='ocrx_word' id='word_1_616' title='bbox 1374 2701 1511 2732; x_wconf 87' lang='lat' dir='ltr'>obtinet,</span> <span class='ocrx_word' id='word_1_617' title='bbox 1538 2701 1600 2727; x_wconf 82' lang='lat' dir='ltr'>alia</span> <span class='ocrx_word' id='word_1_618' title='bbox 1626 2701 1792 2733; x_wconf 84' lang='lat' dir='ltr'>beneficia,</span> <span class='ocrx_word' id='word_1_619' title='bbox 1820 2709 1891 2728; x_wconf 87' lang='lat' dir='ltr'>cum</span> <span class='ocrx_word' id='word_1_620' title='bbox 1918 2709 1993 2728; x_wconf 80' lang='lat' dir='ltr'>cura</span> <span class='ocrx_word' id='word_1_621' title='bbox 2019 2702 2067 2727; x_wconf 84' lang='lat' dir='ltr'>vel</span> <span class='ocrx_word' id='word_1_622' title='bbox 2094 2702 2160 2727; x_wconf 92' lang='lat' dir='ltr'>sine</span> <span class='ocrx_word' id='word_1_623' title='bbox 2187 2709 2273 2733; x_wconf 84' lang='lat' dir='ltr'>cura,</span> 
     </span>
     <span class='ocr_line' id='line_1_93' title="bbox 1267 2739 2273 2774; baseline 0.001 -8"><span class='ocrx_word' id='word_1_624' title='bbox 1267 2748 1367 2774; x_wconf 88' lang='lat' dir='ltr'>usque</span> <span class='ocrx_word' id='word_1_625' title='bbox 1389 2741 1429 2767; x_wconf 89' lang='lat' dir='ltr'>ad</span> <span class='ocrx_word' id='word_1_626' title='bbox 1450 2741 1591 2767; x_wconf 79' lang='lat' dir='ltr'>valorem</span> <span class='ocrx_word' id='word_1_627' title='bbox 1614 2748 1757 2767; x_wconf 86' lang='lat' dir='ltr'>annuum</span> <span class='ocrx_word' id='word_1_628' title='bbox 1779 2743 1908 2767; x_wconf 87' lang='lat' dir='ltr'>centum</span> <span class='ocrx_word' id='word_1_629' title='bbox 1942 2748 2119 2767; x_wconf 85' lang='lat' dir='ltr'>marcarum</span> <span class='ocrx_word' id='word_1_630' title='bbox 2141 2739 2273 2768; x_wconf 87' lang='lat' dir='ltr'>Sterlin-</span> 
     </span>
     <span class='ocr_line' id='line_1_94' title="bbox 1266 2780 2273 2814; baseline 0.001 -8"><span class='ocrx_word' id='word_1_631' title='bbox 1266 2786 1376 2813; x_wconf 85' lang='lat' dir='ltr'>gorum</span> <span class='ocrx_word' id='word_1_632' title='bbox 1390 2780 1527 2814; x_wconf 84' lang='lat' dir='ltr'>recipcre</span> <span class='ocrx_word' id='word_1_633' title='bbox 1540 2781 1656 2806; x_wconf 82' lang='lat' dir='ltr'>valeat.</span> <span class='ocrx_word' id='word_1_634' title='bbox 1671 2780 1769 2813; x_wconf 82' lang='lat' dir='ltr'>(REG.</span> <span class='ocrx_word' id='word_1_635' title='bbox 1785 2781 1833 2812; x_wconf 89' lang='grc'>25,</span> <span class='ocrx_word' id='word_1_636' title='bbox 1848 2781 1867 2806; x_wconf 82' lang='lat' dir='ltr'>s.</span> <span class='ocrx_word' id='word_1_637' title='bbox 1884 2781 1940 2806; x_wconf 84' lang='lat'>135</span> <span class='ocrx_word' id='word_1_638' title='bbox 1954 2784 2000 2812; x_wconf 72' lang='grc' dir='ltr'>νο,</span> <span class='ocrx_word' id='word_1_639' title='bbox 2015 2787 2064 2806; x_wconf 89' lang='lat' dir='ltr'>an.</span> <span class='ocrx_word' id='word_1_640' title='bbox 2082 2780 2135 2812; x_wconf 93' lang='lat' dir='ltr'>IV,</span> <span class='ocrx_word' id='word_1_641' title='bbox 2149 2788 2173 2807; x_wconf 88' lang='lat' dir='ltr'>c.</span> <span class='ocrx_word' id='word_1_642' title='bbox 2190 2781 2273 2814; x_wconf 85' lang='lat'>113.)</span> 
     </span>
    </p>
   </div>
   <div class='ocr_carea' id='block_1_22' title="bbox 1263 2856 2272 3054">
    <p class='ocr_par' dir='ltr' id='par_1_23' title="bbox 1263 2856 2272 3054">
     <span class='ocr_line' id='line_1_95' title="bbox 1306 2856 2272 2895; baseline 0.003 -12"><span class='ocrx_word' id='word_1_643' title='bbox 1306 2868 1317 2883; x_wconf 60' lang='grc' dir='ltr'>α</span> <span class='ocrx_word' id='word_1_644' title='bbox 1340 2857 1496 2895; x_wconf 62' lang='lat' dir='ltr'>Aiayislro</span> <span class='ocrx_word' id='word_1_645' title='bbox 1519 2856 1654 2894; x_wconf 76' lang='lat' dir='ltr'>Raduljo</span> <span class='ocrx_word' id='word_1_646' title='bbox 1676 2857 1712 2885; x_wconf 83' lang='lat' dir='ltr'>(lc</span> <span class='ocrx_word' id='word_1_647' title='bbox 1736 2857 1881 2895; x_wconf 81' lang='lat' dir='ltr'>Cmpper,</span> <span class='ocrx_word' id='word_1_648' title='bbox 1912 2856 2017 2886; x_wconf 78' lang='lat' dir='ltr'>rectori</span> <span class='ocrx_word' id='word_1_649' title='bbox 2040 2856 2160 2886; x_wconf 82' lang='lat' dir='ltr'>ecclesie</span> <span class='ocrx_word' id='word_1_650' title='bbox 2181 2857 2272 2886; x_wconf 79' lang='lat' dir='ltr'>Beati</span> 
     </span>
     <span class='ocr_line' id='line_1_96' title="bbox 1264 2909 2272 2947; baseline 0.001 -9"><span class='ocrx_word' id='word_1_651' title='bbox 1264 2909 1386 2939; x_wconf 81' lang='lat' dir='ltr'>Andrec</span> <span class='ocrx_word' id='word_1_652' title='bbox 1404 2910 1440 2938; x_wconf 81' lang='lat' dir='ltr'>dc</span> <span class='ocrx_word' id='word_1_653' title='bbox 1458 2909 1610 2947; x_wconf 71' lang='lat' dir='ltr'>Hystona,</span> <span class='ocrx_word' id='word_1_654' title='bbox 1629 2909 1784 2938; x_wconf 79' lang='lat' dir='ltr'>Elicensis</span> <span class='ocrx_word' id='word_1_655' title='bbox 1802 2909 1941 2938; x_wconf 77' lang='lat' dir='ltr'>diocesis.</span> <span class='ocrx_word' id='word_1_656' title='bbox 1961 2909 2083 2938; x_wconf 88' lang='lat' dir='ltr'>Meritis</span> <span class='ocrx_word' id='word_1_657' title='bbox 2102 2910 2272 2939; x_wconf 89' lang='lat' dir='ltr'>laudabilis</span> 
     </span>
     <span class='ocr_line' id='line_1_97' title="bbox 1264 2962 2272 2996; baseline -0.001 -5"><span class='ocrx_word' id='word_1_658' title='bbox 1264 2963 1515 2992; x_wconf 81' lang='lat' dir='ltr'>conversationis</span> <span class='ocrx_word' id='word_1_659' title='bbox 1540 2979 1588 2990; x_wconf 86' lang='lat'>—.</span> <span class='ocrx_word' id='word_1_660' title='bbox 1613 2962 1688 2991; x_wconf 83' lang='lat' dir='ltr'>Dat.</span> <span class='ocrx_word' id='word_1_661' title='bbox 1714 2962 1859 2996; x_wconf 85' lang='lat' dir='ltr'>viterbii,</span> <span class='ocrx_word' id='word_1_662' title='bbox 1884 2962 1946 2991; x_wconf 87' lang='lat' dir='ltr'>VII</span> <span class='ocrx_word' id='word_1_663' title='bbox 1970 2962 2041 2991; x_wconf 84' lang='lat' dir='ltr'>idus</span> <span class='ocrx_word' id='word_1_664' title='bbox 2065 2963 2150 2996; x_wconf 86' lang='lat' dir='ltr'>maii,</span> <span class='ocrx_word' id='word_1_665' title='bbox 2186 2972 2272 2992; x_wconf 84' lang='lat' dir='ltr'>anno</span> 
     </span>
     <span class='ocr_line' id='line_1_98' title="bbox 1263 3017 1444 3054; baseline -0.022 -9"><span class='ocrx_word' id='word_1_666' title='bbox 1263 3017 1390 3054; x_wconf 84' lang='lat' dir='ltr'>quarto.</span> <span class='ocrx_word' id='word_1_667' title='bbox 1433 3027 1444 3041; x_wconf 80' lang='lat'>»</span> 
     </span>
    </p>
   </div>
  </div>
 </body>
</html>
