2477 3512
963 270 1235 317 CINQUIEME
1260 272 1427 310 ANNEE
2209 282 2250 313 77

208 380 297 407 2983
595 380 729 414 Anagni,
752 381 790 408 25
812 381 941 408 octobre
964 381 1050 409 1259.

172 433 322 467 Magistro
349 435 380 460 et
405 433 555 461 tratribus
581 433 744 468 hospitalis
771 434 800 461 S.
828 434 962 468 Spiritus
987 434 1019 461 in
1045 435 1139 462 Saxia

135 478 172 505 de
194 477 278 505 Urbe
299 477 440 512 indulget
461 479 498 504 ut
518 485 575 512 per
594 477 717 505 litteras
739 485 819 512 quae
841 479 879 505 de
900 478 1048 512 hospitali
1069 479 1136 513 ipso

132 521 298 556 specialem
320 529 383 548 non
408 522 538 550 fecerint
560 522 763 555 mentionem,
787 522 946 550 conveniri
969 522 1009 549 ab
1033 522 1138 557 aliquo

129 574 192 594 non
207 566 337 600 possint.
355 566 451 600 (Rsso.
468 566 517 599 25,
533 567 554 594 1.
571 567 640 599 228,
656 574 706 594 an.
724 566 761 599 V,
778 574 803 593 c.
820 566 903 599 211.)

178 667 191 683 «
215 680 234 687 ..
257 654 420 696 mayistro
443 656 472 686 et
492 654 658 695 fratribus
680 654 861 696 hospitalis
885 654 1003 687 Sancti
1027 654 1140 696 Spiri-

131 709 185 739 tus
215 708 250 739 in
281 707 389 739 Samia
417 708 456 739 de
489 707 588 739 Urbe.
619 707 674 738 Ex
703 710 803 749 parte
828 710 947 739 vestra
972 727 1026 739 —.
1054 708 1138 740 Dat.

131 760 301 801 Anagnie‚
329 760 417 792 VIII
442 760 511 792 kal.
538 760 750 797 novembris,
777 770 869 791 anno
895 761 1031 801 quinto.
1059 774 1070 789 n

210 911 299 937 2984
557 911 691 944 Anagni‚
716 911 752 937 17
776 911 945 938 novembre
969 912 1056 939 1259.

170 964 325 999 Episcopo
349 963 513 991 Palentino
536 964 669 991 mandat
692 965 727 991 ut
749 964 1016 998 permutationem
1038 965 1134 992 faciat

129 1008 310 1042 portionum
345 1015 423 1042 quas
457 1008 619 1035 Johannes
653 1008 819 1040 Nazareni,
855 1008 1136 1042 Gallagurritanae,

129 1054 160 1080 et
192 1052 403 1079 Gundisalvus
433 1052 528 1084 Petri,
560 1052 589 1079 S.
621 1052 748 1079 Martini
779 1053 816 1079 de
846 1053 929 1080 Villa
960 1053 1136 1087 Meyednia,

131 1096 313 1123 Palentinae
344 1096 515 1123 diocesium
546 1096 744 1123 ecclesiarum
775 1097 960 1130 portionarii
991 1098 1136 1125 obtinent

130 1142 161 1177 et
192 1147 269 1174 quas
300 1141 340 1167 ad
370 1140 504 1167 invicem
534 1142 714 1174 permutare
745 1140 927 1168 intendunt.
959 1142 1055 1175 (Rsso.
1087 1142 1136 1175 25,

127 1185 149 1212 t.
167 1185 235 1217 228,
252 1192 302 1212 an.
320 1184 358 1216 V,
374 1192 400 1212 c.
418 1185 501 1218 212.)

175 1290 188 1306 «
208 1302 228 1309 ..
250 1276 406 1318 episcopo
426 1275 620 1308 Patentino.
643 1276 730 1308 Cum
750 1277 841 1308 sicut
861 1276 1061 1318 accepimus
1080 1296 1135 1309 —.

128 1330 213 1362 Dat.
238 1329 408 1371 Anagnie,
433 1329 500 1361 XV
522 1328 592 1361 kal.
617 1329 822 1366 decembris,
847 1339 939 1361 anno
963 1329 1100 1370 quinto.
1125 1342 1138 1359 n

207 1489 298 1516 2985
552 1489 686 1523 AnagnI,
709 1489 748 1516 29
770 1489 942 1516 novembre
966 1489 1053 1515 1259.

167 1542 286 1570 Abbati
311 1544 343 1569 et
369 1542 541 1569 conventui
567 1541 748 1569 monasterii
775 1541 804 1568 S.
832 1541 971 1569 Thomae
997 1541 1135 1569 martiris

127 1587 165 1614 de
183 1587 396 1619 Abrebrodoc,
418 1586 446 1613 S.
467 1586 612 1613 Andreae
632 1586 772 1618 diocesis,
793 1586 954 1613 ecclesiam
974 1586 1011 1613 de
1031 1586 1135 1613 Haut-

127 1630 245 1663 wisill0‚
277 1630 496 1657 Dunelmensis
529 1630 669 1662 diocesis,
702 1630 795 1657 sitam
828 1630 859 1657 in
891 1630 1021 1657 Tindale
1053 1637 1134 1664 quae

128 1676 176 1702 est
197 1676 280 1702 terra
302 1675 381 1709 regis
404 1675 538 1707 Scotiae,
561 1682 632 1701 cum
654 1674 828 1707 vacaverit,
851 1675 913 1701 suis
936 1674 1043 1701 usibus
1065 1682 1136 1709 pro-

128 1719 202 1754 priis
230 1719 451 1753 applicandam
479 1719 633 1746 concedit.
663 1719 760 1752 (Bm.
790 1719 839 1751 25,
867 1719 888 1746 f.
918 1719 986 1751 228,
1015 1726 1065 1746 an.
1095 1719 1132 1752 V,

127 1771 152 1790 e.
177 1763 256 1795 213;
281 1763 453 1790 Por‘rnAs’r
477 1763 598 1797 17713.)

173 1865 185 1881 «
210 1878 229 1885 ..
255 1852 371 1884 abbati
395 1854 423 1884 et
446 1853 622 1885 conventui
646 1852 844 1885 monasterii
868 1853 986 1885 Sancti
1013 1853 1137 1885 Thome

127 1906 280 1938 martiris
311 1906 350 1938 de
380 1905 603 1944 Abrebrodoc,
636 1906 768 1938 ordinis
800 1906 917 1938 Sancti
948 1907 1135 1943 Benedicti,

128 1959 247 1992 Sancti
280 1959 415 1991 Andree
447 1959 599 1991 diocesis.
638 1959 793 2001 Injuncti
827 1959 935 1991 officii
968 1959 1137 1991 sollicitu-

127 2013 172 2044 do
202 2031 258 2044 —.
290 2012 374 2044 Dat.
407 2012 578 2054 Anagnie,
615 2012 668 2043 III
701 2011 770 2044 kal.
803 2012 1008 2050 decembris,
1042 2023 1134 2045 anno

127 2065 264 2107 quinto.
289 2078 302 2094 »

205 2223 294 2249 2988
550 2224 685 2257 Anagni,
709 2224 747 2251 20
770 2225 940 2252 novembre
964 2226 1051 2252 1259.

167 2276 321 2310 Episcopo
344 2276 372 2303 S.
393 2276 538 2303 Andreae
558 2276 698 2311 indulget
719 2280 765 2310 ut,
785 2280 857 2312 post
877 2281 1012 2306 mortem
1031 2287 1131 2313 suam,

126 2328 180 2347 rex
206 2320 327 2347 Scotiae
353 2320 402 2347 vel
427 2321 540 2354 aliquis
565 2322 643 2348 alius
669 2322 751 2349 bona
777 2323 905 2350 mobilia
931 2323 1076 2351 ecclesiae
1102 2324 1132 2351 S.

125 2365 269 2391 Andreae
292 2371 443 2398 occupare
466 2367 611 2399 nequeat.
635 2366 731 2399 (Hm.
756 2367 804 2399 25,
827 2367 848 2393 f.
872 2368 929 2394 228
952 2372 998 2400 νο,
1021 2376 1070 2395 an.
1094 2368 1131 2401 V,

127 2416 152 2435 c.
172 2408 252 2440 214;
271 2409 443 2435 POTTHAsr
462 2409 583 2443 17708.)

173 2512 185 2527 «
209 2525 229 2532 ..
254 2500 411 2542 episcopo
435 2500 552 2532 Sancti
576 2501 720 2533 Andree.
746 2502 823 2533 Etsi
846 2502 1005 2534 omnium
1028 2503 1136 2536 eccle-

126 2553 258 2585 siarum
292 2572 347 2585 —.
384 2553 467 2585 Dat.
503 2553 673 2595 Anagnie,
712 2555 785 2586 XII
821 2555 890 2587 kal.
927 2556 1133 2595 decembris,

127 2615 219 2638 anno
244 2606 381 2647 quinto.
406 2618 419 2635 ι)

208 2767 296 2793 2987
595 2768 729 2802 Anagni,
753 2769 789 2796 24
813 2771 940 2797 octobre
965 2771 1050 2798 1259.

168 2820 265 2847 Priori
277 2820 409 2847 fratrum
422 2820 677 2848 Praedicatorum
692 2822 926 2850 Pictavensium
948 2825 1079 2851 mandat
1100 2826 1135 2851 ut

129 2865 285 2899 quaedam
310 2872 326 2891 a
350 2865 529 2898 praeposito
553 2867 584 2891 et
608 2866 745 2899 capitulo
769 2867 914 2894 ecclcsiae
939 2868 967 2895 S.
992 2868 1133 2901 Juniaiii,

128 2909 358 2936 Lemovicensis
375 2908 516 2940 diocesis,
533 2911 656 2936 statuta
674 2911 710 2937 de
728 2913 812 2938 certo
830 2911 861 2937 in
878 2912 986 2939 eadem
1005 2913 1132 2940 ccclesia

128 2960 257 2980 numero
287 2953 508 2979 canonicorum
539 2954 705 2980 rescindat.
737 2955 833 2987 (Rm.
865 2956 914 2988 25,
945 2956 966 2982 f.
997 2957 1055 2983 228
1086 2960 1132 2989 v0,

130 3004 180 3024 an.
200 2997 238 3029 V,
259 3004 283 3023 c.
305 2997 385 3029 215;
406 2997 578 3024 Por'rfflisr
600 2998 720 3032 17687.)

1290 396 1303 412 «
1334 409 1353 416 ..
1385 384 1494 425 priori
1523 384 1669 425 fratrum
1699 385 1954 418 Predicatorum
1982 388 2248 421 Pictavensium.

1244 437 1299 468 Ad
1327 439 1470 468 tantum
1497 437 1625 469 mentis
1650 455 1706 469 —.
1734 438 1817 470 Dat.
1846 439 2014 480 Anagnie,
2042 441 2151 473 VIIII
2180 442 2248 475 kal.

1245 490 1458 527 novembris,
1485 500 1578 522 anno
1603 490 1740 532 quinto.
1767 504 1779 519 »

1327 669 1415 696 2988
1679 671 1813 705 Anagni,
1834 671 1870 699 17
1890 673 2061 701 novembre
2084 675 2170 703 1259.

1286 722 1445 750 Universis
1461 723 1710 758 archiepiscopis,
1726 724 1888 759 episcopis,
1911 726 2035 754 decanis
2050 729 2109 755 etc.
2131 728 2252 757 inhibet

1245 774 1284 794 ne
1311 767 1342 793 in
1369 767 1512 794 fraudem
1538 768 1773 802 privilegiorum
1800 769 1948 803 religiosis
1974 771 2104 798 militiae
2131 772 2251 808 Templi

1246 811 1494 839 Jerosolimitani
1517 812 1852 840 excommunicationis
1875 814 1924 841 vel
1947 814 2107 842 interdicti
2129 819 2252 845 senten-

1242 856 1321 882 tiam
1339 856 1371 883 in
1387 856 1430 883 eis
1446 856 1630 890 proferrent.
1649 856 1745 890 (REG.
1764 857 1812 890 25,
1829 858 1849 884 f.
1867 858 1925 885 228
1942 862 1987 891 v⁰‚
2005 866 2054 886 an.
2072 859 2109 892 V,
2126 868 2151 887 c.
2169 861 2251 896 216.)

1288 955 1300 971 α
1334 967 1353 974 ..
1387 942 1653 984 archiepiscopis
1685 944 1713 973 et
1745 942 1926 984 episcopis,
1960 943 2109 982 decanis,
2143 946 2252 977 archi-

1239 996 1395 1030 diaconis
1424 999 1452 1029 et
1481 1007 1594 1029 eorum
1624 997 1763 1030 vicariis
1793 1008 1831 1030 ac
1860 998 2073 1040 officialibus
2103 1001 2147 1032 ad
2170 1011 2251 1043 quos

1241 1052 1347 1084 littere
1375 1053 1435 1085 iste
1461 1053 1684 1094 pervenerint.
1714 1053 1770 1084 Ex
1797 1056 1898 1095 parte
1927 1054 2137 1087 dilectorum
2163 1056 2253 1088 filio-

1241 1118 1344 1140 rum..
1375 1108 1535 1149 magistri
1562 1111 1598 1140 et
1627 1108 1779 1140 fratrum
1809 1109 1935 1141 domus
1963 1109 2087 1142 militie
2115 1111 2252 1154 Templi

1242 1163 1520 1196 Jerosolimitani
1543 1163 1611 1195 fuit
1633 1163 1856 1205 propositum
1878 1174 1997 1197 coram
2020 1166 2121 1197 nobis
2143 1167 2249 1208 quod,

1243 1228 1324 1252 cum
1362 1219 1429 1260 ipsi
1469 1218 1605 1250 nullum
1644 1221 1762 1260 preter
1801 1219 2006 1251 Romanum
2045 1221 2252 1262 pontificem

1242 1274 1399 1306 habeant
1428 1274 1633 1316 episcopum
1662 1274 1717 1306 vel
1746 1274 1935 1317 prelatum,
1966 1275 2085 1318 eisque
2115 1286 2134 1308 a
2164 1277 2251 1309 Sede

1240 1329 1445 1371 Apostolica
1465 1330 1511 1361 sit
1529 1329 1709 1361 indultum
1729 1330 1823 1371 quod
1844 1330 1960 1362 nullus
1978 1331 2014 1362 in
2033 1341 2092 1363 eos
2111 1341 2252 1364 excom-

1241 1384 1492 1417 municationis
1514 1384 1569 1416 vel
1592 1384 1772 1416 interdicti
1794 1386 1990 1418 sententias
2012 1386 2085 1418 sine
2108 1387 2250 1429 speciali

1242 1440 1413 1473 mandato
1443 1440 1540 1471 Sedis
1567 1439 1726 1481 ejusdem
1754 1441 1886 1472 audeat
1913 1441 2146 1483 promulgare,
2176 1442 2252 1484 qui-

1242 1496 1325 1528 dam
1354 1506 1397 1528 ex
1425 1496 1538 1532 vobis,
1568 1505 1690 1527 eorum
1718 1496 1945 1527 libertatibus
1974 1496 2184 1535 invidentes,
2215 1497 2249 1529 in

1241 1551 1400 1583 homines
1424 1554 1460 1582 et
1484 1550 1637 1582 familias
1661 1560 1700 1583 ac
1725 1554 1836 1582 terras
1859 1551 2028 1593 ipsorum,
2055 1562 2191 1583 necnon
2215 1552 2250 1584 in

1239 1606 1316 1638 illos
1345 1606 1405 1648 qui
1434 1606 1482 1638 eis
1510 1607 1545 1637 in
1575 1606 1652 1637 cibo
1681 1609 1717 1637 et
1745 1609 1844 1648 potu,
1875 1606 1997 1643 furnis,
2028 1606 2249 1645 molendinis,

1239 1661 1391 1704 judiciis,
1419 1661 1663 1693 contractibus
1689 1664 1724 1692 et
1751 1661 1986 1693 mercimoniis
2011 1661 2067 1694 vel
2094 1672 2252 1704 quocun-

1242 1728 1309 1760 que
1330 1716 1397 1749 alio
1420 1717 1525 1749 modo
1546 1716 1785 1753 comunicant,
1807 1717 2003 1749 sententias
2023 1717 2251 1759 promulgant

1241 1773 1395 1810 easdem,
1426 1773 1461 1804 in
1492 1772 1668 1804 dictorum
1699 1772 1859 1813 magistri
1887 1775 1923 1804 et
1953 1772 2105 1804 fratrum
2135 1772 2251 1814 preju-

1243 1829 1374 1862 dicium
1407 1838 1446 1860 ac
1479 1828 1639 1869 ejusdem
1672 1829 1798 1859 domus
1831 1838 1900 1859 non
1934 1828 2112 1860 modicum
2145 1827 2252 1859 detri-

1242 1887 1404 1917 mentum
1436 1883 1555 1924 sicque
1588 1893 1657 1915 non
1689 1883 1762 1914 vim
1794 1885 1830 1915 et
1861 1885 2079 1924 potestatem
2111 1882 2251 1924 privile-

1242 1941 1391 1982 giorum,
1413 1949 1481 1980 que
1499 1938 1584 1980 ipsis
1603 1948 1622 1970 a
1643 1938 1730 1970 Sede
1750 1938 1955 1980 Apostolica
1974 1940 2057 1970 sunt
2072 1947 2248 1975 concessa,

1241 1996 1302 2028 sed
1320 1994 1393 2027 sola
1411 1995 1520 2026 verba
1538 1996 1731 2030 servantes,
1751 2004 1809 2026 eos
1828 1993 2092 2035 quodammodo
2110 2002 2250 2025 excom-

1242 2051 1438 2087 municant,
1459 2050 1544 2081 dum
1564 2049 1612 2080 eis
1631 2049 1892 2080 communicare
1911 2048 1997 2080 alios
2016 2058 2085 2079 non
2106 2048 2250 2090 permit-

1241 2109 1336 2143 tunt,
1365 2108 1400 2137 et
1427 2115 1470 2136 ex
1497 2105 1562 2136 hoc
1588 2104 1738 2145 judicari
1766 2104 1934 2135 videntur
1958 2103 2091 2144 judicio
2118 2103 2250 2134 Judeo-

1240 2171 1329 2198 rum,
1349 2163 1384 2192 et
1403 2160 1462 2202 qui
1480 2160 1529 2192 eis
1546 2159 1775 2191 comunicant
1792 2159 1827 2190 in
1846 2158 2014 2200 predictis
2031 2158 2116 2190 illud
2130 2158 2249 2189 evenit

1240 2216 1492 2249 inconveniens
1521 2215 1614 2256 quod
1645 2214 1815 2255 majorem
1844 2213 2249 2245 excommunicationem

1240 2272 1424 2304 incurrant
1442 2280 1549 2312 quam
1567 2269 1884 2301 excommunicatis
1902 2269 2159 2300 comunicando
2176 2268 2250 2299 fue-

1240 2330 1321 2359 rant
1355 2325 1538 2358 incursuri.
1576 2325 1690 2364 Quare
1726 2324 1826 2356 nobis
1861 2324 2041 2355 humiliter
2074 2323 2249 2365 supplica-

1239 2385 1323 2415 runt
1345 2385 1385 2413 ut
1407 2381 1591 2423 providere
1613 2380 1722 2421 quieti
1744 2389 1866 2411 eorum
1887 2389 1992 2421 super
2012 2379 2078 2411 hoc
2099 2381 2247 2420 paterna

1239 2437 1476 2470 sollieitudine
1503 2446 1717 2467 curaremus.
1746 2436 1833 2467 (lum
1860 2434 1982 2475 itaque
2009 2434 2094 2466 dicti
2122 2433 2248 2474 magis-

1239 2496 1293 2526 ter
1319 2495 1355 2524 et
1382 2492 1509 2523 fratres
1538 2501 1599 2533 pro
1627 2491 1698 2522 suis
1725 2490 1963 2522 laudabilidus
1991 2489 2125 2521 meritis
2153 2488 2247 2529 digni

1239 2549 1311 2582 sint
1338 2547 1469 2579 favoris
1495 2547 1609 2589 gratia
1637 2546 1807 2588 specialiS‚
1836 2555 1898 2576 nos
1925 2554 2046 2576 eorum
2073 2544 2247 2586 supplica-

1239 2603 1397 2636 tionibus
1433 2605 1641 2639 annucntes,
1679 2601 1891 2632 mandamus
1927 2610 1967 2632 ac
2002 2599 2104 2631 vobis
2138 2599 2246 2631 etiam

1240 2658 1435 2692 districtius
1456 2657 1657 2689 inhibemus
1679 2667 1721 2688 ne
1743 2656 1777 2688 in
1800 2656 1961 2688 fraudem
1984 2654 2245 2697 privilegiorum

1239 2715 1396 2757 ipsorum
1424 2712 1619 2745 sententias
1647 2711 1850 2753 hujusmodi
1880 2711 2032 2753 proferre
2061 2710 2102 2741 de
2130 2711 2245 2740 cetero

1239 2769 1463 2812 presumatis,
1482 2771 1517 2800 ct
1535 2768 1561 2798 si
1582 2777 1669 2809 quas
1687 2767 1721 2798 in
1740 2778 1798 2798 cos
1817 2767 1964 2798 forsitan
1984 2765 2244 2807 promulgastis,

1239 2836 1298 2858 eas
1333 2825 1405 2856 sinc
1442 2823 1655 2855 difficultate
1692 2823 1809 2864 aliqua
1846 2821 2028 2857 revocetis,
2064 2821 2114 2851 ita
2151 2820 2244 2861 quod

1239 2881 1365 2913 exinde
1389 2880 1484 2922 apud
1509 2890 1571 2910 nos
1595 2879 1689 2919 (ligni
1713 2878 1878 2909 laudibus
1900 2876 2062 2908 existatis
2084 2878 2117 2907 et
2142 2885 2246 2917 super

1240 2936 1305 2968 hoc
1331 2935 1515 2977 providere
1540 2934 1641 2965 aliter
1667 2944 1734 2965 non
1760 2941 1938 2974 cogamur.
1966 2932 2047 2963 Dat.
2074 2930 2243 2972 Anagnie,

1241 2991 1307 3023 XV
1330 2991 1399 3022 Ital.
1422 2989 1627 3027 decembris,
1650 3000 1742 3020 anno
1765 2988 1901 3029 quinto.
1925 3000 1936 3016 υ
