2477 3512
971 262 1243 309 CINQUIEME
1268 264 1434 301 ANNEE
2214 274 2258 306 59

226 375 314 402 2947
629 373 762 407 Anagni,
787 373 823 400 13
845 373 959 400 sevrier
980 373 1067 400 1259.

187 429 299 456 Eidem
331 427 480 461 magistro
513 427 667 454 Willelmo
699 427 845 453 Wasconi
876 426 1018 460 indulget
1049 428 1085 453 ut
1117 427 1148 453 in

148 473 291 501 absentia
316 472 568 506 praebendarum
594 478 722 497 suarum
748 472 931 504 proventus,
959 470 1151 504 quotidianis

147 516 421 545 distributionibus
457 515 627 542 dumtaxat
663 515 811 548 exceptis,
847 514 1003 548 percipere
1038 514 1147 548 possit.

147 562 244 595 (Bm.
262 561 311 592 25,
328 560 349 586 f.
368 559 436 591 218,
454 566 504 586 an.
522 559 560 591 V,
577 566 603 585 c.
622 559 703 591 179.)

192 663 204 679 «
233 650 406 691 Mayislro
438 648 607 681 Willelmo
639 648 809 685 Wasconi,
841 647 998 689 scriptori
1028 648 1150 679 nostro.

147 703 281 735 Meritis
311 706 371 734 tue
402 702 602 734 devotionis
631 720 686 733 —.
719 702 802 732 Dat.
834 701 1004 742 Anagnie,
1036 700 1152 732 idibus

149 756 326 792 februarii,
351 765 443 787 anno
466 754 603 796 quinto.
628 767 640 782 »

225 920 313 946 2948
565 918 701 951 Anagni,
724 918 762 944 30
784 917 961 951 septembre
985 917 1071 944 1259.

187 972 376 1000 Monasterio
402 972 430 999 S.
456 971 573 998 Mariae
597 971 634 998 de
658 971 766 997 Monte
791 971 929 1003 Mirteto,
953 971 1153 998 Velletrensis

149 1017 289 1049 diocesis,
309 1018 438 1051 propter
457 1016 595 1043 diversos
615 1017 747 1042 eventus
767 1015 798 1041 in
817 1015 1044 1049 temporalibus
1064 1015 1153 1042 dimi-

148 1063 236 1093 nuto,
260 1061 486 1088 monasterium
512 1060 700 1087 Graecorum
726 1059 754 1086 S.
776 1060 925 1092 Adriano,
947 1060 1152 1087 Rossanensis

147 1105 287 1137 diocesis,
315 1106 347 1132 in
373 1104 600 1138 temporalibus
629 1106 660 1130 et
687 1104 902 1137 spiritualibus
930 1104 1152 1136 deformatum,

147 1157 218 1180 cum
243 1149 333 1177 terris
359 1151 390 1176 et
414 1149 536 1182 J‘urihus
562 1149 671 1175 donat.
698 1148 795 1181 (Bm.
822 1148 871 1179 25,
897 1148 917 1174 f.
945 1148 1013 1179 218,
1039 1155 1089 1175 an.
1115 1148 1153 1180 V,

146 1201 171 1220 c.
194 1194 276 1227 180.)

193 1296 205 1311 «
230 1308 249 1314 ..
276 1283 392 1315 abbati
417 1285 444 1314 et
468 1282 645 1315 conventui
669 1282 867 1314 monasterii
893 1282 1014 1314 Sancte
1036 1282 1154 1313 ,Marie

146 1336 185 1368 de
216 1336 335 1367 *Monte
366 1336 518 1373 Mirteto,
553 1335 728 1367 Florensis
760 1335 902 1371 ordinis,
941 1334 1153 1366 Velletrensis

147 1389 300 1421 diocesis.
330 1389 425 1420 Inter
447 1392 564 1420 nostre
589 1388 834 1420 sollicitudinis
855 1407 910 1419 —.
936 1388 1023 1419 Cum
1046 1388 1153 1428 igitur

149 1442 402 1473 monasterium
430 1445 589 1473 vestrum
618 1441 772 1482 quadani
800 1440 876 1481 ejus
903 1440 1046 1481 grangia
1075 1450 1153 1482 spo-

147 1495 274 1526 liatum
298 1498 333 1526 et
358 1497 503 1536 propter
527 1494 683 1526 diversos
706 1496 856 1525 eventus
879 1503 948 1524 non
974 1493 1151 1525 modicum

146 1548 181 1579 in
204 1547 460 1589 temporalibus
482 1546 709 1583 diminutum,
733 1548 769 1577 et
792 1546 1046 1577 monasterium
1070 1545 1152 1578 Gre-

145 1610 266 1632 corum
291 1600 413 1632 Sancti
435 1600 593 1636 Adriani,
619 1599 851 1631 Rossanensis
875 1599 1031 1636 diocesis,
1057 1599 1150 1640 quod

146 1654 190 1686 ad
216 1654 418 1685 Romanam
442 1653 637 1685 Ecclesiam
662 1653 757 1684 nullo
782 1652 936 1694 pertinet
960 1652 1150 1689 mediante,

146 1707 237 1738 sicut
265 1706 475 1748 accepimus,
506 1708 652 1748 propter
680 1705 855 1737 malitiam
884 1705 1088 1746 degentium
1116 1705 1151 1736 in

147 1760 281 1796 eodem,
320 1759 356 1790 in
392 1759 649 1801 temporalibus
686 1768 726 1790 ac
764 1758 1008 1800 spiritualibus
1044 1758 1152 1790 etiam

148 1812 388 1844 deformatum
406 1811 430 1850 1,
447 1821 510 1844 nos
526 1811 709 1853 providere
727 1811 769 1843 de
789 1811 864 1853 ipso
886 1810 995 1842 vestri
1016 1820 1155 1843 monas-

146 1865 226 1897 terii
250 1864 469 1907 profectibus
493 1864 729 1901 intendentes,
758 1863 1014 1895 monasterium
1038 1864 1154 1906 ipsum

148 1918 338 1950 Grecorum
359 1927 441 1950 cum
460 1917 574 1954 terris,
597 1917 876 1959 possessionibus
897 1919 934 1949 et
955 1916 1031 1948 aliis
1052 1917 1154 1948 bonis

145 1974 180 2003 et
198 1971 337 2013 juribus
355 1970 437 2008 suis,
458 1970 561 2002 vobis
580 1973 616 2002 et
636 1980 698 2012 per
717 1980 780 2001 vos
800 1969 1014 2001 monasterio
1034 1972 1153 2002 vestro

146 2024 362 2066 presentium
401 2023 616 2055 auctoritate
655 2023 869 2054 conferimus
908 2025 1079 2064 perpetuo
1118 2026 1153 2054 et

147 2078 331 2114 donamus,
354 2079 460 2118 prout
480 2076 798 2108 commoditatibus
818 2076 927 2107 vestri
948 2076 1151 2108 monasterii

147 2130 311 2172 expedire
330 2129 490 2161 videritis
510 2129 782 2170 disponendum,
796 2131 996 2160 statuentes
1008 2132 1047 2160 ut
1058 2129 1152 2161 idem

146 2183 421 2216 monasteriume
446 2182 637 2214 Grecorum
661 2191 741 2213 cum
765 2181 836 2213 suis
860 2182 1149 2223 possessionibus,

147 2236 247 2268 bonis
278 2238 313 2267 et
344 2235 482 2276 juribus
513 2235 692 2276 perpetuis
726 2234 848 2266 usibus
878 2234 1004 2266 vestris
1036 2235 1150 2267 cedat.

146 2289 319 2321 Volumus
350 2290 471 2320 autem
504 2290 546 2319 ut
577 2287 721 2319 ecclesia
754 2287 915 2329 ejusdem
948 2288 1152 2319 monasterii

146 2341 308 2383 congruis
348 2350 418 2373 non
459 2340 677 2372 destituatur
717 2340 896 2382 obsequiis
935 2340 971 2372 in
1012 2340 1151 2372 divinis.

149 2395 244 2426 Nulli
268 2396 386 2426 nostre
410 2392 619 2430 collationis,
644 2393 846 2425 donationis
869 2395 905 2425 et
928 2393 1153 2426 constitutio-

149 2448 202 2480 nis
221 2449 288 2479 etc.
309 2447 393 2478 Dat.
414 2446 585 2488 Anagnie,
610 2446 643 2477 II
663 2445 732 2478 kal.
754 2446 919 2483 octobris,
940 2456 1033 2478 anno
1054 2447 1154 2488 quin-

146 2503 196 2533 to.
217 2513 230 2529 n

228 2666 316 2692 29⁴⁹
567 2665 701 2699 Anagni,
724 2665 763 2693 30
785 2666 961 2700 septembre
986 2665 1072 2693 1259.

191 2719 348 2754 Episcopo
375 2718 567 2752 Stragulensi
591 2720 621 2745 et
646 2719 755 2745 abbati
779 2719 961 2746 monasterii
985 2718 1014 2746 S.
1040 2719 1156 2746 Mariae

153 2764 253 2795 Nove,
285 2763 439 2790 Florensis
470 2763 597 2794 ordinis,
630 2763 821 2790 Geruntinae
852 2763 993 2795 diocesis,
1024 2764 1156 2791 mandat

152 2810 188 2835 ut
212 2808 389 2842 praedictos
414 2807 562 2834 abbatem
588 2809 618 2833 et
643 2809 835 2833 conventum
859 2807 891 2834 in
915 2808 1067 2841 praedicti
1092 2815 1156 2834 mo—

154 2852 281 2879 nasterii
302 2852 491 2879 Graecorum
511 2853 542 2878 et
562 2851 824 2885 pertinentiarum
844 2852 911 2885 ejus
931 2852 1156 2886 possessionem

157 2897 317 2923 inducant.
337 2896 433 2929 (Bm.
453 2896 501 2927 25,
519 2896 540 2922 f.
559 2896 628 2927 218,
647 2903 696 2922 an.
716 2896 752 2927 V,
771 2896 844 2929 d.c.)

182 2991 203 3011 1.
225 2990 243 3010 ll
257 2989 350 3010 semble
363 2994 486 3015 manqucr
499 2989 531 3009 ici
545 2995 578 3009 un
592 2990 646 3009 mot
660 2989 693 3009 tel
707 2995 756 3015 que
769 2989 879 3014 luissent.

1300 390 1309 401 υ
1345 401 1362 407 .,
1397 376 1551 417 episcopo
1584 376 1797 417 Straqulensi
1830 380 1880 409 el..
1914 379 2028 411 abbati
2059 379 2257 411 monasterii

1255 428 1374 460 Sancle
1405 429 1520 460 Marie
1550 430 1654 466 Nove,
1688 429 1861 461 Florensis
1893 431 2035 468 ordinis,
2074 432 2257 464 Gerunline

1254 481 1405 512 diocesis.
1436 482 1530 513 Inter
1556 485 1671 514 nostre
1697 482 1942 515 sollicitudinis
1967 503 2021 515 Q.
2049 485 2131 516 Dat.
2158 488 2197 516 ut
2222 485 2257 516 in

1254 534 1332 565 alia.
1361 547 1372 561 n

1336 681 1425 707 2950
1673 683 1808 716 Anagni,
1830 683 1867 709 22
1890 684 2066 717 septembre
2090 684 2176 710 1259.

1298 735 1446 768 Magistro
1475 735 1613 763 Thomae
1642 736 1679 762 de
1708 736 1812 767 Perce,
1841 736 2088 764 consideratione
2116 737 2258 773 Roberti,

1258 779 1500 806 Dumblanensis
1535 779 1635 811 electi,
1671 780 1812 813 indulget
1846 782 1893 811 ut,
1927 783 2052 814 praeter
2086 782 2258 807 cantoriam

1256 823 1496 850 Brechinensem
1521 831 1628 850 curam
1652 824 1829 850 animarum
1853 824 2034 856 habentem,
2060 832 2155 858 quam
2179 826 2260 851 obti-

1258 869 1321 899 net,
1344 868 1471 894 unicum
1493 867 1578 894 aliud
1600 868 1787 894 beneficium
1810 875 1881 894 cum
1904 868 1996 895 simili
2017 877 2091 895 cura
2113 869 2144 895 in
2166 875 2259 902 regno

1259 912 1378 938 Scotice
1398 912 1532 946 recipere
1552 912 1660 946 possit.
1682 912 1778 945 (Rea.
1801 912 1849 945 25,
1870 913 1890 939 f.
1913 913 1981 944 218,
2002 920 2051 939 an.
2073 912 2110 944 V,
2131 920 2156 939 e.
2178 912 2259 947 181.)

1304 1007 1316 1022 ι(
1337 993 1509 1034 Mayistro
1535 993 1658 1024 Thorne
1680 992 1718 1023 de
1740 993 1851 1029 Perce,
1876 992 2004 1023 cantori
2025 992 2258 1024 Brechinensi.

1258 1048 1354 1079 Licet
1381 1057 1422 1078 ne
1448 1046 1525 1088 quis
1548 1065 1603 1077 Q.
1630 1046 1713 1077 Dat.
1739 1045 1908 1086 Anagnie,
1935 1045 1989 1076 XI
2014 1045 2083 1077 kal.
2109 1048 2260 1087 septem-

1261 1100 1341 1137 bris,
1371 1110 1463 1132 anno
1492 1099 1628 1140 quinto.
1657 1112 1669 1127 »

1337 1251 1421 1278 2951
1775 1249 1909 1283 Anagni,
1934 1249 1970 1276 13
1993 1248 2069 1276 aosst
2093 1249 2179 1276 1259.

1299 1305 1449 1336 Roberto,
1473 1303 1701 1330 Dumblanensi
1723 1303 1832 1335 electo,
1854 1310 1927 1329 cum
1949 1301 2132 1336 episcopalis
2154 1309 2261 1329 mensa

1258 1349 1502 1376 Dumblanensis
1522 1348 1667 1374 ecclesiae
1687 1347 1790 1374 tenuis
1810 1347 1861 1379 sit,
1882 1346 2025 1373 concedit
2045 1348 2081 1372 ut
2101 1345 2261 1372 ecclesiam

1257 1394 1295 1420 de
1318 1393 1499 1426 Kilmaling,
1523 1391 1765 1418 Dumblanensis
1787 1391 1927 1422 diocesis,
1949 1391 1980 1417 in
2002 1397 2064 1424 qua
2084 1390 2134 1423 ius
2156 1391 2261 1423 patro-

1256 1439 1350 1464 natus
1370 1437 1492 1464 obtinet
1513 1438 1543 1463 et
1564 1444 1644 1470 quae
1673 1436 1779 1462 decem
1808 1441 1984 1461 marcarum
2013 1434 2152 1460 valorem
2172 1434 2261 1460 annis

1258 1481 1384 1515 singulis
1401 1481 1455 1507 vix
1472 1481 1604 1511 excedit,
1621 1480 1751 1506 cedente
1767 1479 1863 1513 ipsius
1880 1478 1929 1505 vel
1947 1478 2115 1504 decedente
2132 1478 2260 1509 rectore,

1258 1527 1298 1553 ad
1318 1533 1429 1552 manus
1450 1533 1521 1552 suas
1542 1525 1646 1558 quoad
1667 1524 1781 1551 vixerit
1801 1530 1872 1549 cum
1893 1523 1955 1549 suis
1974 1522 2096 1555 juribus
2117 1524 2148 1548 et
2168 1521 2262 1555 perti-

1258 1571 1372 1597 nentiis
1387 1570 1519 1596 retinere
1534 1569 1642 1603 possit.
1659 1569 1755 1602 (ΒΕΘ.
1772 1568 1821 1599 25,
1836 1568 1857 1594 f.
1874 1567 1942 1598 218,
1959 1574 2007 1593 an.
2024 1566 2062 1598 V,
2077 1573 2102 1592 c.
2120 1566 2201 1599 182.)

1304 1664 1316 1679 α
1360 1650 1512 1686 Roberlo,
1556 1648 1843 1690 D11[m]blanensi
1890 1646 1996 1678 electo.
2044 1646 2262 1687 Obsequiosa

1260 1704 1401 1736 devotio
1440 1706 1475 1735 et
1513 1722 1568 1734 —.
1609 1703 1692 1733 Dat.
1732 1700 1901 1742 Anagnie,
1942 1700 2058 1731 idibus
2109 1699 2261 1740 augusti,

1258 1767 1350 1789 anno
1375 1757 1510 1798 quinto.
1536 1769 1547 1783 υ

1340 1904 1431 1930 2952
1778 1901 1912 1934 Anagni,
1936 1900 1972 1927 13
1995 1900 2071 1927 aosst
2095 1900 2180 1927 1259.

1300 1957 1412 1984 Eidem
1447 1957 1589 1990 indulget
1624 1957 1659 1982 ut
1694 1955 1815 1981 fructus
1850 1954 2002 1980 ommium
2037 1954 2263 1987 personatuum

1260 2001 1452 2035 dignitatum
1480 2002 1511 2027 et
1539 1999 1762 2026 beneficiorum
1790 1998 2069 2025 ecclesiasticorum
2096 2004 2194 2030 usque
2222 1996 2262 2023 ad

1258 2046 1428 2073 triennium
1447 2045 1478 2071 in
1497 2052 1553 2071 sua
1569 2044 1698 2070 civitate
1714 2051 1749 2069 ac
1765 2043 1879 2069 diocesi
1903 2044 2137 2073 vacaturorum,
2161 2041 2261 2075 primo

1259 2097 1342 2117 anno
1373 2097 1435 2123 quo
1465 2089 1533 2123 ipsa
1563 2095 1674 2114 vacare
1705 2087 1880 2121 contigerit,
1910 2087 2067 2120 percipere
2097 2085 2201 2111 valeat
2231 2084 2262 2111 in

1257 2134 1446 2161 solutionem
1477 2133 1656 2159 debitorum
1687 2132 1832 2158 ecclesiae
1863 2129 2105 2156 Dumblanensis
2135 2135 2263 2155 conver-

1256 2178 1379 2205 tendos.
1398 2178 1495 2211 (Bm.
1514 2177 1563 2208 25,
1581 2177 1602 2203 f.
1621 2176 1678 2202 218
1696 2179 1743 2208 v0,
1761 2183 1810 2202 an.
1829 2175 1866 2206 V,
1885 2182 1909 2201 c.
1931 2174 2011 2207 183.)

1303 2272 1315 2288 «
1335 2259 1468 2291 Eidem.
1492 2257 1709 2299 Obsequiosa
1732 2256 1874 2288 devotio
1896 2265 1965 2297 qua
1986 2274 2040 2286 —.
2064 2255 2147 2286 Dat.
2170 2255 2264 2285 Ana-

1257 2314 1347 2357 gnie,
1378 2312 1495 2344 idibus
1524 2311 1676 2352 augusti,
1707 2320 1800 2342 anno
1831 2309 1967 2351 quinto.
1999 2320 2011 2336 »

1340 2463 1431 2489 2953
1679 2461 1812 2495 Anagni,
1836 2460 1874 2487 26
1896 2459 2072 2493 septembre
2096 2458 2182 2484 1259.

1301 2516 1537 2544 concessionem
1554 2514 1699 2542 ecclesiae
1717 2514 1746 2540 S.
1764 2513 1880 2540 Mariae
1897 2513 1934 2539 de
1951 2511 2104 2546 Capitolio
2121 2512 2152 2538 in
2170 2512 2264 2542 Urbe,

1261 2568 1333 2587 cum
1363 2561 1462 2586 hortis
1493 2562 1524 2586 et
1554 2558 1812 2593 possessionibus,
1843 2556 1992 2583 fratribus
2023 2556 2194 2582 Minoribus
2225 2555 2264 2580 ab

1263 2605 1445 2632 Innocentio
1475 2604 1516 2630 IV
1542 2605 1659 2630 factam
1685 2602 1863 2629 confirmat.
1890 2601 1986 2634 (REG.
2013 2600 2061 2631 25,
2087 2600 2108 2626 f.
2135 2599 2192 2625 218
2219 2603 2264 2629 νῦ,

1259 2656 1309 2676 an.
1328 2649 1366 2681 V,
1385 2657 1410 2675 c.
1432 2648 1488 2675 183
1503 2646 1539 2680 1.)

1305 2743 1317 2757 a
1359 2755 1377 2761 ..
1420 2729 1576 2760 ministro
1617 2729 1645 2758 et
1684 2727 1851 2767 fratribus
1893 2724 2093 2756 Minoribus
2134 2722 2264 2753 ecclesie

1261 2784 1381 2816 Sancte
1400 2782 1517 2813 Mario
1535 2781 1574 2811 dc
1594 2779 1764 2821 Capitolio
1784 2780 1818 2811 in
1843 2778 1942 2811 Urbe.
1962 2778 2038 2809 Hiis
2058 2787 2124 2818 quc
2144 2778 2264 2807 aucto-

1260 2837 1365 2868 ritate
1395 2856 1448 2866 je.
1481 2836 1564 2866 Dal.
1596 2833 1764 2873 Anagnic,
1798 2833 1845 2863 Vl
1876 2832 1944 2862 kal.
1976 2830 2139 2865 octobris,
2171 2837 2262 2859 anno

1260 2889 1396 2931 quinto.
1423 2902 1435 2916 »

1295 2988 1316 3008 1.
1335 2988 1373 3007 On
1387 2987 1437 3007 vnu
1453 2992 1500 3012 que
1514 2988 1552 3006 cot
1567 2987 1622 3006 acte
1636 2992 1649 3005 a
1663 2986 1684 3006 le
1698 2985 1777 3005 meme
1791 2984 1923 3010 capitulum
1938 2989 1985 3008 qut·
1999 2983 2019 3003 lc
2034 2982 2173 3007 precedent.
