2477 3512
204 265 266 295 762
932 262 1190 296 REGISTRES
1211 262 1548 296 D’ALEXANDRE
1569 262 1617 296 IV

205 383 219 398 ι
241 379 348 401 coram
371 370 439 408 ipso
461 370 548 408 quod
571 377 678 398 coram
700 377 737 398 eo
759 369 950 407 respondere
971 369 1103 399 minime
1125 376 1219 406 coge-

209 435 220 451 α
244 424 372 457 bantur,
391 432 448 461 pro
464 431 500 451 eo
517 422 614 461 quod,
632 424 670 450 ut
686 422 809 450 dictum
825 423 885 455 est,
901 422 942 451 ab
960 422 1047 451 omni
1073 421 1219 460 jurisdic-

210 488 221 503 ι
244 477 331 505 tione
354 484 410 504 sua
435 477 541 504 essent
563 474 653 504 liberi
666 476 698 503 et
721 474 890 508 immunes,
910 477 943 503 et
966 474 997 503 in
1022 474 1219 513 possessione

211 541 222 556 ιι
246 529 420 558 existerent
447 530 480 557 et
506 527 675 556 extiterint
701 527 742 556 ab
761 527 898 565 antiquo
920 527 1106 556 omnimodo
1127 526 1220 556 liber-

209 594 221 608 «
244 581 333 614 tatis,
355 583 387 610 et
415 580 501 609 nullo
528 582 671 618 tempore
698 588 806 608 coram
833 579 1042 609 Urbevctano
1069 579 1219 618 episcopo

210 646 221 661 α
244 634 275 663 in
300 633 426 672 justitia
452 632 701 671 respondissent,
739 634 772 661 et
796 632 880 661 idem
905 632 1073 670 episcopus
1098 632 1219 661 nullam

210 699 221 714 «
243 686 482 725 juridictionem
517 685 711 714 ordinariam
733 694 788 714 seu
813 684 994 723 delegatam
1021 685 1163 714 habebat
1185 684 1216 713 in

211 751 223 766 «
245 739 300 773 eis,
315 739 401 778 quod
416 738 597 768 offerebant
611 747 643 766 se
654 738 847 776 probaturos
859 746 966 766 coram
976 737 1083 775 judice
1094 746 1221 775 compe-

212 804 223 818 «
246 792 338 821 tenti.
368 791 439 826 Sed,
465 790 610 829 predicta
643 791 832 828 exceptione
867 799 930 819 non
955 790 1107 824 admissa,
1135 790 1220 819 idem

213 857 224 871 «
247 845 424 883 episcopuS,
447 844 485 873 de
507 843 604 877 facto,
627 852 699 872 cum
722 843 760 872 de
781 843 850 881 jure
872 852 935 872 non
958 845 1076 881 posset,
1099 843 1130 871 in
1152 851 1222 881 pre-

213 906 224 919 «
248 893 350 923 dictos
374 892 511 931 priorem
536 894 568 921 et
591 892 766 921 monachos
791 891 907 921 Sancte
931 891 1039 920 Crucis
1063 894 1095 920 et
1119 890 1223 929 capel-

213 946 357 975 «lanum
390 945 458 983 jam
492 945 615 974 dictum
649 943 992 974 excommunicationis
1026 943 1221 973 sententiam

213 998 443 1032 «fulminavit,
476 1000 509 1027 et
541 997 697 1031 ecclesias,
727 997 877 1026 videlicet
904 996 1057 1026 Sanctam
1090 996 1222 1025 Crucem

213 1063 225 1079 «
248 1054 280 1081 et
301 1051 456 1082 Sanctum
471 1050 633 1089 Egidium,
650 1050 864 1079 ecclesiastico
885 1050 923 1079 de
944 1049 1032 1079 facto
1052 1049 1223 1088 supposuit

213 1117 224 1131 «
247 1104 438 1138 interdict0;
464 1104 502 1133 de
526 1103 612 1132 facto
636 1103 735 1132 etiam
759 1105 912 1141 patronos
936 1105 969 1131 et
993 1102 1223 1141 parrochianos

212 1169 224 1183 «
248 1156 434 1186 monasterii
461 1156 577 1186 Sancte
605 1155 712 1185 Crucis
740 1158 772 1184 et
805 1155 934 1185 ecclesie
969 1155 1079 1185 Sancti
1106 1155 1222 1193 Egidii‚

212 1221 225 1236 «
247 1209 273 1239 si
288 1210 329 1238 ad
345 1218 455 1238 eorum
471 1208 618 1238 ecclesias
641 1208 830 1237 accederent
845 1208 886 1237 ad
903 1207 1022 1242 divina,
1039 1216 1224 1237 excommu-

213 1273 225 1289 «
249 1261 417 1291 nicationis
442 1261 571 1290 vinculo
597 1261 778 1294 innodavit,
805 1260 1100 1290 excommunicavit
1124 1260 1223 1289 etiam

213 1326 224 1341 «
248 1323 357 1344 omnes
385 1314 453 1343 illos
482 1314 536 1352 qui
564 1314 605 1343 ad
633 1314 795 1352 predictas
823 1313 970 1343 ecclesias
999 1313 1151 1352 eligerent
1178 1322 1224 1342 se-

213 1379 225 1395 «
247 1367 404 1405 pulturas,
434 1366 612 1396 deferentes
656 1369 689 1396 et
735 1369 848 1396 euntes
876 1375 949 1395 cum
977 1366 1032 1400 eis,
1061 1375 1098 1395 ac
1125 1366 1224 1395 etiam

213 1432 225 1447 «
248 1429 357 1449 omnes
379 1420 448 1449 illos
471 1420 525 1458 qui
547 1419 591 1449 eis
615 1420 729 1448 darent
751 1419 950 1454 elemosinas,
973 1419 1024 1448 vel
1046 1419 1223 1448 mortuaria

213 1485 225 1500 «
248 1474 354 1512 aliqua
379 1482 436 1511 pro
460 1472 544 1502 vivis
567 1474 667 1511 atque
690 1472 836 1506 mortuis,
851 1461 887 1516 ets
907 1481 1018 1502 omnes
1041 1472 1108 1510 qui,
1134 1471 1223 1512 [quo]

215 1539 227 1553 ιι
250 1535 387 1565 cumque
419 1526 515 1555 modo
558 1526 609 1555 vel
640 1528 727 1559 actu,
760 1527 964 1554 contractum
996 1524 1137 1563 aliquem
1168 1525 1227 1554 ini-

214 1591 226 1606 «
249 1582 320 1608 rent
341 1588 414 1608 cum
435 1579 479 1608 eis
500 1581 532 1608 et
553 1578 596 1608 eis
617 1580 800 1617 prestarent
820 1578 977 1607 auxilium
997 1578 1049 1607 vel
1069 1578 1225 1612 favorem,

214 1644 227 1660 ι
248 1632 298 1661 vel
326 1632 358 1661 in
385 1632 493 1670 aliquo
521 1631 796 1661 communicarent
822 1631 941 1660 eisdem
961 1633 1020 1660 aut
1038 1631 1228 1660 accederent

217 1696 229 1711 α
251 1685 292 1714 ad
311 1684 458 1714 ecclesias
476 1684 670 1718 eorundem;
706 1686 739 1713 et
757 1684 818 1713 hoc
836 1683 913 1713 fecit
931 1683 1099 1722 episcopus
1117 1691 1228 1721 supra-

217 1749 229 1765 «
253 1738 358 1767 dictus
373 1740 448 1776 post
463 1737 714 1776 appellationem
730 1739 863 1775 propter
879 1736 1101 1775 exceptionem
1118 1736 1229 1774 hujus-

218 1802 230 1817 «
252 1790 339 1820 modi
369 1799 432 1819 non
462 1790 636 1819 admissam
665 1790 706 1819 ad
737 1790 851 1819 Sedem
880 1789 1102 1827 Apostolicam
1131 1788 1228 1818 inter-

218 1855 230 1870 «
251 1843 382 1881 Jectam,
402 1851 460 1881 pro
478 1845 571 1881 parte
589 1842 718 1871 abbatis
738 1845 770 1871 et
789 1842 924 1871 aliorum
945 1842 1116 1875 dictorum,
1136 1841 1229 1880 cujus

219 1907 232 1923 α
254 1895 394 1934 episcopi
424 1895 766 1925 excommunicationis
796 1895 957 1924 sententia
986 1904 1041 1924 seu
1071 1894 1230 1924 sententie

220 1960 232 1975 «
254 1949 449 1978 auctoritate
475 1948 596 1977 domini
620 1948 708 1977 Petri
733 1948 914 1981 cardinalis,
940 1948 972 1977 in
997 1947 1145 1986 partibus
1170 1947 1230 1977 illis

221 2013 233 2029 «
256 2001 438 2040 Apostolice
459 2001 548 2031 Sedis
566 2001 674 2039 legati,
694 2001 806 2030 extitit
824 2003 976 2030 revocata
995 2009 1050 2030 seu
1070 2002 1229 2030 revocate.

223 2066 233 2081 α
258 2055 317 2084 Sed
342 2054 487 2093 prefatus
511 2054 678 2092 episcopus
703 2053 806 2083 dictas
829 2053 1019 2087 sententias,
1044 2056 1119 2091 post
1142 2062 1233 2082 revo-

223 2119 234 2134 «
257 2108 417 2136 cationem
452 2106 638 2145 hujusmodi
672 2108 705 2135 et
739 2109 913 2145 postquam
949 2106 1048 2139 etiam
1083 2105 1232 2135 dominus

223 2171 234 2187 «
257 2169 341 2198 papa
364 2160 565 2198 questionem
587 2159 774 2197 hujusmodi
796 2159 957 2188 commisit
978 2159 1081 2192 vobis,
1105 2159 1232 2188 domine

219 2223 230 2239 α
258 2213 437 2246 cardinalis,
458 2212 612 2241 innovare
633 2212 811 2249 temptavit
831 2211 1142 2241 excommunicando
1164 2220 1233 2249 pre-

223 2277 235 2292 «
258 2266 344 2295 dicto
361 2266 457 2294 modo
474 2274 584 2294 omnes
600 2265 744 2303 superius
761 2266 966 2298 memoratos,
984 2263 1104 2293 faciens
1121 2264 1233 2293 diebus

225 2330 236 2344 ι(
258 2318 399 2356 singulis,
441 2317 577 2356 pulsatis
618 2318 783 2355 campanis
825 2320 857 2346 et
899 2317 1039 2346 candelis
1081 2316 1232 2350 accensis,

225 2383 237 2397 ι(
260 2371 420 2409 predictos
438 2370 576 2408 priorem
594 2372 627 2399 et
645 2370 830 2403 monachos,
850 2370 1052 2408 capellanum
1071 2372 1103 2398 et
1123 2378 1234 2398 omnes

225 2435 237 2451 «
259 2424 336 2453 alios
364 2423 565 2461 supradictos
599 2422 894 2452 excommunicatos
927 2422 1053 2460 publice
1082 2422 1234 2456 nuntiari,

227 2488 238 2502 «
262 2479 294 2505 et
325 2478 484 2514 quatenus
515 2475 546 2504 in
577 2484 614 2504 eo
645 2477 693 2504 est
724 2475 850 2513 publice
881 2475 996 2504 evitari
1027 2475 1059 2503 in
1090 2475 1234 2512 ejusdem

227 2528 447 2558 «monasterii
481 2528 624 2558 Saxivivi
658 2531 690 2557 et
722 2528 865 2566 ipsorum
898 2535 995 2565 grave
1022 2528 1234 2565 prejudicium

227 2589 238 2604 «
262 2580 294 2606 et
311 2585 485 2615 gravamen
503 2579 535 2605 et
553 2577 740 2605 scandalum
758 2576 981 2614 plurimorum,
1000 2578 1131 2614 propter
1149 2576 1235 2614 quod

226 2642 238 2657 «
261 2630 338 2659 dicti
372 2630 473 2659 abbas
507 2632 539 2658 et
573 2631 751 2658 conventus
786 2629 963 2667 dampnum
1005 2631 1037 2657 et
1080 2638 1236 2666 expensas

227 2694 239 2710 ι(
261 2683 370 2721 gravia
394 2683 604 2711 incurrerunt.
630 2682 734 2718 Quare
757 2682 840 2719 petit
861 2684 1051 2719 procurator
1072 2681 1236 2719 predictus

227 2747 238 2762 «
262 2744 346 2769 cum,
368 2737 404 2764 ut
425 2735 549 2764 dictum
569 2736 628 2768 est,
656 2735 748 2763 edem
775 2734 903 2763 ecclesie
924 2734 964 2763 ad
991 2734 1076 2771 ipsos
1098 2733 1236 2771 pertine-

227 2799 239 2815 «
261 2790 319 2817 ant
340 2788 434 2826 pleno
455 2788 535 2825 jure,
559 2795 595 2816 ac
617 2787 707 2816 liberi
729 2787 793 2816 sint
815 2789 848 2815 et
869 2787 1027 2815 immunes
1050 2795 1068 2815 a
1090 2786 1222 2824 jurisdic

226 2852 239 2867 «
262 2840 348 2869 tione
363 2839 502 2878 episcopi
516 2839 696 2873 memorati,
711 2841 787 2868 ante
801 2839 907 2868 omnia
933 2839 1089 2877 indulgeri
1115 2838 1234 2867 eisdem

228 2906 240 2920 «
262 2892 461 2922 alsolutionis
499 2892 702 2926 beneficium,
743 2892 783 2921 ad
824 2891 983 2921 cautelam
1022 2891 1141 2920 irritari
1179 2900 1234 2920 seu

227 2957 238 2971 «
263 2945 404 2974 revocari
433 2945 585 2983 quicquid
613 2947 688 2983 post
716 2945 966 2983 appellationem
994 2944 1035 2973 ab
1064 2944 1108 2973 eis
1137 2944 1234 2972 inter—

1325 380 1337 395 α
1357 369 1478 408 jectam
1509 379 1566 409 per
1595 370 1777 408 predictum
1809 372 1995 409 episcopum
2026 372 2138 400 contra
2170 370 2334 409 predictos

1325 433 1337 448 α
1358 424 1595 461 attemptatum
1613 425 1672 458 est,
1691 425 1723 452 et
1741 423 1844 452 eidem
1863 423 2012 461 episcopo
2030 422 2152 462 imponi
2169 422 2333 452 silentium

1325 484 1454 513 «super
1487 475 1683 514 hujusmodi,
1717 484 1754 505 ac
1787 476 1815 505 ei
1847 475 2083 505 sententialiter
2114 475 2251 505 inhiberi
2283 484 2333 510 ne.

1325 539 1337 554 α
1360 528 1398 557 de
1422 530 1537 562 cetero,
1578 528 1655 558 talia
1677 528 1728 557 vel
1767 528 1881 558 similia
1921 530 2118 566 attemptare
2157 530 2334 567 presumat.

1326 591 1338 606 u
1360 589 1433 610 cum
1451 581 1574 610 nullum
1591 581 1643 619 jus
1660 581 1779 610 habeat
1796 581 1828 610 in
1845 581 1974 611 eosdem
1991 581 2041 610 vel
2059 580 2091 610 in
2108 580 2246 610 ecclesiis
2262 580 2336 619 (sic)

1326 644 1338 659 «
1360 633 1545 662 eorundem.
1586 634 1673 663 Petit
1711 634 1810 663 etiam
1849 634 1987 663 eundem
2026 633 2255 672 condempnari
2293 632 2336 663 ad

1328 698 1339 712 «
1362 686 1503 724 dampna
1527 689 1560 715 et
1582 695 1738 725 expensas
1762 686 1835 716 inde
1858 686 2089 724 contingentia,
2114 695 2176 725 que
2198 686 2337 716 extimat

1328 751 1339 765 «
1361 739 1458 768 libras
1477 739 1632 769 ducentas
1652 739 1798 769 Senensis
1817 741 1956 768 monete.
1976 739 2063 768 Petit
2081 739 2180 768 etiam
2199 738 2337 768 eundem

1328 803 1339 818 «
1362 792 1591 830 condempnari
1612 792 1651 821 de
1672 795 1765 821 tanta
1787 792 1903 830 injuria
1925 794 1957 821 et
1978 800 2128 826 excessu;
2150 791 2288 821 extimat
2297 790 2339 821 si-

1328 856 1340 870 «
1362 844 1492 883 quidem
1515 845 1665 882 injuriam
1688 845 1790 883 ipsam
1809 845 1894 874 mille
1911 845 2008 874 libras
2029 844 2175 882 ejusdem
2196 845 2337 878 monete.

1329 908 1340 923 u
1362 897 1452 926 salvo
1480 897 1550 935 jure
1579 900 1638 927 etc.

1370 961 1382 976 ι(
1408 949 1489 978 Item
1520 950 1672 988 proponit
1703 950 1808 980 dictus
1838 951 1967 984 Tostus,
1999 951 2188 988 procurator
2212 957 2339 979 monas-

1329 1013 1342 1029 α
1364 1002 1435 1031 terii
1456 1003 1644 1041 supradicti,
1667 1003 1753 1042 quod
1774 1003 1841 1041 ipse
1862 1003 2030 1041 episcopus
2051 1002 2222 1032 mandavit
2243 1001 2341 1041 priori

1329 1065 1342 1082 ι
1364 1055 1492 1084 ecclesie
1518 1055 1627 1085 Sancti
1652 1056 1775 1085 Nicolai
1800 1056 1931 1086 Heremi
1955 1056 2099 1090 Juniani,
2125 1064 2186 1094 que
2211 1054 2341 1085 ecclesia

1331 1118 1342 1134 κ
1364 1107 1551 1137 immediate
1576 1111 1609 1138 et
1634 1109 1728 1147 pleno
1751 1109 1822 1146 jure
1846 1111 1974 1147 spectat
1998 1108 2039 1138 ad
2066 1108 2190 1138 dietum
2214 1115 2342 1138 monas-

1330 1171 1342 1187 «
1365 1160 1481 1190 terium
1506 1161 1661 1195 Saxivivi,
1686 1162 1772 1200 quod
1796 1161 1878 1190 infra
1903 1161 2013 1190 decem
2036 1161 2103 1191 dies
2126 1161 2186 1191 sibi
2209 1160 2342 1190 solverit

1331 1224 1343 1240 «
1366 1213 1581 1252 quadraginta
1593 1214 1698 1243 soldos
1710 1214 1857 1244 Senensis
1868 1216 2008 1248 monete,
2017 1214 2159 1253 alioquin
2171 1213 2344 1251 condemp—

1332 1277 1343 1292 α
1367 1268 1458 1295 naret
1476 1275 1550 1296 eum
1569 1267 1600 1296 in
1621 1267 1719 1305 duplo
1738 1267 1934 1306 quantitatis
1952 1266 2106 1305 predicte,
2126 1269 2159 1296 et
2177 1265 2343 1296 ecclesiam

1332 1330 1343 1345 «
1366 1319 1586 1357 supradictam
1606 1320 1725 1349 scilicet
1745 1320 1855 1349 Sancti
1875 1319 2008 1353 Nicolai,
2029 1321 2226 1358 supponeret
2243 1318 2343 1348 eccle-

1333 1383 1344 1398 «
1367 1372 1496 1401 siastico
1512 1372 1695 1406 interdicto,
1713 1382 1786 1402 cum
1803 1373 1924 1402 nullam
1939 1372 1981 1402 sit
1997 1372 2024 1402 ei
2040 1373 2092 1411 Jus
2106 1372 2184 1402 talia
2195 1371 2343 1402 faciendi.

1333 1436 1345 1451 κ
1367 1425 1395 1454 Α
1417 1434 1481 1463 quo
1503 1426 1659 1455 mandato
1682 1425 1745 1455 fuit
1767 1435 1824 1464 pro
1845 1428 1937 1464 parte
1959 1425 2089 1455 abbatis
2111 1427 2144 1454 et
2165 1426 2345 1455 conventus

1333 1489 1345 1505 «
1367 1478 1409 1507 ad
1434 1478 1547 1507 Sedem
1580 1478 1801 1516 Apostolicam
1823 1478 1964 1516 legitime
1996 1478 2206 1516 appellatum,
2229 1485 2286 1516 pro
2308 1485 2346 1507 eo

1333 1541 1345 1557 «
1367 1531 1453 1569 quod
1476 1530 1535 1569 ipsi
1557 1533 1589 1560 et
1611 1540 1721 1560 eorum
1737 1531 1866 1560 ecclesie
1881 1540 1899 1560 a
1913 1530 2137 1568 jurisdictione
2152 1530 2251 1568 ipsius
2265 1529 2347 1568 epis-

1334 1594 1346 1610 «
1369 1583 1440 1621 copi
1466 1585 1543 1612 sunt
1569 1583 1659 1613 liberi
1685 1586 1718 1612 et
1744 1583 1913 1617 immunes,
1941 1586 1975 1612 et
2001 1583 2033 1612 in
2060 1583 2148 1612 nullo
2174 1583 2348 1612 teneantur

1335 1647 1346 1662 «
1369 1635 1483 1670 eidem,
1520 1638 1553 1665 et
1589 1636 1621 1665 in
1658 1636 1856 1674 possessione
1892 1636 2068 1665 extiterent
2105 1638 2139 1665 et
2174 1634 2345 1665 extiterint

1335 1699 1347 1715 α
1369 1688 1410 1718 ab
1439 1688 1575 1727 antiquo
1604 1688 1788 1718 omnimode
1827 1689 1997 1723 libertatis,
2026 1691 2059 1718 et
2088 1688 2175 1718 nullo
2202 1690 2348 1726 tempore

1335 1751 1349 1768 α
1370 1741 1473 1770 eidem
1498 1741 1536 1771 de
1560 1741 1679 1771 talibus
1703 1742 1753 1771 vel
1777 1741 1934 1771 similibus
1966 1741 2217 1780 respondissent.
2243 1740 2348 1778 Quare

1336 1805 1348 1821 ι(
1369 1803 1442 1823 cum
1466 1794 1589 1823 nullum
1611 1794 1664 1832 jus
1687 1794 1729 1823 sit
1752 1794 1812 1824 sibi
1827 1794 1905 1824 talia
1921 1793 2070 1828 faciendi,
2087 1796 2125 1823 ut
2139 1794 2263 1823 dictum
2286 1794 2347 1828 est.

1336 1849 1402 1876 «et
1434 1847 1475 1876 ab
1509 1856 1545 1877 eo
1578 1847 1620 1876 sit
1652 1847 1793 1886 legitime
1826 1847 2036 1886 appellatum,
2061 1847 2145 1885 petit
2160 1848 2349 1886 procurator

1337 1912 1348 1926 «
1371 1900 1545 1938 predictus,
1573 1900 1700 1929 nomine
1726 1900 1956 1938 predictorum,
1983 1900 2087 1930 eidem
2113 1899 2263 1938 episcopo
2289 1899 2348 1929 im-

1337 1964 1349 1980 «
1372 1953 1448 1991 poni
1464 1955 1656 1992 perpetuum
1673 1954 1720 1992 (1)
1734 1953 1898 1982 silentium
1922 1962 2018 1991 super
2033 1953 2093 1982 hoc
2109 1955 2143 1982 et
2158 1953 2262 1982 eidem
2276 1960 2348 1982 sen-

1337 2017 1350 2033 «
1372 2006 1550 2035 tentialiter
1574 2006 1710 2035 inhiberi
1729 2015 1768 2035 ne
1784 2006 1822 2035 de
1838 2008 1943 2035 cetero
1969 2006 2047 2035 talia
2073 2006 2124 2035 vel
2150 2005 2265 2035 similia
2297 2006 2347 2035 at-

1338 2070 1350 2086 «
1372 2061 1533 2097 temptare
1567 2061 1743 2097 presumat,
1779 2068 1862 2092 cum,
1899 2061 1935 2088 ut
1970 2059 2094 2088 dictum
2128 2061 2188 2093 est,
2223 2058 2348 2087 nullum

1339 2124 1350 2139 «
1371 2112 1423 2150 jus
1449 2112 1568 2141 habeat
1593 2112 1652 2141 hoc
1676 2112 1708 2141 in
1733 2112 1877 2150 predicta
1902 2121 2013 2141 eorum
2037 2111 2168 2141 ecclesia
2192 2110 2348 2141 faciendis

1339 2176 1350 2192 «
1373 2165 1462 2194 salvo
1490 2165 1560 2203 jure
1589 2167 1649 2194 etc.

1381 2218 1559 2247 «Tandem
1602 2227 1697 2256 super
1731 2218 1825 2247 dictis
1860 2218 1972 2247 libellis
2006 2218 2037 2247 in
2073 2217 2233 2256 presentia
2269 2216 2350 2247 dicti

1339 2282 1352 2298 «
1374 2270 1544 2300 cardinalis
1584 2271 1639 2300 lite
1679 2271 1820 2309 legitime
1861 2273 2054 2303 contestata,
2097 2271 2348 2309 comparuerunt

1341 2326 1597 2362 «procuratores
1629 2323 1770 2362 partium
1803 2332 1911 2353 coram
1941 2323 2033 2353 nobis
2065 2326 2108 2357 et,
2141 2323 2277 2362 prestito
2307 2322 2349 2352 ab

1341 2387 1354 2403 α
1376 2379 1513 2415 utraque
1542 2379 1634 2415 parte
1661 2376 1846 2414 juramento
1876 2377 1914 2405 de
1942 2376 2081 2406 veritate
2110 2376 2256 2410 dicenda,
2285 2374 2350 2405 fac-

1342 2440 1354 2456 «
1376 2430 1482 2468 tisque
1511 2429 1724 2467 positionibus
1752 2432 1784 2458 et
1813 2429 2073 2467 responsionibus
2101 2428 2290 2463 subsecutis,
2319 2429 2354 2457 et

1342 2494 1354 2510 «
1379 2483 1514 2511 testibus
1540 2482 1572 2511 in
1600 2482 1703 2511 causis
1730 2482 1906 2520 productis,
1933 2491 2007 2520 pars
2035 2482 2196 2511 dictorum
2222 2480 2351 2511 abbatis

1342 2538 1565 2568 «conventus,
1595 2535 1636 2564 ad
1666 2534 1867 2564 fundandam
1897 2535 2110 2564 intentionem
2137 2543 2239 2569 suam,
2265 2533 2353 2563 exhi-

1342 2599 1354 2615 «
1376 2588 1448 2618 buit
1485 2587 1650 2626 privilegia
1689 2588 1771 2616 bone
1810 2587 1961 2616 memorie
2001 2587 2171 2621 Guillelmi,
2210 2585 2352 2625 episcopi

1342 2653 1354 2668 «
1378 2640 1586 2674 Urbevetani,
1627 2642 1659 2669 et
1693 2640 1852 2673 Riccardi,
1885 2640 2073 2669 successoris
2105 2639 2259 2677 ejusdem,
2297 2647 2354 2677 per

1342 2705 1354 2721 «
1377 2694 1468 2732 cujus
1519 2693 1679 2722 Guillelmi
1737 2693 1938 2731 privilegium
1993 2693 2128 2731 probare
2188 2691 2353 2721 nitebatur

1343 2758 1355 2773 «
1378 2746 1463 2785 quod
1499 2746 1564 2784 ipsc
1599 2746 1796 2780 Guillelmus,
1832 2754 1904 2775 cum
1938 2754 2093 2775 consensu
2126 2744 2260 2783 capituli
2292 2743 2351 2777 sui,

1342 2811 1354 2826 α
1376 2799 1522 2828 ecclesias
1553 2799 1591 2827 de
1621 2799 1738 2837 quibus
1768 2799 1875 2837 agitur
1904 2807 1977 2828 cum
2006 2806 2116 2827 earum
2146 2796 2288 2836 personis
2318 2797 2353 2826 et

1343 2864 1355 2879 «
1377 2851 1580 2890 pertinentiis
1617 2852 1658 2881 ab
1696 2851 1796 2882 omni'
1819 2851 2041 2890 jurisdictione
2077 2849 2249 2889 episcopali
2287 2848 2352 2879 exi-

1379 2976 1402 3001 1.
1422 2974 1457 2999 Ce
1478 2977 1537 2999 mot
1557 2982 1572 3000 a
1594 2975 1638 2999 ete
1657 2975 1753 3006 ajoute
1772 2981 1806 3000 en
1827 2979 1928 3004 mai-ge.
