2477 3512
147 266 219 300 824
884 265 1142 298 REGISTRES
1159 265 1496 299 D'ALEXANDRE
1511 265 1559 299 IV

150 363 229 392 time
250 363 413 393 devoluta.
436 363 516 393 Cum
538 363 649 402 itaque
669 363 875 401 supradictus
896 363 1080 402 capellanus
1102 372 1159 402 per

149 415 344 446 affectuosas
370 415 494 445 litteras
521 415 732 455 apostolicam
760 424 817 454 pro
845 415 924 445 dicti
949 416 1062 446 clerico
1089 424 1160 454 gra-

153 468 232 498 tiam
255 468 383 498 duxerit
405 468 652 507 implorandam,
684 477 741 497 nos
762 468 793 497 in
817 468 930 498 eodem
952 468 1066 498 clerico
1088 478 1160 507 per-

149 529 262 551 sonam
297 521 396 559 ipsius
423 521 579 559 capellani
606 521 763 550 honorare
789 520 945 555 volentes,
975 521 1159 551 discretioni

148 576 204 603 tue
222 583 277 612 per
293 573 469 612 apostolica
487 573 607 612 scripta
624 573 657 602 in
674 573 796 602 virtute
814 573 995 603 obedientie
1014 574 1159 603 districte

149 626 353 665 precipiendo
376 626 569 655 mandamus
613 626 767 664 quatinus
791 626 989 665 prebendam
1011 627 1158 661 eandem,

148 679 263 718 siquod
283 679 321 708 de
341 679 440 717 ipsius
459 679 629 708 vacatione
649 679 841 718 proponitur
859 680 997 709 veritate
1016 679 1158 713 fulcitur,

148 731 274 770 prefato
296 731 408 761 clerico
431 731 626 761 auctoritate
649 734 757 761 nostra
781 741 836 770 per
857 734 889 761 te
910 732 961 761 vel
983 741 1040 771 per
1060 731 1159 761 alium

148 783 304 818 conferas,
338 786 371 812 et
404 793 477 813 eum
511 784 543 813 in
578 784 775 822 corporalem
811 785 1042 823 possessionem
1076 784 1161 814 illius

148 837 282 866 inducas
300 839 333 866 et
352 836 505 866 defendas
523 837 704 871 inductum,
719 846 757 867 ac
771 837 876 876 ipsum
895 838 936 867 ad
955 837 1042 866 illam
1060 836 1161 867 facias

150 890 181 919 in
211 890 297 919 dicta
326 890 457 919 ecclesia
487 890 518 918 in
548 890 738 919 canonicum
767 890 863 928 recipi
892 892 925 919 et
952 889 985 919 in
1013 889 1161 930 fratrem,

150 943 326 972 dummodo
350 942 429 972 velit
453 942 572 972 ibidem
598 943 733 972 residere
757 943 967 981 personaliter
991 945 1023 972 et
1047 942 1088 972 ad
1113 951 1164 972 or·

103 998 106 1001 '
149 995 238 1025 dines
260 1004 340 1034 quos
361 1004 442 1024 onus
463 995 624 1034 prebende
646 996 832 1034 hujusmodi
853 996 959 1034 exiget
979 995 1163 1034 promoveri

149 1048 222 1077 Non
239 1048 392 1077 obstante
409 1048 495 1087 quod
513 1048 598 1077 idem
614 1048 653 1077 A.
672 1049 836 1087 quoddam
853 1048 1047 1078 beneficium
1064 1048 1163 1078 eccle-

149 1101 315 1130 siasticum
338 1100 406 1130 sine
429 1109 504 1130 cura
527 1101 709 1130 animarum
733 1104 781 1130 est
803 1101 952 1140 adeptus,
976 1096 1068 1140 cuj‘us
1092 1103 1163 1131 red-

150 1153 238 1183 ditus
274 1154 411 1183 duarum
446 1154 652 1183 marcharum
671 1154 796 1192 argenti
836 1154 980 1183 valorem
1015 1163 1160 1185 annuum

149 1206 347 1245 computatis
366 1206 516 1235 omnibus
536 1215 599 1235 non
620 1207 792 1241 excedunt,
813 1209 872 1236 aut
890 1207 916 1236 si
945 1216 1002 1245 pro
1021 1207 1090 1236 aliis
1109 1224 1160 1237 —.

148 1259 224 1288 Dat.
247 1259 393 1293 Viterbii,
414 1259 442 1287 V
463 1259 526 1288 kal.
548 1259 635 1293 maii,
657 1268 742 1289 anno
763 1262 890 1298 quarto.
911 1270 924 1287 n

228 1478 316 1504 2684
659 1477 798 1509 Viterbe,
816 1478 853 1504 23
869 1478 974 1512 juillet
991 1478 1079 1506 1258.

189 1531 435 1558 camaldulensis
464 1530 581 1556 ordinis
604 1530 775 1557 Heremum
795 1538 831 1557 ac
850 1532 1051 1563 monasteria,
1081 1532 1162 1566 prio-

148 1573 245 1602 ratus,
263 1570 434 1604 hospitalia
451 1571 482 1596 et
500 1570 562 1596 alia
578 1570 647 1596 loca
664 1571 691 1596 ei
709 1570 851 1604 subjecta
870 1571 1048 1604 specialiter
1064 1571 1095 1598 in
1112 1571 1162 1604 jus

151 1612 183 1637 et
202 1610 429 1644 proprietatem
448 1610 482 1635 Β.
505 1610 589 1636 Petri
609 1610 750 1644 suscipit,
771 1617 807 1637 ac
825 1611 981 1644 praecipit
999 1612 1030 1637 et
1050 1612 1161 1643 sancit,

149 1658 188 1677 ne
204 1650 352 1683 cuiquam
369 1650 496 1676 omnino
514 1657 674 1683 personae,
691 1650 801 1676 clerico
818 1650 868 1676 vel
885 1651 1040 1677 monacho
1057 1651 1162 1684 quus-

148 1697 271 1724 cunque
296 1689 414 1716 ordinis
439 1690 495 1715 aut
520 1689 686 1723 dignitatis
711 1697 764 1716 seu
788 1690 878 1721 laico,
904 1690 1161 1724 congregationes

145 1730 216 1756 illas
237 1731 269 1756 et
290 1730 358 1756 loca
378 1729 433 1755 illa
455 1736 535 1762 quae
557 1729 711 1763 praedicti
726 1729 854 1756 Heremi
868 1730 1010 1757 ordinem
1025 1732 1056 1756 et
1070 1731 1161 1757 disci-

147 1769 269 1804 plinam
295 1769 508 1802 susceperunt,
536 1769 575 1795 ab
602 1769 670 1802 ejus
695 1769 759 1796 ullo
785 1770 880 1796 modo
907 1770 1103 1803 subjectione
1130 1772 1160 1797 et

149 1809 273 1836 unitate
297 1809 437 1835 dividere
459 1808 564 1840 liceat,
589 1810 732 1835 statuens
756 1809 883 1843 insuper
906 1811 942 1836 ut
966 1810 1072 1836 omnia
1096 1817 1161 1836 mo-

148 1848 285 1875 nasteria
300 1850 359 1874 etc.
376 1855 394 1874 a
408 1848 510 1881 priore
537 1848 673 1882 generali
700 1851 856 1882 regentur,
872 1849 1018 1875 Romano
1033 1851 1162 1876 tantum

148 1888 294 1922 pontifici
315 1887 525 1921 subjiciantur
547 1889 578 1914 et
601 1888 641 1914 ab
665 1888 751 1914 omni
773 1889 836 1915 alia
856 1888 1075 1922 jurisdictione
1099 1890 1163 1915 exi-

148 1929 293 1960 mentur;
314 1927 479 1961 privilegia
511 1928 542 1953 et
574 1928 790 1961 exemptiones
822 1929 975 1955 nonnulla
1006 1929 1161 1961 concedit,

149 1975 320 2001 omnesque
342 1967 506 1993 libertates
531 1968 562 1993 et
588 1968 832 1994 eonsuetudines
856 1968 1036 1995 confirmat.
1062 1968 1158 2001 (Bm,

149 2007 197 2039 25,
213 2007 234 2033 f.
252 2007 309 2033 156
324 2010 360 2033 v0
374 2022 415 2026 ——
430 2006 486 2033 157
502 2010 548 2038 νῦ,
565 2014 614 2033 an.
634 2007 686 2039 IV,
703 2015 727 2034 c.
744 2007 822 2040 2403
850 2008 1022 2035 Po‘rTnAsT
1039 2008 1161 2043 17352.)

191 2122 203 2137 ι(
222 2133 252 2145 ..,
274 2110 375 2149 priori
398 2109 632 2140 Camaldulensi
654 2119 690 2140 ac
708 2111 862 2140 universis
884 2111 1060 2146 abbatibuS,
1077 2111 1162 2150 prio·

149 2162 236 2193 ribus
262 2164 288 2192 et
312 2162 481 2192 abbatissis
505 2172 668 2201 eorumque
691 2163 842 2202 tratribus
867 2165 894 2193 et
917 2164 1075 2194 sororibus
1101 2164 1162 2194 Ca·

147 2215 352 2245 maldulcnsis
373 2215 504 2250 ordinis
526 2217 588 2245 tam
608 2216 803 2254 presentibus
823 2226 915 2255 quam
935 2217 1052 2255 suturis
1071 2217 1160 2256 regni

149 2269 296 2308 professis
319 2269 351 2298 in
372 2270 566 2307 perpetuum.
591 2268 698 2298 Officii
720 2270 821 2299 nostri
843 2279 900 2299 nos
934 2288 985 2299 —.
1008 2270 1084 2300 Dat.
1106 2270 1161 2300 Vi-

149 2322 245 2351 terbii
272 2330 328 2360 per
356 2330 490 2350 manum
519 2321 664 2360 magistri
692 2322 838 2357 jordani,
869 2323 985 2353 Sancte
1014 2324 1162 2353 Romane

150 2373 290 2405 Ecclesie
319 2374 571 2404 vicecancellarii
602 2377 635 2404 et
658 2375 785 2410 notarii,
810 2376 842 2405 X
865 2376 928 2406 kal.
952 2376 1092 2415 augusti,
1115 2376 1163 2406 in·
1192 2418 1194 2420 Ι

149 2427 290 2457 dictione
319 2427 342 2460 I,
372 2427 606 2456 Incarnationis
639 2427 796 2457 dominice
822 2437 907 2458 anno
932 2429 1162 2464 M.CC.LVIII‚
1194 2421 1200 2430 “

150 2479 363 2519 pontificatus
394 2489 471 2509 vero
503 2480 624 2509 domini
655 2481 831 2510 Alexandri
861 2490 944 2520 pape
978 2482 1046 2511 IIII
1077 2491 1163 2512 anno

150 2534 277 2572 quarto.
314 2544 326 2559 »

230 2750 318 2776 2685
629 2751 768 2783 Viterbe,
785 2752 802 2778 9
818 2753 996 2786 septembre
1014 2753 1100 2779 1258.

193 2802 464 2832 Permutationem
483 2810 579 2837 quam
598 2804 746 2830 Nicolaus
766 2805 803 2831 de
823 2805 974 2836 Dinanto,
995 2806 1164 2833 canonicus

152 2842 299 2868 ecclesiae
330 2842 359 2868 S.
392 2843 477 2869 Petri
512 2843 690 2875 Insulensis,
722 2844 927 2871 'tornacensis
959 2845 1100 2876 diocesis,
1132 2848 1164 2872 et

153 2881 313 2908 Johannes
335 2882 372 2908 (le
393 2882 514 2915 Brugis,
537 2883 687 2909 diaconus
707 2884 854 2910 ecclesiae
876 2885 912 2911 de
935 2885 1034 2917 Melle,
1057 2886 1164 2912 Came-

154 2921 289 2947 racensis
307 2921 448 2953 diocesis,
465 2922 567 2949 facere
584 2923 802 2955 intendebant,
820 2924 888 2950 fieri
906 2925 1047 2951 mandat.
1066 2925 1163 2958 (ΒΕΘ.

155 2960 203 2991 25,
230 2960 251 2986 f.
280 2961 347 2991 158,
375 2968 424 2987 an.
455 2962 507 2993 IV,
535 2970 559 2988 c.
588 2962 670 2996 241.)

1310 375 1355 398 α...
1386 364 1575 394 Tornacensi
1601 366 1660 398 et..‚
1689 364 1906 394 Cameracensi
1931 365 2086 404 episcopis
2113 365 2165 395 Ex
2188 368 2281 406 parte

1268 416 1459 447 dilectorum
1478 417 1619 447 filiorum
1640 417 1764 447 Nicolai
1784 417 1823 446 de
1843 417 1998 452 Dinanto,
2019 418 2165 448 canonici
2183 418 2282 448 eccle-

1267 469 1312 499 sie
1344 470 1454 500 Sancti
1487 470 1575 499 Petri
1611 469 1794 504 Insulensis,
1827 470 2038 500 Tornacensis
2071 471 2214 506 diocesis,
2248 474 2281 502 et

1267 522 1426 552 Johannis
1450 523 1488 552 de
1510 523 1636 561 Brugis,
1667 523 1794 552 diaconi
1817 532 1951 561 persone
1971 523 2100 554 ecclesie
2118 524 2157 554 de
2176 524 2280 559 Melle,

1268 574 1505 604 Cameracensis
1535 575 1680 610 diocesis,
1712 575 1775 605 fuit
1805 575 2008 614 propositum
2039 585 2147 606 coram
2178 577 2280 612 nobis.

1268 628 1355 666 quod
1383 627 1489 657 dictus
1517 628 1669 658 Nicolaus
1697 628 1894 667 prebendam
1922 629 2155 659 sacerdotalem
2182 638 2282 669 quam

1267 680 1395 710 obtinet
1416 681 1448 710 in
1470 681 1583 710 eadem
1605 680 1736 711 ecclesia
1762 681 1930 715 Insulensi,
1953 684 1986 711 et
2007 681 2093 712 idem
2115 682 2282 713 Johannes

1267 733 1370 762 altare
1395 733 1496 772 ipsius
1522 733 1652 763 ecclesie
1679 734 1719 763 de
1745 733 1850 768 Melle,
1878 734 1965 773 quod
1992 737 2185 773 personatus
2210 735 2282 766 vul-

1267 788 1381 825 ganter
1407 789 1624 825 nuncupatur,
1651 786 1828 816 intendunt
1853 787 1894 816 ad
1920 787 2059 816 invicem
2085 791 2281 826 permutare.

1269 838 1374 875 Quare
1399 839 1491 869 nobis
1516 839 1680 869 humiliter
1704 839 1929 878 supplicarunt
1954 842 1991 869 ut
2015 839 2085 870 fieri
2118 843 2283 879 permuta·

1267 891 1390 921 tionem
1413 892 1598 930 hujusmodi
1627 901 1683 930 per
1714 892 1868 922 discretos
1899 892 2023 932 aliquos
2045 893 2284 936 mandaremus·

1268 944 1334 974 Nos
1344 944 1455 983 itaque
1466 945 1611 974 volentes
1626 945 1729 980 vobis,
1752 945 1931 975 diocesanis
1942 954 2063 979 eorum,
2075 946 2107 976 in
2119 946 2179 976 hac
2189 949 2284 986 parte

1269 997 1400 1031 deferre,
1415 998 1558 1036 ipsorum
1570 998 1694 1028 Nicolai
1704 1000 1737 1027 et
1747 998 1907 1028 Johannis
1917 998 2042 1028 inducti
2053 998 2284 1037 precibus‚fra÷

1267 1050 1416 1080 ternitati
1441 1053 1548 1080 vestre
1572 1051 1766 1080 mandamus
1801 1051 1956 1090 quatinus
1988 1054 2035 1085 tu,
2061 1051 2283 1087 Tornaoensis,

1268 1103 1309 1132 ab
1327 1103 1440 1132 eodem
1459 1103 1498 1132 N.
1519 1103 1604 1133 dicte
1622 1103 1794 1142 prebende,
1814 1106 1927 1142 tuque,
1947 1104 2184 1134 Cameracensis
2201 1104 2284 1144 epis-

1268 1155 1350 1194 copi,
1369 1158 1560 1194 personatus
1580 1156 1767 1194 hujusmodi
1785 1156 1827 1186 ab
1845 1157 1959 1186 eodem
1977 1157 2008 1186 J.
2027 1157 2126 1187 libera
2145 1157 2285 1196 resigna·

1267 1208 1356 1238 tione
1377 1211 1516 1248 recepta,
1539 1211 1587 1243 tu,
1602 1209 1824 1244 Tornacensis,
1838 1209 2037 1248 prebendam
2059 1209 2164 1248 ipsam
2179 1210 2283 1240 eidem

1268 1261 1289 1291 J
1293 1262 1422 1296 ohanni,
1436 1264 1552 1300 parato
1570 1261 1604 1291 in
1617 1262 1730 1291 eadem
1743 1262 1877 1292 ecclesia
1894 1262 2060 1297 Insulensi,
2073 1262 2159 1292 sicut
2169 1262 2285 1293 asserit

1267 1314 1479 1353 personaliter
1502 1314 1649 1349 residere,
1668 1323 1706 1344 ac
1729 1315 1762 1344 in
1786 1315 2001 1353 presbiterum
2025 1324 2058 1345 se
2081 1315 2187 1346 tacere
2209 1324 2284 1354 pro-

1267 1367 1363 1397 ximis
1396 1368 1532 1397 statutis
1566 1368 1768 1406 temporibus
1802 1368 1996 1406 promoveri,
2031 1370 2065 1398 et
2097 1370 2146 1403 tu,
2168 1360 2281 1398 Came-

1268 1420 1408 1450 racensis
1437 1420 1589 1459 episcopi,
1619 1423 1829 1459 personatum
1859 1421 1997 1450 eundem
2034 1421 2121 1451 dicto
2149 1421 2284 1452 Nicolao

1268 1482 1326 1512 per
1348 1482 1406 1503 vos
1429 1473 1482 1502 vel
1505 1473 1585 1503 alios
1609 1473 1753 1503 conferre
1777 1473 1906 1508 curetis,
1931 1473 1957 1503 si
1980 1473 2078 1503 saluti
2101 1474 2284 1505 animarum

1267 1526 1412 1565 ipsorum
1437 1528 1470 1555 et
1504 1526 1642 1556 utilitati
1675 1527 1850 1556 earundem
1884 1526 2089 1556 ecclesiarum
2130 1527 2284 1557 videbitis

1269 1579 1431 1618 expedire,
1463 1578 1620 1608 facientes
1652 1579 1740 1618 ipsos
1759 1579 1856 1618 recipi
1876 1580 1917 1609 ad
1937 1579 2082 1618 predicta
2101 1579 2134 1609 in
2157 1580 2284 1610 ecclesis

1269 1631 1474 1670 supradictis.
1495 1632 1756 1662 Contradictores
1776 1634 1837 1661 etc.
1859 1632 1932 1662 Non
1949 1632 2102 1662 obstante
2127 1633 2154 1662 si
2169 1633 2285 1672 aliqui-

1272 1685 1332 1714 bus
1349 1702 1399 1714 --.
1418 1685 1494 1714 Dat.
1513 1685 1665 1719 Viterbii,
1682 1684 1711 1714 V
1727 1685 1800 1714 idus
1817 1685 2021 1724 septembris,
2038 1694 2124 1715 anno
2141 1688 2286 1725 quarto.»

1351 1910 1440 1936 2686
1767 1910 1906 1943 Viterbe,
1927 1911 1974 1937 10¹
1990 1910 2097 1944 juillet
2115 1910 2202 1938 1258.

1311 1963 1411 1989 Priori
1429 1963 1458 1990 S.
1479 1963 1614 1997 Spiritus
1632 1963 1746 1996 Regini
1763 1963 1897 1989 mandat
1915 1964 1961 1995 ut,
1980 1963 2120 1997 capitulo
2138 1963 2286 1991 ecclesiae

1269 2003 1319 2029 vel
1345 2002 1458 2036 majori
1484 2004 1575 2037 parte
1601 2003 1822 2034 concordante,
1849 2003 1972 2029 tribuat
1999 2002 2178 2036 Guillelmo,
2205 2003 2286 2038 epis—

1268 2049 1346 2076 copo
1357 2043 1488 2076 Regino,
1505 2042 1667 2069 licentiam
1682 2043 1886 2076 permutandi
1903 2043 2058 2076 quasdam
2075 2042 2285 2076 possessiones

1267 2082 1308 2109 ad
1319 2082 1536 2116 episcopatum
1544 2089 1636 2109 suurn
1645 2083 1834 2116 spectantes,
1843 2082 1875 2109 in
1885 2082 2042 2109 territorio
2054 2082 2112 2109 de«
2121 2082 2252 2116 Bangno
2261 2091 2285 2116 n,

1268 2122 1411 2155 eJusdem
1441 2122 1583 2153 diocesis,
1613 2129 1685 2148 cum
1715 2122 1907 2156 quibusdam
1937 2122 2007 2148 aliis
2036 2122 2284 2156 possessionibus

1269 2168 1348 2195 quas
1383 2162 1533 2195 magister
1565 2161 1839 2193 Bartholomaeus,
1865 2161 2035 2188 canonicus
2069 2161 2218 2189 ecclesiae
2252 2161 2283 2190 S.

1269 2201 1414 2235 Prosperi
1431 2201 1555 2235 Regini,
1572 2208 1628 2235 per
1643 2207 1733 2228 suam
1750 2201 1940 2228 industriam
1956 2201 1988 2228 in
2005 2201 2198 2235 quibusdam
2214 2201 2285 2229 aliis

1267 2241 1344 2268 locis
1362 2241 1504 2275 eJusdem
1523 2241 1655 2268 diocesis
1674 2241 1896 2274 acquisiverat.
1916 2241 2014 2274 (Rea.
2033 2240 2082 2272 25,
2101 2241 2122 2267 t'.
2143 2241 2212 2273 158,
2231 2248 2283 2268 an.

1270 2280 1324 2313 IV,
1348 2288 1374 2308 c.
1402 2280 1484 2314 242.)

1311 2382 1368 2405 «..,
1392 2371 1492 2409 priori
1517 2370 1625 2400 Sancti
1649 2361 1793 2409 Spiritus
1812 2370 1938 2409 Reqini.
1964 2370 2015 2399 Ex
2037 2372 2130 2409 parte
2151 2379 2285 2401 venera·

1270 2423 1342 2453 bilis
1362 2441 1412 2452 —-.
1436 2424 1512 2453 Dat.
1535 2423 1682 2457 Viterbii,
1704 2423 1850 2453 kalendis
1870 2423 1951 2462 julii,
1973 2432 2059 2452 anno
2081 2425 2208 2462 quarto.
2229 2434 2243 2450 n

1351 2636 1440 2662 2687
1770 2635 1910 2667 Viterbe,
1930 2636 1947 2662 4
1967 2636 2095 2663 octobre
2114 2635 2202 2663 1258.

1312 2689 1391 2723 Elye
1419 2689 1457 2715 de
1485 2688 1649 2720 Hereford,
1677 2688 1788 2715 clerico
1816 2688 2042 2715 Lincolniensis
2069 2688 2211 2720 diocesis,
2236 2687 2284 2715 in-

1272 2729 1379 2762 dulget
1401 2730 1435 2755 ut
1457 2730 1581 2762 praeter
1601 2728 1662 2754 duo
1683 2728 1895 2755 ecclesiastica
1916 2728 2070 2754 beneficia
2090 2734 2197 2754 curam
2217 2727 2284 2754 ani-

1271 2775 1394 2795 marum
1424 2768 1575 2794 habentia
1605 2775 1739 2801 quarum
1778 2775 1876 2794 unum
1905 2767 2105 2794 intitulatum
2135 2769 2167 2794 et
2197 2766 2283 2794 aliud

1272 2808 1529 2835 commendatum
1556 2808 1664 2838 habet,
1693 2814 1891 2841 quorumque
1916 2809 2090 2841 proventus
2117 2806 2282 2834 duodecim

1271 2854 1449 2874 marcarum
1478 2854 1635 2875 summam
1665 2847 1755 2873 annis
1783 2847 1913 2880 singulis
1942 2847 2115 2873 secundum
2143 2853 2283 2873 commu-

1273 2894 1345 2913 nem
1368 2887 1609 2913 extimationem
1634 2887 1755 2920 patriae
1778 2894 1841 2913 non
1865 2886 2032 2917 excedunt,
2056 2886 2156 2920 possit
2179 2885 2282 2912 adhuc

1273 2927 1334 2953 duo
1358 2926 1420 2952 alia
1443 2926 1606 2958 beneficia,
1631 2926 1755 2953 etiamsi
1777 2933 1884 2952 eorum
1909 2925 2042 2952 alterurn
2066 2925 2202 2959 dignitas
2225 2925 2280 2952 aut

1271 2967 1458 3000 personatus
1479 2966 1595 2992 existat
1616 2967 1648 2992 et
1668 2966 1779 2992 similis
1799 2966 1826 2992 ei
1847 2972 1921 2992 cura
1941 2965 2115 2996 immineat,
2136 2965 2281 2998 recipere,
