2477 3512
175 258 238 290 130
870 254 1137 287 REGISTRES
1165 254 1517 287 D’ALEXANDRE
1547 256 1594 288 IV

255 362 344 388 3204
530 362 577 387 Au
601 361 729 392 Latran,
753 360 790 387 24
814 361 984 387 novembre
1008 361 1095 387 1260.

213 416 418 443 collationem
459 415 604 441 ecclesiae
645 415 682 440 de
723 414 904 445 Juncheria,
946 414 1178 441 Lemovicensis

173 461 312 491 diocesis,
329 461 368 486 ab
386 460 530 493 episcopo
548 459 687 491 ejusdcm
705 459 834 484 diocesis
852 458 1012 492 praedicto
1029 458 1179 491 magistro

174 506 265 531 Petro
280 505 316 530 de
330 504 510 530 Benevento
526 503 642 529 iactum
657 503 834 529 confirmat.
850 503 946 535 (REO.
962 502 1010 533 25,
1025 502 1045 528 f.
1061 502 1115 529 261
1132 505 1180 534 v0,

173 557 221 576 an.
242 549 296 580 VI,
314 556 338 574 c.
359 548 438 581 134.)

218 656 227 664 U
257 638 427 678 ,lloyislro
455 636 552 668 Petro
580 637 618 668 (le
646 637 843 670 Benevento.
873 636 1036 667 canonico
1065 635 1181 666 Lemo-

172 691 310 722 vicensi.
344 691 430 721 tlum
464 699 481 721 a
516 690 616 720 nobis
652 708 657 710 <
697 715 702 721 .
738 689 867 720 Petilio
904 693 963 720 tua
1006 688 1181 729 siquidem

124 752 127 754 “
174 744 273 775 nobis
299 743 457 774 exhibita
485 743 688 773 contincbat
722 742 815 783 qnod
844 752 922 773 cum
954 745 1069 772 tecum
1098 741 1180 772 olim

172 797 386 828 auctoritate
416 795 615 826 litterarum
647 798 847 825 nostrarum
879 794 1084 825 duxerimus
1114 794 1182 825 dis-

174 850 394 891 pensandum
431 851 467 879 ut
504 851 619 890 preter
653 849 694 879 de
728 848 886 878 Tauroni
921 850 953 877 01
991 847 1032 877 dc
1069 846 1181 877 Ponte

175 902 303 934 Hiomii
337 901 508 935 ecclesias.
545 900 804 932 Lcmovicensis
838 900 995 935 diocesis,
1031 909 1181 940 quarum

175 966 242 987 111111
272 954 448 996 dependet
478 954 522 985 ab
553 954 662 985 altera
694 962 851 994 quasque
883 956 919 983 tu
952 955 984 983 tc
1014 952 1180 983 canonice

174 1008 340 1050 proponis
373 1008 555 1048 adeptum,
593 1016 709 1048 posses
745 1006 886 1037 unicum
921 1006 1014 1036 aliud
1052 1004 1182 1036 11011011-
1233 1040 1234 1051 ¹

173 1061 264 1092 rium
294 1060 568 1091 ecclesiasticum
599 1069 719 1090 01113111
751 1059 883 1089 liabens
912 1059 1122 1093 animarum,
1154 1057 1180 1088 si

174 1114 237 1144 tibi
255 1113 421 1144 canonice
438 1113 634 1146 ol'l'crrctur,
655 1112 746 1143 lit-ite
764 1112 914 1153 recipcre.
930 1114 960 1142 ct
982 1121 1060 1142 cum
1079 1110 1181 1142 dictis

173 1166 314 1198 ecclesis
336 1166 440 1196 111101(-
465 1165 622 1198 rctincrc.
648 1176 715 1195 nou
738 1164 903 1195 obstante
926 1164 1181 1195 constitutione

173 1218 307 1250 concilii
340 1218 520 1257 generalis.
556 1217 783 1258 postmodum
818 1217 1028 1248 venerabilis
1074 1217 1182 1247 trater

175 1275 315 1302 1105101..
345 1270 605 1302 1.(’1110110011515
633 1270 827 1310 episcopus,
860 1273 1045 1300 vacantem
1075 1269 1182 1299 cccle-

173 1324 260 1355 siam
286 1324 327 1355 dc
352 1323 554 1357 Junclicriu,
580 1322 738 1363 cjusdcm
764 1323 920 1358 diocesis,
949 1322 1030 1353 nulli
1057 1322 1113 1353 alii
1141 1322 1182 1353 (10

172 1377 248 1418 jure
281 1377 451 1412 debitam,
487 1376 549 1406 tibi
584 1375 684 1406 duxit
719 1375 886 1406 canonice
919 1376 1181 1406 conserendam.

175 1429 247 1461 Nos
276 1430 396 1470 itaque
426 1429 574 1460 obtentu
607 1428 715 1469 ipsius
744 1428 909 1469 episcopi,
940 1428 1041 1469 cujus
1069 1428 1183 1459 socius

173 1492 246 1514 esse
290 1481 490 1517 dinosceris,
536 1481 604 1512 tuis
646 1481 965 1522 supplicationibus
1012 1480 1181 1517 inclinati,

175 1535 268 1577 quod
298 1535 342 1566 111)
370 1535 493 1566 codem
521 1534 685 1575 episcopo
715 1533 860 1575 provide
888 1543 993 1575 super
1021 1533 1084 1565 hoc
1113 1534 1183 1564 fac-

174 1590 251 1619 tum
273 1590 323 1618 cst
347 1590 464 1618 ratuni
485 1590 518 1618 ct
542 1586 685 1618 firmum
707 1586 890 1621 habentes,
912 1586 946 1617 id
968 1585 1182 1617 auctoritate

175 1640 368 1682 apostolica
392 1639 645 1670 confirmamus
668 1642 703 1670 01
726 1638 899 1680 presentis
921 1639 1041 1680 scripti
1066 1641 1184 1680 patro-

176 1693 265 1725 cinio
282 1692 552 1723 communimus.
572 1691 666 1722 Nulli
685 1695 802 1723 nostre
819 1691 1100 1723 confirmationis
1115 1694 1182 1722 010.

177 1746 259 1777 Dat.
284 1744 461 1781 Laterani,
486 1744 574 1775 VIII
599 1744 666 1775 kal.
691 1744 896 1779 decembris,
921 1753 1013 1775 anno
1036 1747 1147 1775 sexto.
1173 1757 1184 1772 »

257 1891 346 1918 3205
531 1893 579 1918 Au
604 1892 732 1923 Latran,
756 1892 792 1918 2-1
817 1892 989 1918 novembre
1015 1892 1100 1919 1260.

216 1945 421 1972 Collationem
442 1945 578 1978 capellae
599 1945 635 1971 de
657 1946 797 1971 Lalorest
821 1952 838 1971 a
861 1946 960 1978 priorc
981 1946 1126 1972 ccclesiae
1147 1946 1184 1971 de

174 1990 356 2016 Benevento
387 1990 487 2016 eidem
520 1990 611 2016 Petro
644 1990 761 2016 13013111
792 1990 971 2016 confirmat.
1005 1991 1102 2023 (REG.
1135 1990 1184 2021 25,

175 2035 196 2061 1.
213 2034 269 2061 261
287 2037 332 2065 νῦ,
349 2042 398 2060 311.
415 2034 470 2066 VI,
487 2042 511 2060 0.
530 2033 603 2060 1342
619 2034 782 2060 recentiori
798 2035 918 2067 manu.)

223 2137 235 2153 «
255 2124 387 2156 Eidem.
410 2126 496 2156 Cum
517 2135 536 2156 a
559 2125 658 2156 nobis
679 2128 745 2156 etc.
769 2127 807 2156 ut
828 2125 862 2156 in
884 2125 951 2157 alia
974 2135 1083 2166 usque
1104 2135 1185 2157 con—

177 2177 315 2208 tinebat
338 2178 432 2218 quod
456 2188 535 2209 cum
560 2178 676 2209 dilecti
701 2178 788 2209 filii..
814 2178 907 2219 prior
929 2181 965 2210 et
987 2181 1185 2210 conventus

177 2230 317 2262 ecclesie
348 2230 390 2261 de
419 2230 636 2267 Benevento,
669 2231 801 2262 ordinis
832 2231 951 2262 Sancti
982 2232 1182 2272 Augustini,

178 2282 437 2314 Lemoviccnsis
467 2283 623 2319 diocesis,
655 2286 755 2323 grata
785 2284 986 2315 devotionis
1015 2285 1183 2326 obsequia

179 2345 245 2376 que
272 2338 310 2367 tu
336 2336 383 2367 cis
409 2339 442 2367 et
469 2336 612 2367 ecclesie
638 2336 773 2377 prefate
799 2336 952 2368 fideliter
975 2337 1185 2369 exhibueras

179 2388 416 2424 attendentes,
436 2388 607 2429 capellam
627 2389 669 2420 de
688 2389 860 2426 Laforest,
883 2392 965 2421 tunc
984 2393 1183 2427 vacantem,

180 2440 265 2472 nulli
288 2440 346 2472 alii
370 2441 411 2472 de
433 2440 509 2481 jure
533 2441 702 2478 debitam,
727 2452 807 2473 cum
831 2442 913 2473 villa
937 2442 1002 2474 1001
1026 2443 1185 2484 ejusdem

178 2495 214 2524 et
242 2493 456 2534 quibusdam
485 2493 580 2525 bladi
609 2503 648 2525 ac
678 2495 824 2536 pecunie
854 2495 1064 2533 redditibus,
1094 2496 1185 2527 sicut

179 2545 367 2588 spectabat
387 2546 431 2577 ad
451 2555 520 2583 eos,
538 2546 603 2578 tibi
621 2546 834 2579 liberalitate
854 2548 1001 2589 provida
1021 2549 1189 2580 contulis-

177 2601 266 2635 sent,
292 2608 354 2630 nos
377 2599 535 2635 tandem,
550 2600 593 2631 ad
612 2603 669 2631 tue
684 2601 1186 2642 supplicationisinstantiam,

180 2651 308 2683 dilecto
342 2651 440 2683 filio..
476 2653 611 2683 cantori
632 2653 863 2684 Dauratensis
882 2654 1023 2686 ecclesie
1045 2654 1188 2696 suisque

180 2703 319 2745 collegis
346 2704 507 2735 dedimus
534 2714 594 2746 per
620 2709 758 2737 nostras
784 2706 921 2738 litteras
947 2707 981 2739 in
1009 2707 1188 2739 mandatis

181 2758 221 2787 ut
243 2756 469 2788 collationem
494 2756 708 2798 hujusmodi,
733 2759 761 2790 si
784 2768 862 2790 eam
885 2759 1086 2792 invenirent
1109 2770 1188 2802 pro-

181 2808 262 2840 vide
293 2809 366 2840 fore
398 2809 543 2846 factam,
577 2811 791 2843 auctoritate
825 2815 944 2844 nostra
977 2813 1187 2845 confirmare

182 2864 356 2898 curarent,
375 2862 434 2903 qui
452 2863 679 2903 postmodum
696 2864 919 2896 collationem
937 2865 1060 2906 ipsam,
1079 2875 1186 2907 quam

183 2914 328 2954 provide
354 2914 460 2946 fuisse
487 2915 618 2946 factam
646 2915 799 2955 legitime
826 2917 1036 2955 didicerunt,
1065 2920 1187 2950 aucto-

182 2965 287 2997 ritate
316 2967 491 3000 dictarum
519 2968 718 3000 litterarum
748 2972 948 3003 nostrarum
976 2971 1186 3004 confirmare

1285 366 1466 396 curarunt.
1496 364 1568 395 Nos
1596 365 1727 406 itaque,
1757 365 1908 396 obtentu
1937 366 2147 398 venerabilis
2174 367 2293 400 fratris

1287 417 1421 448 nostri..
1456 417 1610 458 episcopi
1646 417 1906 449 Lemovicensis
1940 419 2041 460 cujus
2073 419 2188 451 socius
2220 429 2293 452 esse

1287 470 1487 506 dinosceris,
1527 470 1596 501 tuis
1633 470 1953 512 supplicationibus
1990 471 2161 508 inclinati,
2199 472 2294 514 quod

1287 532 1391 564 super
1417 522 1594 564 premissis
1620 522 1765 564 provide¹
1793 524 1927 555 lactum
1954 527 2006 555 est
2034 527 2151 556 ratum
2176 527 2212 556 et
2239 525 2296 556 tir-

1288 585 1385 607 mum
1416 575 1599 611 habentes,
1631 575 1665 606 id
1697 575 1912 607 auctoritate
1943 577 2138 618 apostolica
2168 577 2296 609 contir-

1288 637 1426 660 mamus
1456 630 1489 660 et
1521 627 1693 669 presentis
1722 628 1842 670 scripti
1874 629 2070 670 patrocinio
2100 629 2296 662 communi-

1289 690 1377 713 mus.
1408 680 1501 712 Nulli
1531 683 1649 712 nostre
1676 681 1958 713 confirmationis
1984 685 2051 714 etc.
2082 682 2164 714 Dat.
2194 685 2234 714 ut
2260 682 2294 715 in

1288 733 1368 765 alia.
1390 747 1403 762 »

1371 921 1459 947 3206
1647 923 1695 948 Au
1720 922 1848 954 Latran,
1872 923 1908 949 24
1933 923 2103 950 novembre
2127 923 2214 950 1260.

1329 983 1535 1010 collationem
1557 983 1694 1017 capellae
1717 984 1754 1010 de
1777 984 1895 1011 Porvos
1917 992 1988 1011 cum
2010 984 2208 1018 pertinentiis
2229 984 2297 1018 eJus

1289 1035 1307 1054 a
1335 1027 1436 1061 priore
1464 1027 1622 1062 prioratus
1651 1027 1680 1054 S.
1710 1028 1865 1060 Andreae,
1894 1028 2125 1056 Lemovicensis
2154 1028 2296 1060 diocesis,

1288 1071 1389 1099 eidem
1421 1072 1513 1099 Petro
1544 1072 1662 1099 factam
1692 1072 1870 1100 confirmat.
1902 1072 1998 1106 (Bao.
2030 1074 2079 1105 25,
2110 1074 2130 1100 f.
2161 1072 2217 1100 261
2249 1075 2297 1105 νο,

1288 1125 1338 1144 an.
1357 1117 1412 1148 VI,
1431 1124 1455 1143 c.
1476 1116 1549 1144 134³
1566 1117 1729 1144 recentiori
1748 1118 1868 1150 manu.)

1335 1228 1347 1243 «
1376 1215 1507 1247 Eidem.
1539 1216 1625 1247 (lum
1655 1225 1673 1247 11
1704 1215 1804 1246 nobis
1834 1216 1968 1257 petitur
1995 1218 2061 1247 etc.
2093 1218 2132 1247 ut
2160 1215 2195 1247 in
2230 1215 2298 1247 alia

1290 1278 1399 1310 usquc
1423 1268 1630 1300 continebat
1656 1269 1762 1310 quod,
1787 1278 1867 1300 cum
1891 1268 2040 1300 dilectus
2064 1268 2180 1300 filius..
2205 1268 2300 1310 prior

1289 1321 1466 1363 prioratus
1490 1322 1608 1352 Sancti
1633 1322 1782 1357 Andree,
1806 1321 1937 1352 ordinis
1961 1321 2079 1353 Sancti
2102 1321 2297 1358 Benedicti,

1288 1374 1549 1406 Lemovicensis
1579 1374 1736 1410 diocesis,
1767 1377 1869 1415 grata
1900 1374 2099 1406 devotionis
2129 1374 2298 1416 obsequia

1288 1437 1356 1469 que
1385 1430 1423 1459 tu
1454 1428 1484 1459 ei
1513 1430 1549 1459 et
1578 1427 1674 1459 dicto
1704 1427 1877 1469 prioratui
1907 1427 2060 1459 fideliter
2087 1426 2299 1459 exhibueras

1287 1483 1427 1512 attente
1463 1480 1699 1516 considerans,
1740 1480 1912 1521 capellam
1949 1480 1991 1512 de
2029 1480 2175 1517 Porvos,
2212 1482 2299 1512 tunc

1288 1536 1478 1565 vacantem
1509 1536 1544 1564 et
1576 1533 1659 1564 nulli
1691 1533 1749 1564 alii
1780 1534 1822 1564 de
1852 1533 1928 1573 Jure
1960 1533 2130 1569 debitam,
2162 1542 2202 1564 ac
2232 1532 2299 1565 loci

1288 1586 1447 1627 ejusdem
1469 1586 1510 1617 de
1532 1586 1632 1617 Mons
1653 1588 1688 1617 et
1711 1585 1752 1617 de
1775 1586 1955 1617 Lasalessa
1978 1595 2113 1617 necnon
2135 1586 2178 1618 de
2198 1585 2300 1617 Mons

1288 1639 1389 1670 villas
1419 1639 1463 1670 ad
1495 1639 1691 1680 prloratum
1724 1638 1839 1680 ipsum
1869 1641 2084 1680 spectantes,
2115 1648 2197 1670 cum
2226 1648 2300 1671 om-

1289 1691 1392 1723 nibus
1422 1692 1560 1732 juribus
1591 1694 1625 1722 et
1659 1691 1882 1732 pertinentiis
1913 1700 2047 1727 carum,
2081 1691 2123 1722 de
2155 1700 2299 1723 assensu

1289 1744 1501 1775 dilectorum
1521 1744 1699 1775 filiorum..
1720 1744 1844 1784 prioris
1862 1747 1895 1774 et
1918 1747 2116 1775 conventus
2134 1744 2176 1776 de
2189 1744 2300 1776 Bene-

1289 1799 1408 1833 vento,
1436 1796 1546 1838 ipsius
1573 1796 1715 1833 ordinis,
1744 1796 1872 1837 quibus
1899 1797 2015 1828 dictus
2042 1796 2219 1838 prioratus
2243 1806 2300 1828 su-

1289 1850 1387 1881 besse
1409 1849 1615 1886 dinoscitur,
1639 1849 1703 1880 tibi
1726 1849 1938 1881 liberalitate
1963 1849 2111 1891 provida
2133 1849 2300 1882 contulis-

1289 1905 1353 1939 set,
1380 1912 1442 1933 nos
1467 1903 1622 1938 tandem,
1647 1903 1691 1933 ad
1717 1905 1775 1933 tue
1798 1902 2067 1943 supplicationis
2089 1902 2299 1934 instantiam

1289 1958 1355 1986 etc.
1382 1958 1420 1986 ut
1444 1955 1477 1986 in
1501 1955 1568 1986 alia
1594 1965 1703 1996 usque
1726 1955 1760 1985 in
1784 1954 1903 1986 finem.
1930 1968 1942 1983 »

1372 2140 1460 2167 3207
1800 2141 1944 2173 Subiaco,
1968 2141 2005 2168 25
2029 2140 2105 2168 aout
2129 2141 2216 2168 1260.

1331 2203 1480 2237 Magistro
1497 2203 1620 2236 Rogero
1637 2203 1674 2230 de
1691 2203 1837 2237 Salenges
1854 2204 2016 2238 dispensat
2032 2205 2067 2230 ut
2083 2203 2246 2231 ecclesiam
2261 2203 2300 2230 de

1289 2247 1463 2280 Boketone,
1495 2247 1701 2274 Norwicensis
1732 2247 1873 2280 diocesis,
1904 2247 2113 2280 intitulatam,
2143 2250 2176 2275 et
2205 2247 2300 2275 eccle-

1290 2293 1369 2319 siam
1406 2292 1443 2318 de
1482 2292 1860 2326 Menecherichamptone,
1899 2292 2121 2326 wigorniensis
2158 2292 2300 2324 diocesis,

1291 2337 1546 2363 commendatam
1561 2336 1694 2363 retinere
1708 2337 1816 2370 possit.
1832 2337 1928 2371 (Rea.
1945 2337 1993 2369 25,
2009 2337 2029 2364 f.
2045 2337 2100 2364 261
2117 2340 2164 2369 v0,
2178 2343 2228 2364 an.
2244 2336 2301 2369 Vl,

1290 2388 1315 2409 c.
1333 2381 1415 2414 135.)

1337 2494 1349 2509 «
1370 2481 1543 2522 Mayislro
1566 2481 1693 2522 Ifoqero
1714 2481 1753 2513 cle
1775 2481 1946 2522 Salenyes,
1970 2481 2086 2512 rectori
2108 2480 2241 2512 ecclesie
2262 2480 2302 2512 dc

1292 2534 1470 2570 Bolcetone,
1493 2534 1724 2566 Norwicensis
1746 2534 1899 2565 diocesis.
1925 2534 2001 2565 Etsi
2024 2537 2169 2576 propter
2189 2533 2302 2566 ambi-

1295 2587 1406 2618 tiones
1441 2605 1495 2618 —.
1534 2587 1616 2618 Dat.
1656 2587 1807 2623 Sublaci,
1847 2587 1934 2618 VIII
1973 2587 2040 2618 kal.
2077 2586 2299 2628 septembris,

1293 2649 1385 2671 anno
1412 2642 1525 2671 sexto.
1556 2653 1567 2667 υ

1375 2826 1462 2853 3208
1657 2828 1706 2854 Au
1729 2828 1858 2860 Latran,
1883 2828 1919 2854 15
1943 2827 2106 2855 decembre
2130 2826 2217 2854 1260.

1334 2890 1449 2922 David,
1476 2891 1589 2917 rectori
1616 2891 1762 2918 ecclesiae
1789 2891 1827 2917 de
1855 2891 2048 2922 Manestone,
2077 2890 2239 2925 dispensat
2265 2890 2301 2916 ut

1292 2934 1418 2961 unicum
1442 2935 1526 2961 aliud
1551 2935 1739 2962 beneficium
1763 2935 2007 2962 ecclesiasticum
2031 2935 2165 2969 recipere
2188 2933 2299 2968 possit.

1291 2978 1387 3013 (Rea.
1405 2979 1454 3012 25,
1469 2979 1490 3007 l.
1507 2979 1577 3012 262,
1592 2986 1642 3007 an.
1661 2979 1715 3012 VI,
1731 2988 1757 3007 c.
1776 2980 1857 3014 136.)
