2477 3512
221 263 264 294 62
918 261 1186 296 REGISTRES
1212 264 1564 296 D'ALEXANDRE
1593 265 1642 297 IV

222 383 229 390 ·=
249 368 339 398 idem
368 367 554 409 episcopus
588 368 682 408 quod
716 367 834 408 aliqua
871 368 912 399 de
950 367 1051 399 bonis
1083 369 1226 401 ecclesie
1276 372 1278 380 '

219 432 306 452 «suc
348 432 414 453 nou
456 422 624 454 alienaret
663 423 736 454 sine
776 432 920 454 assensu
961 424 1226 464 metropolitani

221 489 232 501 «
248 476 311 512 sui,
331 477 444 508 01110111
466 477 739 518 metropolitano
760 477 951 518 prcstiterit
970 478 1225 518 juramentum,

221 544 231 557 υ
248 534 279 562 01
306 532 515 573 0011110511111
541 533 613 573 ipsa
640 542 706 563 non
733 532 827 563 utilis
850 533 909 564 sed
934 534 1129 574 dampnosa
1154 544 1227 566 esse

220 587 508 627 (11)111111111111101151
537 588 678 618 ecclesie
706 598 744 618 ac
771 588 839 627 juri
867 589 1044 620 contraria
1071 592 1105 620 et
1133 589 1228 621 facta

219 639 319 670 «sine
349 649 492 671 assensu
525 640 670 681 capituli
702 641 810 682 ipsius
840 640 982 673 ecclesie
1013 642 1229 679 dinoscatur,

219 692 346 722 «nobis
381 692 560 723 humiliter
592 692 838 734 supplicarunt
872 696 911 725 ut
946 695 1129 736 providere
1163 695 1230 737 ipsi

219 757 229 769 τι
246 745 388 777 00010510
410 745 682 777 misericorditer
701 757 915 779 curaremus.
939 748 1109 787 Quocirca
1131 758 1230 780 man-

218 798 371 829 «damus
395 801 572 839 quatenus
595 800 737 831 eosdem
760 808 876 841 regem
899 803 931 832 et
957 801 1163 843 episcopum
1186 812 1230 833 ex

218 863 229 878 z<
246 853 346 892 parte
374 855 493 883 nostra
523 862 662 884 monere
689 863 729 885 ac
756 853 950 885 efficaciter
975 854 1140 886 inducere
1168 862 1230 896 per

220 916 231 931 «
248 914 311 935 vos
331 904 383 935 vel
406 915 466 946 per
485 905 593 936 alium
613 909 675 937 aut
696 906 782 937 alios
801 907 1007 948 procuretis,
1027 910 1067 939 ut
1086 917 1229 950 compo-

219 969 231 983 «
247 957 409 989 sitionem
435 958 547 999 ipsam
571 959 662 991 infra
687 960 776 991 duos
800 970 935 992 menses
960 963 1040 1002 post
1064 961 1230 992 monitio-

218 1022 230 1037 «
247 1020 325 1041 nem
347 1014 502 1042 vestram
527 1012 763 1044 rescindentes
785 1024 824 1044 ac
846 1014 959 1046 eidem
981 1014 1228 1046 renuntiantes

217 1063 399 1100 «omnino,
427 1065 544 1096 onmia
570 1065 808 1098 instrumenta
834 1076 939 1108 super
964 1067 1038 1108 ipsa
1064 1067 1226 1099 confecta

217 1125 379 1147 «necnon
415 1117 574 1149 redditus
609 1121 643 1149 et
679 1123 884 1160 proventus,
921 1130 1010 1161 quos
1044 1120 1227 1152 occasione

217 1170 511 1210 «compositionis
552 1171 756 1212 hujusmodi
797 1176 1043 1215 perceperunt,
1087 1173 1227 1215 Pampi-

217 1220 377 1253 «lonensi
422 1224 563 1255 ecclesie
608 1225 804 1262 restituere,
850 1226 992 1257 sublato
1036 1226 1227 1267 cujuslibet

217 1274 470 1307 «difficultatis
495 1277 691 1315 obstaculo,
719 1288 787 1309 non
813 1282 1044 1321 postponant.
1072 1280 1173 1319 Quod
1199 1279 1227 1312 si

215 1328 388 1360 «monitis
417 1330 544 1361 vestris
573 1331 793 1372 acquiescere
823 1333 914 1364 forte
944 1333 1132 1370 noluerint,
1162 1343 1227 1365 vos

216 1392 229 1408 <1
244 1390 302 1411 eos
330 1381 373 1412 ad
402 1382 642 1414 exhibendum
671 1385 772 1415 vobis
802 1386 959 1426 predicta
988 1386 1225 1418 instrumenta

216 1445 229 1462 «
244 1435 459 1466 auctoritate
483 1439 613 1473 nostra,
637 1437 663 1468 si
689 1447 825 1469 necesse
848 1439 964 1475 fuerit,
988 1440 1226 1481 appellatione

214 1488 454 1528 «postposita,
484 1490 716 1531 compellatis.
747 1491 793 1522 Et
822 1491 849 1522 si
880 1493 921 1524 de
951 1491 1055 1533 plano
1085 1504 1124 1524 ac.
1153 1493 1226 1524 51110

215 1539 365 1579 «judicii
387 1542 539 1582 strepitu
564 1543 664 1573 vobis
687 1545 887 1576 eonstiterit
910 1545 1147 1577 instrumenta
1171 1546 1226 1578 vel

215 1592 521 1625 «instrumentum
557 1606 661 1637 super
696 1597 820 1628 eadem
855 1599 1111 1639 compositione
1146 1610 1227 1630 con-

216 1657 227 1671 «
246 1645 335 1676 fecta
363 1647 418 1677 vel
446 1649 646 1679 confectum
676 1660 693 1680 a
722 1650 868 1691 prefatis
896 1660 972 1691 rege
1000 1655 1034 1683 et
1061 1652 1225 1694 episcopo

217 1713 225 1724 υ
246 1699 296 1729 101
325 1709 445 1731 eorum
474 1701 584 1732 altero
613 1702 713 1733 vobis
740 1703 898 1735 exhibita
926 1715 985 1735 5011
1013 1705 1224 1740 exhibitum,

216 1751 333 1781 «illius
367 1754 496 1784 tenoris
527 1755 676 1786 existere
708 1766 813 1797 11110111
845 1758 998 1788 continet
1034 1759 1226 1800 transcrip-

216 1816 225 1829 «
244 1806 318 1835 tum
340 1807 606 1846 compositionis
626 1808 784 1849 ejusdem
807 1811 901 1850 1111011
923 1811 1023 1842 vobis
1043 1811 1107 1842 51111
1130 1812 1224 1843 bulla

215 1860 361 1889 «nostra
390 1859 566 1891 mittimus
592 1861 834 1899 interclusum,
861 1866 898 1894 et
924 1864 1057 1896 dictam
1082 1875 1225 1906 compo-

216 1922 227 1935 «
244 1910 405 1942 sitionem
452 1913 582 1945 factam
628 1924 700 1946 csse
744 1915 817 1946 sine
861 1926 1033 1948 consensu
1078 1918 1224 1959 capituli

215 1964 383 1995 «ecclesie
410 1970 614 2003 memorate,
642 1967 696 1998 vel
723 1969 817 2009 quod
844 1969 1029 2011 episcopus
1054 1971 1127 2012 ipse
1154 1981 1225 2003 me-

214 2017 459 2057 «tropotitano
497 2029 559 2050 suo
598 2020 777 2061 prefatum
815 2022 1011 2063 prestiterit
1045 2024 1225 2064 juramen-

214 2071 330 2103 «tum.
361 2074 392 2101 ct
423 2071 496 2103 sine
525 2072 634 2113 ipsius
663 2075 927 2116 metropolitani
957 2086 1099 2109 assensu
1128 2078 1224 2110 facta

214 2122 398 2153 «extiterit
428 2125 638 2166 compositio
665 2128 871 2168 supradicta
898 2132 959 2160 aut
989 2131 1083 2171 1111011
1111 2131 1223 2163 01110111

215 2186 226 2202 (1
243 2174 503 2216 Panipilonensi
529 2178 670 2210 ecclesie
694 2180 741 2211 sit
765 2181 972 2222 dampnosa,
998 2193 1059 2214 nos
1083 2194 1225 2226 compo-

214 2227 404 2260 «sitionem
429 2231 576 2262 0311110111
602 2235 637 2263 et
662 2233 830 2274 quicquid
855 2245 898 2265 ex
922 2246 960 2266 ea
986 2240 1147 2268 secutum
1171 2241 1225 2270 est

215 2280 296 2311 «er
332 2282 376 2312 ob
412 2283 535 2324 ipsam,
572 2286 695 2317 eadem
731 2287 945 2319 auctoritate
982 2290 1154 2321 revocetis
1188 2294 1223 2322 et

215 2334 459 2366 «denuntietis
502 2338 642 2377 penitus
686 2350 753 2370 non
799 2343 926 2377 tenere,
971 2343 1222 2384 compellentes

213 2387 488 2419 «nichilominus
526 2391 668 2422 eosdem
706 2401 820 2432 regem
860 2397 895 2425 et.
933 2395 1136 2437 episcopum
1176 2398 1219 2429 ad

213 2440 441 2472 «faciendum
477 2443 738 2477 re2-ititutionem
775 2446 966 2487 plenariam
1000 2459 1121 2481 eorum
1155 2461 1222 2491 11110

213 2492 317 2533 «ipsi,
357 2495 538 2527 occasione
576 2498 843 2539 compositionis
881 2500 1000 2541 ipsius,
1040 2503 1081 2534 de
1120 2503 1222 2535 bonis

214 2545 400 2586 «ejusdem
440 2548 582 2581 ecclesie
622 2551 737 2581 medio
776 2554 935 2594 tempore
976 2560 1218 2597 perceperunt,

213 2609 280 2630 «ac
316 2600 492 2640 prefatam
528 2603 710 2635 ecetesiam
745 2605 779 2636 in
814 2605 912 2637 illum
948 2610 1083 2639 statum
1118 2611 1220 2642 10110-

213 2655 359 2684 «centes
386 2653 420 2684 in
451 2664 520 2695 quo
549 2659 625 2687 erat
656 2660 811 2699 tempore
840 2661 1106 2701 compositionis
1134 2662 1220 2695 inite

214 2705 332 2736 «inter
362 2715 477 2747 regem
510 2711 541 2739 et
576 2710 779 2751 episcopmn
812 2713 1045 2753 supradictos,
1079 2718 1220 2747 contra-

213 2758 392 2791 «dictores
421 2762 634 2793 auctoritate
664 2764 778 2801 simili,
809 2765 1046 2807 appellatione
1076 2771 1220 2811 postpo-

212 2824 221 2832 1·
239 2812 318 2849 sita,
346 2816 612 2854 compescendo,
641 2827 709 2848 111111
737 2818 965 2850 obstantibus
991 2822 1216 2854 contumacia

213 2877 224 2891 «
241 2865 328 2905 regis
350 2866 406 2897 vel
430 2868 584 2909 episcopi
609 2870 848 2910 predictorum
873 2875 935 2903 aut
959 2873 1068 2904 etiam
1091 2875 1220 2906 utrius-

214 2930 223 2943 «
242 2928 319 2957 1100,
352 2919 424 2950 sive
456 2921 481 2951 si
513 2921 644 2953 eisdem
676 2925 912 2956 communiter
941 2927 996 2958 vel
1028 2927 1169 2959 divisim
1200 2938 1219 2960 a

214 2987 218 2996 1
243 2972 327 3001 sea«
348 2972 549 3013 .'xp‹›stolica
569 2975 611 3006 sit
632 2975 810 3008 inrlultuin
831 2979 925 3019 ‹jnotl
945 2979 1061 3010 nullus
1079 2990 1219 3012 excom-

1330 382 1340 395 1·
1358 369 1609 402 manicationis
1642 370 1677 402 in
1712 381 1880 413 personas
1913 383 2036 405 eorum
2069 376 2105 405 et
2141 374 2175 406 in
2212 377 2342 408 terram

1331 422 1445 454 «dicti
1476 423 1565 463 regis
1596 423 1775 456 interdicti
1808 426 2004 458 sententias
2035 426 2155 459 valeat
2187 427 2343 469 promul-

1331 484 1451 517 «gare,
1482 486 1541 507 seu
1571 477 1666 518 quod
1695 477 1788 509 1110111
1817 488 1878 510 1οΧ
1906 481 1942 510 et
1970 479 2130 512 homines
2159 480 2212 512 sui
2239 483 2342 514 extra

1333 537 1507 569 «regnum
1537 529 1706 567 Navarre,
1737 533 1771 562 et
1803 531 1919 563 dictus
1947 532 2134 574 episcopus
2163 532 2255 566 ultra
2283 533 2341 566 vel

1334 584 1461 613 «extra
1484 584 1579 614 certa
1601 582 1676 614 loca
1698 583 1790 615 trahi
1812 594 1881 615 non
1904 585 2040 626 possint
2061 585 2096 616 in
2117 595 2262 618 causam
2281 596 2343 628 per

1335 634 1498 666 «litteras
1536 635 1633 667 Sedis
1669 636 1778 678 ipsius
1815 647 1884 668 non
1922 637 2092 670 facientes
2128 638 2270 680 plenam
2306 642 2342 672 et

1335 697 1563 729 «expressam
1605 689 1646 720 (10
1686 688 1825 721 indulto
1866 690 2071 731 hujusmodi
2110 691 2340 729 mentionem,

1334 750 1421 772 «seu
1450 741 1576 782 quavis
1602 742 1669 773 alia
1697 742 1790 774 dicte
1818 742 1916 774 Sedis
1943 743 2163 785 indulgentia
2190 745 2343 786 generali

1334 793 1415 825 «vel
1457 793 1597 835 speciali
1639 794 1882 836 cujuscunque
1924 796 2055 828 tenoris
2095 797 2239 835 existat,
2281 807 2344 840 per

1334 856 1469 888 «quam
1511 848 1661 879 effectus
1702 848 1920 889 presentium
1961 848 2096 881 differri
2136 850 2248 891 possit
2287 849 2343 882 vel

1334 900 1469 932 «etiam
1500 900 1674 942 impediri,
1705 911 1764 933 seu
1795 901 1999 942 juramento
2030 902 2148 944 quoad
2179 903 2344 936 observa-

1334 953 1493 985 «tionem
1526 954 1792 995 compositionis
1823 954 1959 996 prefate
1991 964 2026 986 se
2058 955 2226 988 dicuntur
2257 956 2342 989 dicti

1334 1016 1421 1037 «rex
1445 1009 1481 1038 et
1505 1006 1690 1048 episcopus
1715 1007 1931 1044 astrinxisse,
1957 1010 1993 1039 et
2018 1008 2275 1042 constitutione
2299 1009 2342 1042 de

1331 1059 1500 1091 «duabus
1525 1059 1628 1091 dietis
1651 1059 1747 1091 edita
1771 1060 1806 1092 in
1829 1060 1976 1092 concilio
2000 1061 2164 1101 generali.
2188 1061 2291 1102 Quod
2314 1062 2343 1094 si

1330 1123 1343 1140 «
1366 1122 1436 1143 non
1471 1112 1539 1143 atio
1575 1115 1641 1144 etc.
1680 1122 1790 1154 usque
1824 1116 2034 1155 exequatur.
2071 1113 2156 1146 Dat.
2182 1114 2342 1153 Viterbii,

1333 1165 1393 1197 «V
1435 1165 1514 1197 idus
1555 1165 1776 1207 septembris,
1819 1166 2054 1208 pontificatus
2096 1167 2208 1199 nostri
2249 1177 2343 1201 anno

1333 1231 1346 1246 «
1362 1219 1478 1250 tertio.
1508 1231 1520 1247 »

1381 1294 1391 1307 a
1422 1281 1556 1312 Deinde
1585 1291 1665 1312 cum
1694 1281 1905 1313 venerabilis
1934 1284 2035 1323 pater
2062 1282 2344 1324 Pampilonensis

1334 1348 1345 1361 «
1362 1334 1547 1376 episcopus
1591 1337 1627 1365 et
1673 1334 1859 1365 memorati
1905 1337 2152 1376 procuratores
2197 1335 2344 1377 capituli

1334 1400 1347 1416 «
1364 1387 1643 1429 I’ampilonensis
1666 1387 1781 1419 denuo
1804 1397 1922 1419 coram
1946 1387 2090 1419 domino
2112 1397 2206 1430 papa
2227 1398 2346 1430 perso-

1333 1440 1489 1472 «naliter
1517 1443 1761 1482 comparerent
1793 1443 1828 1472 ct
1858 1441 1959 1472 nobis
1988 1441 2206 1474 examinatio
2234 1441 2344 1484 ipsius

1333 1506 1345 1522 «
1362 1493 1491 1534 negotii
1515 1493 1701 1525 commissa
1726 1493 1854 1525 iterum
1878 1494 2067 1531 extitisset,
2092 1494 2243 1536 sepefati
2265 1504 2345 1537 pro-

1333 1550 1540 1578 «curatores
1564 1549 1826 1588 proposuerunt
1849 1550 1884 1578 et
1909 1547 2089 1588 petierunt
2111 1548 2227 1590 ipsam
2249 1557 2345 1580 com-

1333 1613 1345 1628 «
1361 1600 1571 1642 positionem
1594 1602 1630 1631 et
1651 1599 1820 1641 quicquid
1841 1610 1885 1631 ex
1905 1610 1946 1632 ea
1966 1599 2023 1632 vel
2045 1600 2090 1632 ob
2110 1600 2226 1642 ipsam
2246 1610 2344 1633 secu-

1333 1666 1345 1681 «
1360 1656 1438 1684 tum
1456 1656 1509 1684 est
1527 1653 1667 1684 irritum
1685 1655 1720 1684 et
1739 1652 1874 1684 nullum
1893 1653 2128 1695 pronuntiari,
2147 1656 2344 1686 asserentes

1332 1707 1455 1748 «quod
1490 1708 1566 1738 erat
1599 1706 1695 1737 facta
1730 1709 1854 1737 contra
1887 1706 1945 1747 jus
1979 1708 2106 1748 utpote
2138 1706 2235 1739 facta
2269 1707 2343 1739 sine

1332 1769 1532 1791 «consensu
1567 1759 1725 1801 capituli,
1761 1762 1797 1790 et
1831 1759 1914 1800 quia
1950 1759 2085 1791 decime
2119 1762 2155 1791 et
2189 1760 2344 1802 quedam

1331 1812 1556 1854 «spiritualia
1588 1814 1773 1844 comutata
1805 1815 1890 1843 sunt
1922 1822 1984 1854 pro
2017 1812 2276 1854 temporalibus
2305 1815 2343 1845 et

1331 1865 1533 1897 «translata
1557 1865 1591 1896 in
1616 1875 1802 1906 personam
1826 1865 1964 1902 laicam,
1989 1866 2024 1897 in
2048 1875 2119 1908 qua
2140 1866 2198 1908 jus
2220 1866 2343 1908 hujus-

1331 1919 1454 1950 «modi
1481 1918 1624 1950 minime
1650 1919 1774 1950 cadere
1801 1921 1942 1960 poterat
1967 1919 2022 1950 vel
2049 1919 2215 1951 debebat.
2242 1919 2345 1952 Dice·

1330 1985 1342 2001 «
1360 1973 1447 2003 bant
1468 1972 1577 2003 etiam
1599 1972 1693 2013 quod
1716 1974 1793 2003 erat
1815 1971 1918 2003 nimis
1940 1972 2179 2014 prejudicialis
2199 1972 2343 2005 ecclesie

1330 2038 1342 2055 «
1357 2028 1393 2057 et
1412 2026 1620 2066 dampnosa,
1639 2034 1683 2056 ex
1700 2034 1740 2056 00
1759 2025 1854 2066 quod
1874 2025 2070 2057 dominium
2089 2028 2125 2057 et
2141 2025 2341 2066 jurisdictio

1330 2079 1515 2110 «civitatis
1540 2078 1821 2119 Pampilonensis
1843 2088 1924 2109 011111
1947 2078 2103 2115 00100115,
2127 2078 2238 2116 leztis,
2261 2088 2342 2111 cen-

1330 2145 1341 2159 «
1357 2132 1455 2163 sibus
1472 2134 1507 2162 et
1525 2131 1649 2162 ceteris
1667 2131 1711 2162 ad
1730 2130 1847 2172 ipsum
1866 2131 2064 2162 dominium
2082 2131 2340 2173 spectantibus,

1329 2198 1342 2214 «
1357 2187 1506 2226 excepto
1531 2184 1707 2226 pedatico,
1733 2183 1777 2215 ad
1803 2183 2009 2225 episcopum
2034 2184 2167 2226 pariter
2189 2186 2226 2216 et
2245 2184 2341 2226 capi-

1329 2239 1472 2270 «tulum
1507 2237 1703 2269 dinoscitur
1736 2237 1920 2278 pertinere,
1957 2247 2027 2269 003
2060 2247 2142 2269 0010
2174 2237 2340 2270 omnibus

1329 2291 1646 2334 «11055055101111105,
1673 2290 1850 2327 domibus,
1877 2290 2040 2322 censibus
2064 2290 2262 2328 domorum,
2288 2290 2340 2322 vi-

1328 2358 1340 2374 «
1357 2345 1440 2382 neis,
1461 2344 1606 2386 campis,
1627 2344 1724 2381 ortis,
1748 2344 1874 2386 pratis,
1896 2342 2106 2375 molendinis
2124 2345 2160 2375 et
2175 2343 2340 2377 omnibus

1328 2398 1597 2430 «immobilibus
1632 2407 1699 2439 que
1734 2396 2016 2439 Pampiloncnsis
2050 2396 2194 2428 ecclesia
2229 2396 2339 2429 habet

1328 2465 1340 2481 «
1357 2451 1410 2484 vel
1440 2451 1565 2483 habuit
1592 2451 1649 2483 vel
1677 2451 1711 2482 in
1740 2453 1922 2493 posterum
1950 2449 2097 2481 habebit
2125 2459 2339 2492 quocunque

1327 2518 1341 2535 «
1356 2505 1461 2537 tituto
1483 2504 1690 2546 Pampilonc
1711 2507 1747 2536 et
1769 2503 1927 2536 terminis
1948 2512 1988 2534 ac
2011 2502 2196 2535 territoriis
2215 2502 2336 2545 ipsius,

1322 2558 1442 2590 «sicut
1476 2558 1648 2589 hactenus
1681 2559 1891 2589 consuetum
1926 2558 1990 2592 est,
2026 2555 2339 2598 proportionaliter

1323 2612 1444 2643 «inter
1468 2611 1573 2653 ipsos,
1600 2621 1751 2652 quorum
1777 2609 1936 2642 omnium
1961 2609 2192 2640 medietatem
2217 2609 2335 2641 dictus

1323 2664 1537 2706 «episcopus
1566 2664 1636 2705 regi
1665 2663 1817 2695 contulit
1846 2662 2042 2694 secundum
2070 2661 2210 2693 forman
2239 2671 2335 2694 com-

1324 2717 1538 2759 «positionis
1560 2717 1727 2759 predicte,
1750 2717 1841 2748 sicut
1864 2716 1926 2747 hec
1948 2714 2066 2746 omnia
2088 2717 2123 2746 et
2143 2714 2246 2756 plura
2266 2714 2335 2747 alia

1324 2770 1387 2801 «in
1419 2770 1577 2812 predicto
1608 2770 1846 2801 instrumento
1878 2767 2144 2809 compositionis
2177 2767 2336 2800 contine-

1325 2826 1422 2854 «tur.
1460 2823 1589 2854 Verum
1625 2833 1704 2854 cuni
1741 2821 1890 2864 predicti
1926 2822 2172 2862 procuratores
2205 2820 2336 2852 instru-

1322 2876 1463 2907 «menti
1495 2876 1644 2918 predicti
1676 2876 1815 2917 copiam
1847 2874 1912 2906 sibi
1943 2873 2020 2905 fieri
2051 2882 2131 2904 cum
2161 2873 2334 2906 instantia

1323 2929 1585 2970 «postularent,
1624 2931 1842 2960 memoratus
1879 2927 2064 2969 episcopus
2101 2926 2254 2958 asseruit
2289 2935 2334 2958 ex

1323 2982 1499 3013 «adverso
1540 2982 1679 3024 copiam
1720 2981 1923 3023 hujusmodi
1963 2978 2039 3010 fieri
2081 2989 2152 3011 non
2192 2979 2330 3019 debere,

2460 3000 2477 3176 Λ““““ἢ1.ἵ.-
2472 2951 2477 2958 .
