2477 3512
1014 345 1292 387 QUATRIEME
1305 345 1469 380 ANNEE
2232 350 2299 385 845

185 448 219 476 et
247 446 385 476 ecclesiis
413 446 529 476 vestris
558 443 899 475 excommunicationis
928 443 1088 474 sententia
1121 452 1193 482 per-

185 499 307 529 cellatis
318 509 327 535 ;
365 498 392 528 si
410 507 488 528 vero
508 498 611 528 clerici
635 498 687 528 vel
708 497 852 529 canonici
871 497 1029 536 regulares
1049 506 1105 527 seu
1124 505 1194 526 mo-

186 551 280 581 nachi
306 551 436 586 fuerint,
465 560 518 581 eos
545 551 760 590 appellatione
786 552 921 585 remota,
950 550 991 580 ab
1019 549 1127 579 officio
1154 551 1188 579 et

185 604 341 634 beneficio
373 604 587 643 suspendatis,
611 606 759 633 neutram
790 603 965 633 relaxaturi
996 603 1191 633 sententiam

185 657 285 687 donec
308 656 460 696 predictis
483 656 643 686 sororibus
666 656 806 695 plenarie
829 655 1042 690 satisfaciant,
1065 658 1099 685 et
1120 658 1190 686 tam

183 710 256 740 laici
278 718 376 749 quam
398 709 501 739 clerici
523 709 678 739 seculares
701 709 757 748 qui
778 718 836 748 pro
857 709 1000 738 violenta
1028 717 1185 739 manuum

181 762 355 802 injectione
374 762 407 792 in
426 771 549 793 sorores
569 763 698 792 easdem
717 763 768 792 vel
788 762 930 801 ipsarum
952 762 1093 801 aliquam
1114 770 1190 792 ana-

1297 445 1452 475 thematis
1472 446 1601 478 vinculo
1622 447 1743 477 fuerint
1764 447 1921 483 innodati,
1943 456 2017 477 eum
2039 447 2196 477 diocesani
2219 447 2300 487 epis-

1299 498 1371 537 copi
1386 498 1501 529 litteris
1517 500 1559 529 ad
1576 500 1690 531 Sedem
1706 501 1926 539 Apostolicam
1942 500 2118 536 venientes,
2130 500 2172 530 ab
2188 500 2300 531 eodem

1298 551 1428 581 vinculo
1461 555 1645 582 mereantur
1680 554 1815 583 absolvi.
1852 553 1929 583 Dat.
1970 553 2125 592 Anagnie,
2169 553 2201 582 X
2236 554 2299 583 kal.

1299 605 1493 639 novembris,
1517 614 1602 635 anno
1626 606 1751 644 quinto.
1776 617 1789 633 ι
1812 607 1858 644 (1)

1336 713 1360 736 1.
1381 711 1460 736 Cette
1488 712 1570 737 lettre
1599 714 1627 737 et
1657 713 1684 737 la
1713 713 1889 743 precedente,
1919 714 2013 738 datees
2032 715 2066 738 de
2093 714 2120 738 la
2149 713 2301 744 cinquieme

1300 747 1398 776 annee,
1416 747 1537 778 figurent
1556 749 1625 772 dans
1643 748 1671 772 la
1681 749 1772 778 partie
1794 749 1831 773 du
1850 749 1964 780 registre
1982 749 2113 778 teser-vec,
2124 755 2158 774 en
2169 749 2300 780 principe,

1301 789 1356 807 aux
1375 783 1471 807 lettres
1491 783 1525 807 de
1543 783 1570 807 la
1589 783 1743 814 quau-ieme
1763 783 1862 813 nunde,

949 1669 1006 1690 rm
1034 1669 1080 1690 DE
1109 1670 1152 1691 LA
1179 1663 1379 1697 QUArnnlnffi
1411 1663 1527 1692 ANN1²3E

817 3012 962 3037 l-pdmerie
977 3012 1002 3032 F.
1021 3012 1174 3036 BolssEAU‚
1189 3013 1222 3035 34,
1241 3019 1283 3032 rue
1306 3013 1337 3032 du
1357 3013 1427 3033 Tan,
1446 3023 1470 3027 -
1485 3012 1643 3034 TOULOUSB
