2477 3512
221 287 260 318 10
914 286 1182 319 REGISTRES
1208 285 1559 318 D’ALEXANDRE
1588 285 1636 318 1v

297 392 386 418 2803
701 393 834 425 Anagni,
859 393 895 419 13
919 393 1031 420 {evrier
1054 393 1140 420 1259.

258 446 336 478 Regi
359 446 518 472 Navarrae
542 446 701 472 ecclesiam
726 446 809 479 apud
837 446 995 478 Igniacum
1019 446 1221 472 construendi

218 489 365 523 illamque
386 490 517 516 dotandi
539 490 722 516 facultatem
745 490 896 516 concedit.
919 490 1016 523 (Bm.
1039 490 1087 522 25,
1109 490 1129 517 f.
1154 490 1222 522 191,

217 541 266 561 an.
287 534 325 567 V,
344 542 369 560 c.
390 534 451 567 37.)

263 654 275 668 «
295 666 313 672 ..
336 640 458 672 illustri
479 641 548 681 reqi
568 642 731 677 λ’(ιναῑιψ,
754 642 944 683 Campanis
962 644 990 673 et
1010 642 1089 673 Brie
1108 641 1220 672 comiti

217 693 388 725 Palatino.
410 694 463 725 lix
485 697 583 735 parte
605 698 663 725 tua
686 695 749 726 snit
774 695 872 726 nobis
893 695 1071 726 humiliter
1090 694 1221 735 suppli—

217 749 335 778 catum
379 750 427 782 ul,
469 757 548 779 cum
589 749 682 788 apud
730 748 919 788 Iuniarum,
962 747 1219 779 Suessionensis

217 800 372 835 diocesis,
404 802 584 841 quandam
614 801 793 832 ecclesiam
825 802 866 832 de
898 812 988 833 novo
1018 803 1220 832 construere

217 855 246 883 et
281 852 479 889 affluenter,
511 854 559 885 ita
591 855 684 895 qnod
717 855 851 895 possint
883 855 914 885 in
946 864 984 885 ea
1016 864 1088 885 esse,
1120 853 1218 894 plura

217 905 385 937 beneficia
412 907 465 938 vel
492 908 678 948 prebende,
705 908 746 938 de
773 908 872 938 bonis
897 907 1071 947 regalibus
1096 908 1219 938 dotare

214 959 388 995 intendas,
432 960 464 991 id
509 960 658 991 faciendi
700 961 764 992 tibi
808 961 986 992 licentiam
1029 960 1219 991 concedere

214 1022 425 1044 curaremus.
467 1013 538 1044 Nos
577 1014 696 1055 itaque
737 1016 837 1045 tunm
877 1013 1053 1045 landabile
1093 1023 1218 1055 propo-

214 1065 320 1097 situm
355 1066 388 1097 in
425 1066 574 1097 Domino
608 1068 908 1103 commendantes,
943 1067 1125 1098 serenitati
1159 1070 1217 1098 tue

214 1119 286 1149 sine
311 1119 412 1150 alieni
436 1119 522 1160 juris
547 1120 738 1160 prejudicio
763 1121 976 1151 auctoritaie
1002 1121 1215 1161 presentium

214 1171 391 1203 licentiam
424 1173 648 1203 concedimus
680 1173 912 1214 postulatam,
946 1173 979 1204 in
1013 1174 1134 1204 eadem
1168 1184 1220 1204 ec—

214 1224 316 1256 clesia
345 1224 421 1266 jure
452 1228 673 1266 patronatus,
705 1226 793 1257 sieut
826 1226 909 1257 illud
943 1227 1049 1257 babes
1080 1227 1111 1257 in
1144 1226 1219 1257 aliis

214 1277 406 1319 collegiatis
434 1278 584 1309 ecclesiis
614 1289 702 1320 quas
732 1280 944 1311 dolaverunt
980 1280 1218 1320 progenitores

217 1331 277 1367 tui,
319 1330 382 1362 tibi
422 1334 457 1362 et.
498 1331 566 1362 tuis
605 1333 863 1363 successoribus
903 1336 1093 1365 reservato.
1136 1334 1217 1365 Dat.

216 1384 383 1424 Anagnie,
412 1384 527 1415 idibus
554 1384 730 1421 februarii,
760 1395 852 1417 anno
880 1387 1016 1428 quinto.
1046 1401 1058 1415 n

295 1587 383 1613 280⁴
718 1590 851 1622 Anagni,
875 1590 892 1616 7
916 1590 1028 1617 sevrier
1052 1592 1137 1618 1259.

255 1649 332 1676 Cum
364 1650 394 1676 in
425 1649 581 1676 nonnullis
613 1650 759 1683 religiosis
789 1653 817 1677 et
851 1652 1042 1685 leprosorum
1075 1653 1219 1680 domibus

215 1693 244 1719 in
269 1693 413 1720 districtu
436 1694 514 1726 regis
536 1694 709 1727 Navarrae,
732 1696 856 1722 comitis
879 1696 1080 1730 Campaniae,
1104 1698 1219 1724 consis-

214 1738 365 1770 tentibus,
399 1738 536 1765 locorum
571 1740 728 1766 diocesani
761 1742 896 1767 rectores
928 1749 981 1767 seu
1015 1742 1215 1769 administra-

214 1784 296 1809 tores
325 1782 488 1810 instituere
517 1786 803 1817 praesumpserant,
834 1785 965 1812 mandat
994 1793 1077 1820 papa
1106 1786 1215 1813 abbati

215 1827 395 1853 monasterii
420 1827 615 1859 Orbacensis,
641 1828 868 1855 Suessionensis
894 1830 1034 1861 diocesis,
1059 1832 1094 1857 ut
1119 1831 1218 1857 dictos

214 1871 394 1897 diocesanos
421 1871 461 1897 ad
488 1872 584 1898 talem
612 1873 848 1906 usurpationem
877 1874 1108 1901 terminandam
1136 1883 1219 1901 com-

213 1915 309 1948 pellat
326 1915 422 1948 (Risu.
441 1916 489 1947 25,
506 1916 526 1942 t.
546 1916 598 1942 191
618 1920 664 1948 νο,
682 1924 731 1943 an.
750 1917 786 1948 V,
803 1925 828 1944 c.
847 1918 909 1951 38.)

260 2044 271 2059 κ
298 2056 315 2063 ..
342 2032 457 2064 abbati
482 2034 679 2065 monosterii
706 2034 917 2071 Orbacensis,
944 2036 1075 2067 ordinis
1101 2036 1217 2068 Sancti

214 2085 397 2122 Benedicti,
434 2086 690 2118 Suessionensis
722 2087 874 2119 diocesis.
909 2089 963 2119 Ad
997 2089 1215 2121 audientiam

215 2141 370 2169 nostram
413 2139 550 2170 noveris
592 2140 790 2180 pervenisse
832 2141 926 2182 quod
966 2142 1000 2172 in
1042 2143 1218 2174 nonnullis

214 2191 379 2231 religiosis
423 2194 456 2222 et
504 2192 719 2233 leprosorum
765 2194 929 2225 domibus
973 2195 1006 2226 in
1053 2195 1214 2227 districtu

214 2244 381 2275 carissimi
420 2245 454 2276 in
494 2245 631 2276 Christo
672 2246 733 2277 filii
773 2247 906 2278 nostri..
946 2247 1090 2279 illustris
1128 2249 1216 2290 regis

216 2296 383 2333 Navarre,
430 2298 620 2339 Campanie
665 2302 699 2330 et
744 2299 822 2331 Brie
868 2300 1006 2332 comitis
1052 2302 1215 2339 Palatini,

214 2350 499 2387 consistentibus,
543 2351 699 2383 locorum
743 2353 918 2385 diocesani
961 2357 1112 2386 rectores
1154 2365 1214 2387 seu

215 2403 518 2435 administratores
557 2405 599 2435 de
637 2415 730 2436 novo
769 2416 896 2447 ponere
934 2417 993 2438 seu
1033 2408 1215 2440 instituere

215 2460 434 2496 presumunt,
456 2467 517 2498 pro
538 2468 598 2489 sue
618 2458 719 2490 libito
740 2459 946 2497 voluntatis,
969 2461 1003 2492 in
1024 2462 1216 2494 earundem

215 2509 399 2541 domorum
420 2520 488 2542 non
509 2511 685 2542 modicum
706 2513 938 2553 prejudicium
957 2517 993 2545 et
1011 2523 1215 2555 gravamen,

214 2565 337 2594 contra
382 2563 569 2604 antiquam
613 2566 648 2595 et
691 2566 926 2606 approbatam
970 2570 1001 2598 el
1048 2568 1219 2600 haetenus

215 2616 360 2657 pacifice
403 2616 629 2648 observatam
672 2617 706 2648 in
750 2619 881 2650 talibus
924 2621 1216 2653 consuetudinem

215 2669 399 2701 veniendo.
442 2670 611 2701 Nolentes
652 2671 758 2711 igitur
797 2673 989 2705 earundem
1031 2674 1217 2706 domorum

215 2730 405 2762 gravamen
438 2722 637 2755 indebitum
670 2724 853 2763 sustinere,
888 2728 1099 2759 mandamus
1132 2738 1217 2770 qua-

216 2776 321 2813 tinus,
342 2775 369 2807 si
389 2778 441 2807 est
460 2775 521 2812 ita,
543 2776 718 2818 predictos
738 2778 951 2816 diocesanos,
974 2783 1012 2811 ut
1031 2781 1076 2812 ab
1096 2781 1217 2822 hujus-

216 2828 309 2860 modi
340 2829 604 2871 presumptione
634 2831 776 2862 omnino
807 2832 990 2870 desistant,
1023 2834 1215 2867 monitione

217 2881 394 2921 premissa,
419 2882 633 2914 auctoritate
656 2886 786 2921 nostra,
811 2886 1047 2927 appellatione
1068 2890 1215 2925 remota,

217 2935 334 2974 previa
371 2935 517 2971 ratione,
555 2937 753 2978 compellas,
794 2948 861 2969 non
899 2939 1064 2971 obstante
1100 2940 1126 2971 si
1163 2943 1216 2972 est

217 2987 391 3027 aliquibus
434 2989 478 3019 ab
522 2990 723 3030 Apostolica
768 2992 855 3022 Sede
898 2992 1076 3024 indultum
1121 2995 1214 3035 quod

1327 392 1498 429 interdici,
1533 394 1698 435 suspendi
1732 394 1785 425 vel
1819 395 2115 426 excommunicari
2150 405 2218 427 non
2252 405 2329 437 pos-

1327 446 1397 477 sint
1425 456 1485 488 per
1511 446 1646 478 litteras
1673 446 1884 488 apostolicas
1911 457 1977 489 que
2005 448 2047 479 de
2074 448 2211 480 indulto
2238 448 2330 489 ejus-

1328 499 1418 535 dem,
1455 500 1496 530 de
1531 500 1632 541 cujus
1667 503 1744 532 toto
1779 503 1898 532 tenore
1934 503 2096 542 oporteat
2131 501 2166 532 in
2202 501 2330 534 nostris

1328 552 1454 584 litteris
1497 554 1635 594 plenam
1678 557 1713 585 et
1755 564 1957 596 expressam
2000 555 2215 586 mentionem
2257 555 2332 587 fieri

1327 608 1362 637 et
1390 616 1449 647 per
1475 616 1582 648 quam
1608 607 1757 639 effeetus
1784 608 1999 649 presentium
2026 607 2186 649 impediri
2213 607 2331 640 valeat

1328 660 1382 691 vel
1422 660 1565 697 differri,
1605 662 1640 692 et
1678 661 1932 692 constitutione
1971 661 2013 692 de
2052 661 2191 693 duabus
2229 661 2332 693 dietis

1328 713 1423 744 edito
1458 713 1492 744 in
1528 714 1674 745 concilio
1709 714 1871 754 generali,
1909 715 2102 746 dummodo
2139 714 2230 746 ultra
2267 717 2334 746 ter-

1330 769 1416 800 tiam
1452 767 1504 800 vel
1540 770 1705 809 quartam
1739 767 1866 809 aliquis
1899 770 1998 799 extra
2033 778 2133 799 suam
2168 768 2333 800 diocesim

1329 822 1542 854 auctoritate
1566 821 1780 862 presentium
1803 821 1846 852 ad
1867 820 2040 862 judicium
2063 830 2132 852 non
2155 821 2333 853 trahatur.

1329 874 1412 908 Dat.
1441 875 1611 915 Auen-gnie,
1635 873 1703 905 VII
1731 874 1809 905 idus
1835 873 2013 910 februarii,
2041 883 2133 905 anno
2160 874 2297 916 quinto.
2319 887 2332 903 u

1409 1044 1500 1070 2805
1804 1044 1938 1078 Anagnl,
1961 1044 2000 1071 24
2020 1043 2144 1078 lanvler
2167 1044 2253 1071 1259.

1369 1106 1509 1133 ,Iohanni
1541 1106 1661 1138 clerico,
1694 1107 1735 1134 ad
1767 1106 1845 1140 regis
1878 1106 2030 1134 castellae
2062 1106 2336 1141 supplicatlonem,

1328 1150 1470 1184 indulget
1486 1152 1533 1183 ut,
1551 1151 1764 1178 nonobstante
1781 1151 1905 1178 defectu
1923 1151 2077 1178 natalium
2094 1159 2188 1186 quem
2203 1152 2336 1186 patitur,

1329 1195 1366 1221 de
1400 1195 1503 1222 soluto
1537 1196 1660 1229 genitus
1693 1197 1724 1222 et
1758 1195 1871 1227 soluta,
1906 1195 2114 1230 episcopalem
2148 1196 2336 1230 dignitatem

1327 1238 1470 1266 obtinere
1484 1239 1600 1272 valeat,
1616 1240 1640 1266 si
1655 1240 1694 1266 ad
1709 1247 1778 1266 eam
1794 1247 1824 1266 se
1839 1240 2004 1273 contigerit
2020 1240 2152 1267 evocari.
2168 1240 2268 1274 (Rea.
2285 1240 2335 1273 25,

1328 1284 1349 1310 t.
1370 1284 1424 1311 191
1443 1287 1489 1316 νο,
1507 1291 1557 1311 an.
1577 1283 1614 1316 V,
1632 1291 1657 1311 c.
1677 1283 1739 1317 39.)

1375 1414 1387 1429 «
1417 1401 1574 1433 ,Iohanni
1607 1400 1734 1438 clerico,
1766 1403 1845 1433 nato
1875 1400 2002 1433 nobilis
2033 1401 2098 1432 viri
2129 1399 2267 1442 Allonsi
2298 1400 2337 1433 de

1328 1453 1478 1491 Molina,
1511 1454 1629 1496 putrui
1661 1454 1834 1486 carissimi
1882 1454 1916 1486 in
1964 1453 2096 1486 Christo
2126 1452 2198 1494 lilii
2229 1453 2336 1486 nostri

1328 1508 1417 1550 reyis
1451 1507 1592 1540 Castelle
1625 1517 1664 1541 ac
1695 1507 1857 1550 Leqionis
1892 1506 2046 1539 illustris.
2081 1506 2180 1539 Sicut
2209 1506 2334 1549 petitio

1328 1564 1390 1594 tua
1415 1581 1470 1593 —.
1497 1561 1580 1593 Dat.
1606 1561 1777 1603 Anagnie,
1805 1560 1913 1592 VIIII
1939 1560 2009 1592 kal.
2035 1559 2216 1597 februarii,
2243 1569 2335 1592 anno

1329 1615 1465 1656 quinto.
1491 1628 1503 1644 »

1407 1773 1497 1800 2806
1834 1773 1968 1807 Anagni,
1991 1773 2009 1800 9
2031 1773 2145 1800 sevrier
2167 1772 2254 1800 1259.

1369 1836 1467 1863 Priori
1493 1836 1657 1870 hospitalis
1685 1835 1836 1862 Rossidae
1862 1835 1970 1867 Vallis,
1997 1835 2245 1870 Pampilonensls
2271 1834 2337 1861 dio-

1327 1882 1403 1908 cesis
1438 1884 1469 1908 et
1504 1883 1733 1909 successoribus
1772 1881 1846 1912 suis,
1881 1880 2015 1907 obtentu
2050 1880 2128 1914 regis
2163 1880 2335 1912 Navarrae,

1328 1926 1519 1961 Campaniae
1549 1929 1580 1953 et
1609 1927 1701 1954 Briae
1730 1926 1865 1958 comitis,
1904 1933 1996 1953 usum
2027 1926 2138 1953 mitrae
2168 1927 2199 1952 et
2229 1925 2337 1952 annuli

1326 1971 1479 1998 concedit.
1500 1971 1597 2005 (am.
1618 1971 1667 2003 25,
1687 1971 1708 1998 f.
1730 1971 1784 1998 191
1806 1974 1853 2003 νῦ,
1873 1978 1922 1998 an.
1943 1970 1981 2003 V,
2000 1978 2026 1998 c.
2047 1970 2111 2004 40.)

1372 2081 1384 2097 «
1428 2093 1447 2100 ..
1486 2069 1596 2110 priori
1636 2068 1816 2110 hospitalis
1854 2068 1999 2101 Rossicle
2044 2067 2163 2105 Vallis,
2205 2067 2336 2100 ordinis

1328 2122 1445 2153 Sancti
1486 2122 1689 2163 Augustini,
1731 2121 2012 2164 Pampilonensis
2052 2121 2205 2153 diocesis.
2247 2121 2334 2153 Cum

1325 2174 1360 2206 in
1383 2175 1600 2216 prelatorum
1623 2194 1677 2207 —.
1703 2175 1786 2207 Dat.
1809 2175 1980 2216 Anagnie,
2005 2175 2034 2207 V
2056 2175 2173 2206 idibus
2194 2174 2335 2206 februa-

1323 2228 1376 2265 rii,
1399 2237 1493 2260 anno
1513 2228 1651 2270 quinto.
1672 2242 1684 2257 »

1404 2388 1492 2415 2807
1801 2390 1936 2424 Anagni,
1959 2390 1997 2417 30
2018 2388 2142 2423 J'anvier
2164 2388 2252 2416 1259.

1364 2451 1481 2479 Gentili
1505 2452 1543 2478 de
1568 2452 1738 2484 Luculena,
1763 2452 1913 2479 canonico
1939 2452 2131 2484 Florentino,
2155 2451 2332 2486 prioratum

1323 2496 1494 2523 secularem
1517 2496 1664 2524 ecclesiae
1688 2496 1717 2524 S.
1742 2496 1902 2524 Michaelis
1925 2497 1964 2524 de
1987 2496 2132 2529 Pavellis,
2157 2495 2329 2523 Fesulanae

1322 2540 1463 2572 diocesis,
1486 2548 1579 2575 super
1601 2548 1663 2574 quo
1687 2548 1782 2568 causa
1803 2541 1989 2568 vertebatur
2010 2541 2092 2568 inter
2113 2547 2186 2567 eum
2201 2541 2232 2567 et
2248 2539 2334 2573 Ray-

1323 2585 1451 2612 nucium
1481 2586 1519 2612 de
1552 2585 1694 2619 Fighino,
1729 2585 1875 2613 clericum
1913 2585 2055 2620 eJ'usdem
2088 2584 2229 2617 diocesis,
2260 2584 2334 2618 post

1321 2629 1475 2663 praedicti
1504 2629 1661 2664 Raynucii
1696 2630 1831 2663 obitum,
1866 2630 1997 2657 confert.
2021 2629 2118 2664 (Rea.
2149 2629 2198 2661 25,
2226 2629 2248 2655 f.
2277 2627 2332 2655 191

1322 2677 1369 2706 νο,
1386 2681 1436 2701 an.
1456 2674 1494 2706 V,
1510 2681 1535 2701 c.
1552 2674 1616 2708 41.)

1370 2795 1382 2811 «
1433 2782 1556 2815 Gentili
1602 2784 1640 2816 de
1685 2784 1870 2821 Luculena,
1917 2783 2078 2815 canonico
2122 2781 2330 2818 Florentino,

1324 2834 1439 2867 clerico
1473 2838 1501 2868 et
1532 2836 1703 2877 familiari
1736 2837 1893 2879 magistri
1927 2835 2101 2868 Johannis
2134 2836 2173 2868 de
2206 2835 2330 2868 Sancto

1331 2889 1506 2926 Germano,
1546 2890 1672 2922 notarii
1711 2891 1828 2922 nostri.
1869 2889 2053 2921 Virtutum
2091 2888 2216 2921 merita
2255 2887 2331 2930 qui-

1324 2942 1389 2973 bus
1419 2961 1474 2974 —-.
1509 2943 1592 2975 Dat.
1626 2943 1797 2985 Anagnie,
1835 2943 1888 2974 III
1922 2942 1991 2974 kal.
2025 2941 2202 2979 februarii,
2236 2949 2329 2973 anno

1324 2995 1460 3036 quinto.
1490 3009 1502 3024 »
