2477 3512
916 311 1148 352 TaoisOEME
1175 312 1318 349 ANNEE

105 389 289 420 cessoribus
310 390 428 421 vestris
458 391 617 431 premissa
645 390 749 420 omnia
777 388 831 419 vel
862 389 1004 429 ipsorum
1036 387 1098 418 ali-

105 456 169 486 qua
195 446 337 477 vendere
364 446 417 477 vel
451 446 584 485 donare,
611 456 668 476 seu
699 445 826 487 pignori
847 444 1008 485 obligare,
1042 444 1098 474 aut

104 502 341 542 quomodolibet
374 503 527 540 alienare,¹
559 512 614 533 seu
647 502 677 532 in
701 501 781 532 alios
810 511 884 531 usus
905 503 1097 531 convertere

103 558 213 594 liceat,
229 561 262 589 et
282 560 307 589 si
335 569 429 589 secus
446 558 723 600 presumpseritis,
746 567 784 588 eo
805 558 873 598 ipso
899 568 916 587 a
937 556 1099 597 predicto-

104 625 173 645 rum
189 615 265 656 jure
285 615 422 646 cadatis.
453 615 608 646 Volumus
629 617 750 649 autem,
782 615 814 643 ut
847 613 975 644 dilectis
995 611 1095 643 filiis..

105 670 213 702 abbati
240 675 273 702 et
300 671 454 702 fratribus
475 671 603 711 Angelo
624 672 656 701 et
683 670 789 700 Blasio
811 669 969 709 quondam
990 678 1098 699 mona-

104 727 173 758 vhis
190 727 334 768 ejusdem
355 727 507 763 ecclesie,
530 726 680 766 quamdiu
700 726 858 761 vixerint,
881 725 920 755 de
942 724 1098 765 predictis

103 783 295 821 redditibus,
323 783 483 814 fructibus
513 784 546 813 et
576 782 786 823 proventibus
815 782 883 812 vite
911 781 1097 812 necessaria

103 840 303 875 ministretis,
322 850 358 869 ac
377 839 550 869 teneamini
562 839 761 876 ministrare,
781 838 892 878 quibus
909 836 1097 868 cedentibus

103 896 152 927 vel
173 894 413 932 decedentibus,
430 894 524 925 iidem
542 894 682 930 fructus,
704 894 851 925 redditus
868 899 900 924 et
917 896 1096 934 proventus

100 1008 172 1038 den]
202 1017 313 1037 mense
339 1017 415 1037 usus
447 1007 592 1037 totaliter
617 1009 862 1037 convertantur.
888 1006 975 1036 Nulli
998 1006 1093 1048 [eto]

99 1066 209 1094 nostre
220 1063 401 1094 collationis
416 1064 479 1094 etc.
505 1064 617 1094 Datum
632 1063 787 1096 Viterbii,
815 1063 857 1093 ΙΙΙ
879 1062 948 1093 idus
964 1073 1094 1093 novem-

101 1119 178 1152 bris.
201 1130 283 1150 auno
304 1120 414 1150 tertio.
438 1134 466 1149 n.

168 1224 269 1251 ‘2303
564 1223 687 1254 t'iterbe,
715 1226 738 1248 11
760 1222 919 1249 novembre
940 1223 1019 1247 1257.

133 1307 267 1341 Philippo
290 1307 434 1333 canonico
456 1306 599 1333 ecclesiae
624 1308 649 1332 S.
672 1306 777 1332 Mariae
806 1306 925 1340 Majoris
953 1305 988 1331 de
1014 1306 1087 1331 L'rbe

95 1355 224 1387 mandat,
244 1359 273 1381 ut
300 1355 328 1380 in
346 1355 564 1388 possessionem
594 1355 741 1380 bonorum
773 1353 915 1380 ecclesiae
938 1354 964 1379 S.
983 1353 1087 1379 Mariae

95 1452 140 1476 cat
167 1453 195 1476 et
223 1453 340 1476 tueatur
368 1450 533 1476 inductum.
565 1450 643 1476 (Res.
671 1451 714 1481 25,
732 1457 757 1474 a.
787 1449 831 1477 ΙΙΙ,
853 1457 875 1474 c.
898 1448 1008 1478 7052‚f.
1025 1450 1084 1477 93⁸7

93 1498 236 1524 POTTHAST
253 1499 359 1526 17067.»
747 1483 750 1486 ‚

90 1638 137 1669 ris
159 1637 200 1669 de
231 1639 327 1669 Urbe.
357 1638 412 1669 [lle
440 1637 592 1679 specialis
618 1636 768 1668 affectus.
804 1655 844 1659 ἡ
872 1637 945 1666 Dat.
974 1637 1008 1666 ut
1030 1645 1084 1665 su-

91 1705 160 1736 pra.
187 1708 200 1722 n

163 1785 266 1811 2304
604 1785 731 1816 Viterbe,
750 1787 782 1811 20
798 1784 918 1810 octobre
936 1786 1013 1810 1257.

125 1870 286 1895 Conventui
301 1869 474 1895 monasterii
484 1870 510 1895 S.
519 1869 621 1895 Crucis
633 1869 857 1895 Colimbriensis
869 1869 998 1901 mandat,
1011 1877 1083 1903 qua—

92 1921 177 1942 tenus
198 1917 319 1943 Martino
338 1917 416 1943 Petri
433 1917 499 1943 dicti
517 1917 690 1943 monasterii
709 1917 798 1951 priori
821 1917 956 1943 intendat
971 1919 1000 1942 et
1014 1917 1084 1943 obe-

89 1964 159 1996 diat,
181 1972 239 1990 non
267 1964 453 1991 obstantibus
479 1964 630 1991 nonnullis
661 1964 768 1991 litteris
790 1972 805 1990 a
822 1965 894 1990 Sede
918 1963 1083 1998 Apostolica

88 2011 294 2038 fraudulenter
310 2012 447 2038 obtentis.
466 2013 544 2045 (Itan.
561 2013 604 2043 25,
619 2020 644 2038 a.
665 2013 710 2043 ΙΙΙ,
728 2021 752 2037 c.
770 2012 843 2043 706¹,
860 2012 879 2037 f.
902 2013 969 2043 93⁸2)

134 2121 148 2136 ι(
174 2107 362 2139 Conventnz‘
378 2107 576 2139 monasterii
594 2108 718 2139 Sane-le
736 2107 853 2139 Crucis
875 2107 1081 2139 Colimbren-

87 2162 144 2201 sis,
162 2163 209 2195 ad
223 2165 412 2195 Romanam
429 2163 615 2196 Ecclesiam
633 2164 726 2205 trullo
739 2163 851 2195 medio
860 2163 1079 2207 pertinentis,
1105 2194 1107 2202 Υ

1105 2217 1107 2224 '
1131 2214 1171 2244 de
1188 2213 1310 2244 duobus
1326 2213 1423 2244 dietis
1448 2213 1535 2243 edita
1556 2214 1588 2243 in
1613 2213 1749 2243 concilio
1771 2212 1929 2253 generali.
1962 2212 2123 2247 Quocirca

89 2218 217 2251 ordinis
236 2220 354 2252 Sancti
374 2220 570 2263 Auquscini.
604 2220 681 2252 Cum
704 2221 844 2251 dilectus
858 2221 942 2251 tilius
964 2221 1080 2252 Marti-

87 2286 146 2307 nus
167 2276 258 2308 Petri
278 2277 365 2318 prior
384 2280 496 2308 vester
513 2277 588 2308 olim
616 2288 634 2308 a
660 2277 753 2308 nobis
772 2288 829 2318 per
847 2278 993 2308 nuntium
1009 2277 1079 2319 ejus
1104 2302 1105 2310 ,

1104 2342 1105 2345 “
1131 2327 1327 2369 supradictis
1343 2327 1460 2357 litteris
1490 2326 1529 2357 ad
1554 2327 1657 2367 ipsum
1678 2325 1828 2356 abbatem
1850 2324 1985 2355 directis
2002 2326 2034 2355 et
2049 2335 2122 2365 pro-

1103 2370 1105 2398 Ἰ
1129 2383 1276 2415 cessibus
1305 2383 1424 2414 habitis
1454 2393 1512 2424 per
1535 2382 1680 2420 easdem,
1703 2382 1789 2413 dicto
1812 2381 1909 2422 priori
1936 2381 2034 2422 juxta
2056 2381 2122 2411 for-

86 2335 120 2363 et
136 2333 262 2364 litteras
279 2333 414 2364 cedendi
426 2334 589 2364 licentiam
607 2333 821 2374 postulasset,
838 2344 895 2364 nos
912 2334 1079 2365 intellecto

85 2389 166 2429 quod
182 2389 266 2420 idem
286 2389 542 2430 compellebatur
563 2389 601 2421 ad
617 2391 678 2421 hoc
704 2401 761 2431 per
781 2391 958 2432 potentiam
979 2390 1078 2421 laica-

86 2445 161 2483 lem,
185 2456 254 2476 eam
272 2445 328 2476 sibi
343 2446 470 2487 penitus
491 2446 705 2488 denegantes,
729 2449 823 2488 prout
842 2447 871 2477 iu
888 2446 1077 2486 quibusdam

86 2502 205 2535 nostris
228 2502 345 2533 litteris
367 2502 485 2533 dilecto
510 2502 600 2534 filio..
631 2503 756 2534 cantori
784 2503 1008 2534 Salamantiuo
1029 2502 1077 2533 di-

84 2558 185 2589 rectis
211 2558 337 2599 plenius
356 2559 553 2597 continetur,
572 2559 662 2590 vobis
684 2570 740 2601 por
756 2560 837 2590 alias
855 2560 983 2590 litteras
1004 2569 1077 2590 nos-

82 2783 164 2814 alias
193 2783 348 2814 litteras..
374 2784 482 2815 abbati
508 2784 548 2815 de
568 2784 749 2819 Alcobatia,
773 2784 1000 2816 Cisterciensis
1025 2795 1074 2815 or-

81 2839 177 2874 dinis,
196 2839 426 2871 Ulixbonensis
442 2840 595 2874 diocesis.
612 2841 851 2882 adpetitionem
873 2841 973 2881 ipsius
992 2841 1073 2882 prio·
1097 2882 1099 2886 Ι

82 2895 140 2933 ris,
161 2897 194 2925 ut
214 2896 318 2936 prima
339 2896 422 2927 facie
443 2896 624 2935 videbatur,
649 2897 810 2928 direxisse
831 2896 968 2927 dicimur
987 2897 1074 2927 inter
1097 2899 1098 2925 J
1123 2901 1232 2927 dictum
1262 2898 1432 2924 mandatum
1459 2898 1563 2931 exequi
1598 2897 1693 2923 faciat.
1715 2897 1792 2925 illac..
1820 2899 1862 2925 25„
1878 2905 1902 2922 a.
1930 2896 1975 2926 ΙΙΙ,
2000 2904 2023 2920 c.
2042 2895 2115 2925 706²,

81 2952 192 2981 cetera
215 2952 433 2989 continentes,
458 2955 490 2983 ut
515 2963 586 2983 (tum
608 2953 690 2984 idem
717 2953 803 2994 prior
829 2956 962 2994 paratus
984 2956 1072 2984 esset

82 3006 213 3044 cedere,
233 3007 314 3039 sicut
337 3009 367 3039 in
389 3009 508 3040 litteris
533 3010 611 3051 ipsis
632 3008 773 3050 fingebat
808 3010 1000 3050 impetrator
1019 3019 1071 3040 ea-

2073 333 2137 362 711

1124 387 1231 445 irum,
1263 401 1369 432 dictus
1399 403 1497 434 abbas
1534 407 1713 437 cessionem
1748 409 1847 449 ipsius
1874 411 2038 451 reciperet
2072 413 2143 443 vice

1124 446 1126 474 Ι

1151 459 1263 487 nostra
1284 458 1322 495 si,
1353 459 1568 490 consideratis
1589 463 1840 495 circumstantiis
1859 467 2030 506 universis,
2054 467 2143 499 vide—

1124 522 1126 550 ς
1150 514 1201 543 ret
1221 514 1281 554 ipsi
1299 516 1494 546 monasterio
1515 518 1688 557 expe‹lire;
1710 521 1970 553 ‹·‹‘›ntradi‹:tores
1992 528 2056 554 etc.
2077 524 2139 555 Sed

1124 629 1125 659 l

1123 662 1125 701 l

1123 704 1125 726 ι

1150 568 1232 599 idem
1270 570 1367 601 abbas
1393 571 1433 602 ad
1464 575 1694 605 monasterium
1723 577 1822 616 ipsum
1853 580 1994 609 accessit
2025 582 2058 611 et
2078 590 2139 611 non

1149 634 1287 664 sequens
1316 626 1471 667 judicium
1498 629 1646 667 rationis,
1681 631 1769 663 (licto
1790 634 1887 673 priori
1910 636 2085 674 mandavit,
2105 639 2138 667 ut

1149 682 1355 713 commissum
1378 684 1437 715 sibi
1452 687 1680 717 monasterium
1704 688 1808 719 insuis
1826 691 1974 722 manibus
1992 693 2138 733 resigna-

1150 740 1211 774 ret,
1230 741 1260 768 et
1276 740 1348 778 quia
1358 741 1526 782 prioripse
1544 742 1722 783 prudenter
1737 746 1922 784 attendens,
1936 748 2060 787 quodid
2079 750 2138 779 uti-

1123 818 1124 824 ,
1149 793 1232 824 litati
1266 795 1409 836 ejusdem
1450 799 1639 829 monasterii
1676 810 1735 830 uon
1765 803 1958 842 expediebat
1988 815 2045 834 nec
2065 805 2135 844 sibi,

1149 851 1294 891 quodque
1315 852 1345 882 iu
1360 858 1541 893 copropter
1554 855 1707 886 malitiam
1723 857 1899 897 aliquorum
1920 861 2138 892 amministra*

1122 919 1124 942 ς
1148 907 1269 938 tionem
1291 908 1423 940 liberam
1457 921 1516 940 non
1543 911 1693 946 habebat,
1717 914 1746 943 oi
1769 913 1899 945 obedire
1924 916 2025 946 noluit
2052 917 2136 947 sicut

101 954 230 992 integre
248 953 456 982 revertantur
479 950 518 981 ad
544 961 686 981 mensam
708 950 887 991 predictam
910 954 942 980 et
963 950 993 980 iu
1011 950 1096 991 ejus·
1121 955 1123 986 j

1148 974 1206 995 uec
1227 964 1338 995 debuit
1366 966 1397 996 in
1423 966 1482 997 hac
1511 969 1615 1008 parte,
1646 968 1751 999 dictus
1782 970 1880 1001 abbas
1912 972 1998 1012 cepit
2024 976 2136 1004 contra

1146 1021 1249 1061 ipsum
1271 1022 1448 1062 inquirere,
1477 1033 1513 1054 ac
1536 1024 1738 1065 postmodnm
1765 1027 1795 1056 in
1828 1027 1964 1057 eundem
1994 1029 2133 1068 priorem

1146 1080 1179 1107 et
1193 1087 1303 1109 omnes
1324 1079 1513 1111 obedientes
1539 1081 1642 1112 eidem
1664 1082 1703 1112 de
1721 1083 1806 1113 sacto
1827 1085 2134 1115 excommunicatio-

1118 1158 1119 1165 1
1145 1135 1191 1166 nis
1208 1138 1405 1167 senteutiam
1420 1137 1703 1170 fulminavit.Cum
1721 1139 2135 1179 igiturintentionisnostre

1116 1206 1119 1235 4ε
1144 1203 1204 1223 non
1221 1193 1331 1231 fuerit,
1352 1197 1450 1235 utper
1471 1194 1550 1225 tales
1567 1194 1697 1225 litteras
1718 1195 1799 1226 idom
1820 1196 1907 1236 prior
1925 1197 2134 1238 compellere-

1143 1251 1195 1280 tur
1215 1250 1320 1290 aliquo
1337 1250 1429 1281 modo
1445 1251 1484 1281 ad
1505 1251 1698 1286 cedendum,
1713 1252 1883 1293 dictusque
1902 1253 2001 1283 abbas
2019 1264 2133 1294 proce-

1141 1307 1235 1337 deret
1251 1307 1363 1337 taliter
1382 1310 1495 1338 contra
1515 1309 1629 1349 ipsum,
1657 1319 1714 1338 nos
1745 1308 1892 1339 volentes
1911 1309 2013 1340 eidem
2035 1310 2132 1350 priori

119 1403 122 1406 Α
200 1403 204 1406 ²
339 1403 343 1406 -
520 1402 546 1405 ..
660 1402 663 1405 Ι
710 1402 713 1405 Ι
741 1401 744 1405 Α
1000 1400 1004 1404 ἡ
1114 1362 1116 1378 ³
1140 1366 1172 1393 et
1194 1364 1403 1401 monasterio,
1431 1366 1541 1405 utpote
1563 1364 1653 1395 nobis
1672 1365 1858 1396 immediate
1882 1365 2052 1406 subjectis,
2072 1367 2132 1396 uti-

95 1402 264 1428 T¹b¹¹¹t¹¹¹²³e
281 1402 441 1436 capitulum
464 1402 602 1428 bas'hcass
620 1402 763 1435 Ps¹¹¹¹³¹p¹s
777 1400 1087 1435 Aposmmrummdu‘
1113 1409 1115 1435 s
1139 1419 1214 1450 liter
1234 1420 1418 1460 providere,
1448 1424 1627 1452 memorato
1653 1422 1779 1452 cantori
1799 1422 1920 1452 nostris
1935 1422 2048 1453 damus
2080 1422 2134 1453 lit—

1112 1503 1113 1520 ,
1139 1476 1217 1506 teris
1233 1477 1263 1506 iu
1286 1476 1456 1515 mandatis,
1469 1479 1514 1513 ut,
1539 1478 1563 1507 si
1581 1478 1765 1508 constiterit
1781 1477 1839 1508 sibi
1851 1478 1890 1509 de
1903 1479 1997 1519 plano
2016 1480 2048 1509 et
2063 1478 2132 1509 siue

1111 1524 1246 1573 ³judicii
1280 1533 1419 1574 strepitu
1449 1533 1595 1564 abbatem
1636 1534 1739 1574 ipsum
1773 1534 1883 1565 taliter
1912 1535 2129 1575 processisse,

138 1597 151 1611 u
181 1608 200 1613 ..
226 1581 381 1625 Philippo
400 1581 561 1612 canonico
574 1579 839 1612 ecclesieSancte
855 1578 963 1610 Marte
974 1578 1085 1620 Majo-
1110 1595 1112 1612 ι

1138 1589 1302 1629 predictas
1334 1589 1464 1620 litteras
1494 1592 1527 1620 et
1558 1600 1731 1630 processus
1764 1600 1820 1631 per
1848 1601 1905 1621 eas
1939 1591 2066 1621 habitos
2097 1594 2132 1622 et

1136 1645 1285 1686 quicquid
1314 1656 1354 1677 ex
1381 1647 1429 1677 eis
1457 1648 1603 1678 secutum
1629 1649 1680 1677 est
1704 1647 1755 1678 vel
1779 1647 1818 1677 ob
1848 1657 1903 1678 eas
1934 1648 2129 1678 auctoritate

1109 1733 1110 1742 ,
1137 1704 1248 1733 nostra
1262 1704 1397 1734 revocet
1419 1706 1453 1734 et
1471 1703 1645 1734 decernat¹
1667 1714 1838 1744 processus
1864 1703 2047 1744 hujusmodi
2066 1713 2125 1734 nou

1109 1748 1110 1767 ³
1136 1763 1260 1793 tenere,
1291 1760 1415 1790 faciens
1436 1760 1539 1790 eidem
1562 1760 1658 1801 priori
1680 1771 1697 1790 a
1719 1759 1821 1798 vobis,
1850 1770 1929 1800 quos
1947 1760 1986 1790 ad
2010 1760 2042 1790 id
2059 1770 2126 1790 mo-

1109 1815 1110 1824 *
1137 1817 1244 1846 unisse
1264 1815 1394 1855 dicitur,
1410 1826 1468 1858 per
1485 1827 1519 1848 se
1541 1817 1592 1847 vel
1613 1827 1672 1857 per
1691 1817 1800 1855 alium,
1820 1817 1988 1857 premissis
2008 1826 2130 1857 nequa-

1135 1883 1227 1913 quam
1249 1872 1624 1910 obstantibus,exhiberi
1639 1873 1897 1904 obedientiamet
1908 1873 2125 1904 reverentiam

1134 1929 1273 1960 debitam
1292 1931 1325 1960 et
1345 1929 1508 1960 devotam.
1529 1929 1794 1961 Contradictores
1811 1932 1875 1960 etc.
1892 1930 1961 1960 Non
1974 1929 2126 1960 obstante

1135 1986 1160 2016 si
1172 1985 1329 2026 aliquibus
1342 1996 1358 2016 a
1373 1986 1456 2017 Sede
1466 1985 1653 2026 Apostolica
1667 1986 1708 2016 sit
1722 1986 1890 2022 indultum,
1903 1985 1983 2026 quod
1994 1995 2125 2016 excom-

1134 2042 1301 2079 municari,
1329 2042 1494 2083 suspendi,
1522 2042 1574 2073 vel
1599 2042 1750 2073 interdici
1784 2052 1840 2083 per
1878 2042 2007 2073 litteras
2032 2041 2123 2072 Sedis

1132 2099 1278 2141 ejusdem
1301 2110 1361 2130 nou
1374 2100 1510 2140 possint,
1529 2110 1589 2140 que
1606 2099 1645 2130 de
1658 2098 1779 2129 indulto
1796 2099 1980 2139 hujusmodi
1995 2099 2123 2139 plenam

1133 2159 1166 2187 et
1179 2166 1372 2197 expressam
1395 2166 1455 2187 non
1476 2156 1617 2187 fecerint
1630 2156 1822 2186 mentionem
1841 2158 1873 2186 et
1889 2155 2124 2186 constitutione

1132 2271 1454 2301 uuiversitativestre
1464 2269 1664 2307 mandamus,
1677 2269 1838 2310 quatinus,
1850 2279 1911 2299 non
1920 2267 2122 2299 obstantibus

1130 2450 1212 2471 mam
1233 2439 1414 2481 hujusmodi
1441 2439 1582 2470 mandati
1603 2438 1774 2480 apostolici
1799 2437 1931 2469 obedire
1954 2448 1990 2468 ac
2012 2437 2122 2468 inten-

1102 2509 1103 2512 ’
1128 2497 1206 2527 dere
1228 2498 1388 2537 tamquam
1412 2495 1552 2526 membra
1573 2496 1670 2536 capiti
1694 2495 1887 2536 procuretis,
1911 2494 1955 2524 ita
1974 2493 2056 2534 quod
2081 2493 2118 2524 ad

1127 2554 1156 2584 id
1178 2563 1235 2594 per
1253 2552 1473 2594 supradictum
1490 2554 1771 2592 cantorem,prout
1795 2551 1826 2581 in
1847 2549 2120 2581 mandatishabet

84 2617 152 2645 tras
174 2614 385 2655 injunximus,
405 2619 439 2646 ut
459 2615 563 2646 eidem
575 2616 673 2657 priori
694 2616 922 2647 nichilominus
943 2615 1076 2646 debere-
1100 2612 1102 2652 Ξ
1127 2621 1145 2641 a
1166 2610 1340 2647 ¹1⁴)biS‚110¹¹
1362 2609 1404 2640 Sit
1429 2609 1646 2639 sseCOSSffl'iUffl
1667 2618 1723 2637 VOS
1745 2606 1904 2647 COfflPelli·
1925 2607 2040 2636 Datflffl
2062 2606 2117 2636 ν]-

86 2670 126 2701 tis
142 2670 358 2702 obedientiam
377 2673 410 2702 et
424 2672 644 2703 reverentiam
654 2672 822 2707 exhibere,
839 2672 926 2703 dicto
941 2675 1075 2703 cantore
1100 2666 1101 2696 ἶ
1126 2666 1232 2699 terbil-
1257 2666 1335 2697 ΧῘῘῙ
1355 2664 1510 2696 kalendas
1527 2664 1721 2700 ¹¹0V0=¹¹¹¹>1¹iS=
1745 2673 1827 2693 ²1¹¹1¹0
1847 2663 1959 2693 ssssftiO·
1988 2676 2000 2689 '¹

84 2726 142 2757 sibi
167 2737 264 2768 super
294 2727 354 2758 hoe
388 2730 566 2759 executore
598 2739 767 2759 concesse.
799 2728 961 2764 Quasdam
999 2739 1100 2759 vero*

1196 2762 1296 2788 2305
1597 2761 1720 2789 Viterbe,
1747 2762 1770 2785 11
1791 2759 1951 2785 novembre
1968 2760 2045 2784 1257,

1159 2851 1275 2877 Cantori
1294 2850 1510 2877 Salamantinae
1543 2849 1684 2875 ecclesiae
1706 2849 1833 2879 mandat,
1852 2851 1997 2882 quatenus
2013 2854 2117 2880 supra—

1124 2948 1142 2974 s.
1159 2948 1227 2974 93‘.',=

1154 3021 1175 3043 1.
1194 3019 1241 3042 ΜΒ.
1263 3026 1266 3041 ;
1283 3018 1419 3042 decernas.
