2477 3512
958 290 1230 337 CINQUIEME
1255 291 1422 329 ANNEE
2206 302 2245 334 15

175 420 187 435 «
230 432 249 438 ..
291 406 415 438 decano
455 404 588 438 ecclesie
631 403 843 440 Talellensis,
890 404 1135 444 Tyrasonensis

132 459 284 491 diocesis
320 459 407 491 Cum
439 458 474 490 in
507 458 723 500 prelatorum
755 475 810 488 —.
845 456 929 487 Dat.
963 456 1133 497 Anagnie,

131 513 160 543 V
183 512 262 544 idus
284 511 462 548 februarii,
487 520 580 542 anno
604 510 740 552 quinto.
766 522 777 538 n

208 670 291 696 2821
631 667 765 701 Anagni,
788 667 806 693 9
828 666 942 693 ievrier
965 666 1051 692 1259.

168 723 289 750 Abbati
331 721 512 749 monasterii
555 720 783 747 Arremarensis
826 719 936 746 eadem
979 718 1131 745 concedit.

126 767 225 801 (Risu.
246 767 295 799 25,
314 767 336 793 t'.
356 766 424 797 194,
444 773 494 792 an.
513 765 551 796 V,
571 772 596 791 c.
616 764 679 797 52.)

172 868 184 883 «
231 880 250 887 ..
298 854 413 886 abbati
459 852 656 885 monasterii
704 851 955 887 Aremarensis,
1002 850 1132 882 ordinis

127 908 243 940 Sancti
288 906 473 943 Benedicti,
524 905 717 937 Trescensis
764 904 918 936 diocesis.
965 904 1051 935 Cum
1098 904 1131 934 in

122 961 341 1003 prelatorum
366 979 421 991 —.
450 959 533 990 Dat.
563 961 602 990 ut
629 958 663 989 in
692 957 771 989 alia.
800 971 812 986 >¹

202 1119 292 1145 2822
625 1117 758 1150 Anagni‚
782 1116 799 1143 9
822 1116 936 1142 sevrier
960 1116 1046 1142 1259.

160 1172 259 1199 Priori
283 1171 447 1205 hospitalis
474 1170 626 1197 Rossidae
654 1170 762 1201 Vallis,
789 1169 1038 1202 Pampilonensis
1065 1169 1128 1194 dio-

120 1216 208 1248 cesis,
231 1216 341 1243 eadem
363 1215 516 1242 concedit.
541 1215 638 1248 (Rea.
662 1214 711 1246 25,
734 1214 754 1240 f.
782 1213 848 1245 194,
886 1221 936 1239 an.
960 1213 997 1245 V,
1020 1220 1044 1239 c.
1069 1213 1130 1245 53.)

167 1318 179 1333 «
220 1330 239 1337 ..
279 1304 389 1347 priori
428 1303 608 1346 hospitalis
649 1303 792 1335 Rosside
838 1301 956 1339 vullis,
999 1301 1129 1333 ordinis

123 1357 239 1390 Sancti
280 1357 483 1399 Augustini,
525 1355 808 1398 Pampilonensis
847 1355 1000 1387 diocesis.
1043 1355 1127 1386 (lum

122 1411 156 1442 in
180 1410 397 1453 prelatorum
420 1413 487 1442 etc.
514 1419 622 1451 usque
646 1409 680 1440 in
705 1409 824 1440 finem.
850 1422 862 1436 »

200 1572 290 1599 2823
624 1571 758 1605 Anagni,
782 1571 798 1597 9
822 1570 934 1597 sevrier
957 1570 1045 1597 1259.

163 1625 262 1652 Priori
276 1627 308 1652 et
323 1625 493 1652 conventui
509 1625 537 1652 S.
555 1625 671 1651 Mariae
687 1625 724 1651 de
740 1623 919 1657 Virginibus
936 1624 973 1650 de
989 1623 1127 1650 Venetiis

122 1670 264 1704 indulget
286 1671 323 1696 ut
345 1670 383 1696 de
406 1669 596 1703 quibusdam
619 1669 708 1695 bonis
733 1668 922 1695 monasterio
946 1667 1128 1701 pervenien-

119 1713 216 1746 tibus,
236 1713 381 1748 episcopo
401 1713 578 1740 Castellano
599 1713 754 1740 decimam
773 1714 960 1739 cousuetam
981 1712 1127 1738 exhibere

118 1758 249 1785 minime
266 1759 444 1785 teneantur.
464 1758 561 1791 (Rau.
581 1757 630 1789 25,
647 1758 669 1784 f.
690 1757 758 1789 194,
777 1764 827 1784 an.
847 1757 885 1789 V,
903 1764 928 1783 c.
949 1756 1010 1789 54.)

166 1861 179 1877 «
206 1873 226 1880 ..
251 1848 361 1890 priori
387 1850 415 1879 el
440 1848 616 1880 conventui
642 1847 839 1879 monasterii
866 1847 987 1879 Sancte
1012 1846 1128 1878 Marie

121 1901 160 1933 de
194 1901 400 1943 Virqinibus
429 1901 467 1933 de
501 1901 660 1938 Veneliis,
691 1900 824 1932 ordinis
854 1899 971 1932 Sancti
1000 1899 1127 1936 Marci,

120 1954 164 1986 ad
196 1954 389 1986 Romanam
423 1953 611 1986 Ecclesiam
645 1953 739 1985 nullo
773 1953 881 1984 medio
914 1952 1128 1994 pertinentis.

121 2007 264 2047 Quanto
291 2007 490 2039 devotionis
516 2007 634 2038 divine
659 2025 714 2038 ——.
742 2006 832 2038 Sane
858 2005 983 2047 petitio
1010 2008 1127 2037 vestra

119 2059 220 2092 nobis
253 2059 412 2092 exhibita
446 2059 654 2091 continebat
680 2059 813 2101 quod...
839 2058 1023 2100 episcopus
1049 2059 1129 2090 Cas-

118 2112 272 2145 tellanus
304 2113 365 2155 qui
396 2115 450 2144 est
481 2123 545 2154 pro
577 2114 747 2154 tempore,
782 2111 956 2143 decimam
989 2114 1127 2153 partem

118 2165 277 2198 omnium
312 2165 486 2197 bonorum
522 2165 712 2206 cujuslibet
745 2165 832 2196 civis
866 2164 995 2196 Veneti
1031 2165 1129 2196 dece-

119 2218 236 2250 dentis
258 2218 324 2250 sibi
346 2219 389 2250 de
412 2218 560 2260 antiqua
582 2218 838 2250 consuetudine
861 2217 980 2249 deberi
1002 2227 1128 2259 propo-

119 2281 216 2308 nens,
248 2271 276 2303 si
307 2272 450 2313 quando
481 2271 657 2312 contingit
688 2270 842 2312 aliquem
873 2270 986 2302 civem
1018 2270 1128 2302 Vene-

118 2326 197 2356 tum
230 2333 311 2356 cum
346 2324 446 2356 bonis
480 2324 553 2356 suis
588 2324 631 2355 ad
666 2323 921 2355 monasterium
955 2326 1125 2360 vestrum,

118 2375 248 2409 relictis
284 2377 390 2409 seculi
424 2377 659 2413 vanitatibus,
697 2376 895 2413 convolare,
933 2376 1048 2418 ipsum
1084 2387 1126 2408 ex

119 2429 184 2461 hoc
212 2439 369 2461 asserens
395 2440 468 2461 esse
496 2433 688 2465 mortuum,
717 2430 890 2461 dei-imam
919 2432 1056 2471 partem
1084 2430 1125 2461 de

117 2482 218 2514 bonis
253 2482 346 2524 ipsis,
383 2483 568 2514 occasione
604 2483 758 2524 predicte
794 2483 1069 2518 consuetudinis,
1106 2492 1124 2514 a

119 2535 220 2567 vobis
246 2535 355 2577 exigit
382 2538 417 2567 et
444 2538 645 2577 extorquet.
675 2535 789 2575 Quare
818 2535 919 2567 nobis
946 2535 1125 2566 humiliter

116 2587 342 2630 supplicastis
372 2591 410 2619 ut
436 2598 541 2630 super
569 2589 631 2620 lioc
669 2588 851 2630 providere
889 2589 988 2619 vobis
1024 2598 1125 2630 opor-

116 2643 203 2672 tuno
233 2641 387 2673 remedio
417 2641 691 2673 misericorditer
720 2651 931 2673 curaremus.
963 2641 1035 2672 Nos
1064 2641 1124 2681 igi-

116 2696 175 2725 tur
199 2693 326 2725 vestris
350 2693 670 2736 supplicationibus
695 2694 864 2731 inclinati,
893 2697 931 2725 ut
956 2694 998 2725 de
1023 2694 1122 2725 bonis

115 2755 184 2788 que
222 2747 266 2778 ad
307 2747 562 2778 monasterium
601 2749 760 2778 vestrum
800 2746 920 2779 taliter
959 2747 1121 2778 devenire

115 2798 301 2840 contingit,
324 2799 477 2831 decimas
497 2800 565 2841 ipsi
585 2799 760 2841 episcopo,
780 2802 944 2841 pretextu
966 2800 1121 2841 predicte

117 2852 381 2883 consuetudinis
417 2853 580 2884 exhibere
617 2853 759 2884 minime
797 2853 985 2884 teneamini
1020 2853 1121 2884 vobis

115 2904 330 2936 auctoritate
361 2905 578 2946 presentium
611 2905 842 2946 indulgemus.
876 2904 969 2936 Nulli
1003 2908 1120 2937 nostre

116 2957 348 2989 concessionis
375 2960 442 2989 etc.
472 2958 554 2989 Dat.
582 2958 751 2998 Anagnie,
781 2958 809 2990 V
837 2958 914 2989 idus
942 2958 1119 2995 februarii,

115 3019 207 3041 anno
231 3010 367 3051 quinto.
392 3024 404 3039 »

1323 403 1413 429 2824
1723 405 1856 438 Anagni‚
1881 406 1914 431 11
1940 407 2052 433 sevrier
2075 409 2160 435 1239.

1282 456 1524 483 Promissionem
1545 457 1667 488 Jacobi,
1688 457 1869 491 Aragonum
1890 459 1978 492 regis,
1999 461 2029 485 et
2052 460 2145 492 Petri,
2173 463 2240 489 nati

1241 499 1318 533 ejus,
1354 500 1476 527 comitis
1510 501 1782 533 Barchinonensis,
1818 509 1881 535 qua
1915 510 1945 529 se
1981 504 2169 536 obligarunt,
2205 506 2242 532 de

1241 551 1392 571 consensu
1421 545 1575 571 baronum
1602 547 1633 571 et
1660 545 1758 571 totius
1785 546 1893 579 populi
1920 546 2132 579 Cathaloniac,
2160 550 2243 582 quod

1240 588 1299 621 ipsi
1320 596 1356 615 ac
1376 589 1504 615 heredes
1526 597 1633 615 eorum
1655 591 1826 621 monetam,
1858 597 1953 623 quarn
1981 592 2058 617 tunc
2086 592 2243 619 faciebant

1240 634 1271 658 et
1297 632 1369 659 cudi
1394 632 1525 664 faciunt,
1553 641 1615 659 non
1642 633 1814 660 mutabunt
1840 634 1871 659 in
1897 637 2106 667 perpetrmun,
2133 637 2244 662 confir-

1240 679 1316 702 mat.
1340 677 1436 709 (Dm.
1459 677 1508 708 25,
1530 677 1550 703 f.
1576 677 1642 708 194,
1665 685 1714 703 an.
1738 677 1775 709 V,
1797 685 1822 704 c.
1847 678 1906 709 55;
1930 678 2102 705 Por‘rrmsr
2125 680 2245 713 17473.)

1287 795 1297 809 «
1313 782 1368 813 Asi
1380 783 1579 823 perpetuam
1595 782 1642 813 rei
1657 783 1864 814 memoriam.
1878 782 2022 815 Habent
2036 784 2070 815 in
2088 785 2243 817 nobis<

1243 835 1325 866 Dat.
1354 834 1523 875 Anagnie,
1557 835 1609 865 III
1639 835 1715 866 idus
1743 835 1919 872 februarii,
1949 846 2041 868 anno
2070 838 2204 878 quinto.
2235 852 2245 866 υ

1319 1009 1411 1035 2825
1724 1011 1858 1045 Anagni,
1882 1012 1918 1038 14
1941 1013 2054 1039 sevrier
2077 1014 2163 1040 1259.

1280 1062 1419 1089 Johanni
1445 1063 1529 1090 dicto
1557 1063 1674 1097 Noyze,
1702 1064 1851 1091 canonico
1879 1065 2020 1097 Metensi,
2048 1067 2179 1093 mandat
2206 1069 2241 1093 ut

1241 1106 1388 1139 Gerardo,
1417 1107 1536 1139 clerico,
1565 1113 1712 1140 germano
1740 1109 1876 1135 cantoris
1904 1110 2049 1136 ecclcsiae
2078 1110 2106 1137 S.
2136 1111 2242 1137 Salva-

1239 1150 1315 1177 toris
1339 1151 1496 1183 Metensis,
1521 1151 1574 1185 qui
1596 1153 1737 1185 tempore
1765 1153 1938 1179 Innocentii
1964 1153 2006 1179 IV
2028 1154 2059 1180 in
2081 1155 2242 1188 praedicta

1239 1195 1367 1221 ecclesia
1384 1196 1526 1229 receptus
1544 1197 1611 1222 erat
1626 1196 1658 1222 in
1675 1196 1871 1228 canonicum,
1889 1198 1926 1224 de
1944 1197 2049 1231 aliqua
2065 1199 2243 1232 praebenda

1239 1239 1417 1272 provideat,
1450 1247 1512 1266 non
1544 1240 1692 1266 obstante
1725 1241 1950 1268 constitutione
1982 1242 2054 1268 inde
2087 1243 2239 1269 coniecta.

1238 1283 1323 1309 Rea.
1345 1283 1394 1315 25,
1414 1283 1434 1310 f.
1457 1283 1524 1315 194,
1544 1291 1593 1310 an.
1614 1283 1652 1315 V,
1672 1292 1697 1311 c.
1718 1285 1779 1317 56.)

1285 1393 1296 1407 u
1317 1380 1473 1411 Jolianni
1494 1381 1579 1412 dicio
1601 1381 1726 1422 Noyze,
1748 1381 1911 1412 canonico
1932 1382 2091 1413 Melensi.
2115 1383 2244 1414 Petitio

1238 1432 1355 1464 dilecti
1387 1432 1451 1464 filii
1483 1452 1537 1464 -—.
1571 1433 1655 1465 Dat.
1688 1434 1857 1475 Anagnie,
1891 1434 1978 1466 XVI
2011 1434 2080 1466 kal.
2114 1436 2242 1472 martii,

1237 1495 1329 1517 anno
1360 1485 1497 1527 quinto.
1529 1499 1541 1515 i)

1318 1667 1407 1693 2828
1722 1668 1855 1701 Anagni,
1880 1668 1913 1695 11
1938 1668 2051 1695 fevrier
2075 1669 2160 1696 1259.

1277 1720 1386 1747 Electo
1413 1720 1565 1747 Toletano
1592 1721 1724 1747 mandat
1751 1723 1786 1747 ut
1813 1721 1962 1755 magistro
1990 1722 2088 1756 Lupo,
2116 1722 2249 1749 thesau-

1235 1764 1315 1791 rario
1343 1765 1506 1797 Toletano,
1533 1764 1691 1798 dispenset
1719 1765 1813 1799 quod,
1841 1773 1903 1792 non
1931 1767 2078 1793 obstante
2106 1767 2245 1793 defectu-

1236 1809 1391 1835 natalium
1409 1816 1502 1842 quem
1519 1809 1651 1843 patitur,
1669 1809 1707 1836 de
1724 1809 1813 1843 Lupo
1832 1810 1943 1836 Didaci
1961 1811 2057 1837 nobili
2074 1811 2243 1844 conjugato

1236 1853 1359 1886 genitus
1378 1855 1409 1880 et
1428 1853 1542 1885 soluta,
1562 1853 1705 1880 eamdem
1724 1854 1953 1880 thesaurariam
1972 1862 2156 1881 conservare
2174 1863 2244 1882 nec-

1235 1904 1299 1924 non
1322 1897 1500 1931 promoveri
1524 1897 1564 1924 ad
1587 1897 1711 1924 ordines
1735 1898 1784 1924 vel
1808 1898 1997 1924 beneficium
2021 1906 2074 1925 seu
2098 1907 2244 1933 persona-

1235 1943 1305 1968 tum
1341 1943 1397 1968 aut
1432 1941 1619 1975 dignitatem
1655 1941 1908 1974 ecclesiasticam,
1944 1942 2040 1969 etiam
2075 1943 2099 1969 si
2134 1951 2241 1970 curam

1236 1986 1413 2012 animarum
1452 1985 1580 2017 habeat,
1620 1986 1761 2012 obtinere
1800 1987 1911 2020 possit,
1951 1987 2123 2013 secundum
2148 1987 2242 2014 Inno-

1235 2030 1330 2057 centii
1362 2029 1404 2056 IV
1432 2030 1611 2056 litterarum
1640 2030 1881 2057 continentiam.
1913 2031 2009 2064 (Bao.
2041 2031 2089 2063 25,
2119 2031 2141 2057 f.
2174 2032 2241 2063 194,

1237 2082 1288 2101 an.
1308 2074 1346 2106 V,
1365 2081 1391 2101 c.
1411 2074 1473 2107 57.)

1283 2188 1295 2203 «
1322 2201 1341 2207 ..
1367 2175 1462 2208 electo
1491 2175 1661 2208 Toletano.
1691 2176 1851 2209 Dilectus
1877 2177 1972 2208 filius
1997 2177 2164 2218 magister
2187 2195 2241 2207 —.

1239 2228 1322 2260 Dat.
1351 2229 1520 2270 Anagnie,
1552 2229 1606 2260 ΙΙΙ
1634 2230 1712 2261 idus
1739 2230 1918 2266 februarii,
1947 2240 2039 2261 anno
2067 2230 2202 2271 quinto.
2232 2242 2244 2258 »

1315 2428 1404 2455 2827
1719 2429 1854 2463 Anagni,
1879 2429 1915 2456 19
1937 2429 2050 2456 fevrier
2074 2429 2161 2456 1259.

1273 2482 1407 2514 Triconi,
1433 2482 1525 2509 militi
1552 2482 1766 2509 Roskildensis
1793 2482 1933 2514 diocesis,
1960 2483 2121 2516 dispensat
2148 2484 2184 2508 ut
2209 2481 2240 2508 in

1232 2526 1433 2553 matrimonio
1466 2534 1537 2553 cum
1571 2527 1709 2553 Gunnild
1742 2529 1905 2553 contracto
1938 2534 2096 2554 remanere
2130 2526 2238 2559 possit,

1231 2577 1293 2597 non
1313 2571 1461 2597 obstante
1481 2571 1566 2605 quod
1586 2571 1748 2605 quondam
1768 2571 1913 2602 Cristina,
1933 2579 2013 2598 uxor
2034 2578 2100 2602 sua,
2121 2571 2239 2597 dictam

1232 2614 1370 2641 Gunnild
1398 2622 1436 2641 ex
1463 2622 1526 2642 una
1553 2617 1643 2649 parte
1670 2615 1776 2647 tertia,
1805 2617 1836 2642 et
1864 2623 1902 2641 ex
1929 2615 1990 2642 alia
2019 2616 2132 2648 quarta
2159 2614 2240 2640 linea

1230 2659 1513 2691 consanguinitatis
1532 2659 1737 2693 contingeret.
1759 2659 1856 2692 (REG.
1877 2660 1926 2691 25,
1946 2659 1967 2686 f.
1990 2659 2046 2686 194
2067 2662 2112 2690 v0,
2133 2666 2181 2685 an.
2203 2657 2240 2689 V,

1231 2710 1257 2729 c.
1284 2703 1346 2738 58.)

1274 2811 1286 2827 κ
1320 2798 1457 2831 Triconi
1488 2799 1574 2831 dicto
1607 2800 1750 2836 Pr..st1,
1802 2799 2035 2832 Roslcildensis
2087 2798 2240 2836 diocesis,

1229 2851 1306 2883 Etsi
1331 2851 1537 2893 conjunctio
1563 2853 1686 2894 copule
1698 2872 1754 2885 —.
1783 2854 1866 2884 Dat.
1894 2853 2062 2894 Anagnie,
2091 2852 2142 2883 XI
2168 2851 2237 2883 kal.

1228 2904 1362 2941 martii,
1391 2914 1484 2937 anno
1513 2905 1649 2947 quinto.
1678 2919 1690 2935 »

1262 3025 1285 3045 1.
1303 3024 1338 3045 Le
1350 3024 1434 3046 millen
1446 3023 1480 3045 du
1493 3025 1547 3045 mot
1559 3025 1597 3045 est
1609 3023 1685 3045 cache
1698 3030 1743 3050 par
1755 3024 1778 3044 ln
1791 3024 1887 3044 tenure.
