2477 3512
970 284 1199 323 TRoisOEME
1223 291 1279 322 AN
1286 283 1369 321 ΝΕΕ

164 362 262 399 ‘ralis
277 361 333 392 abs
350 360 486 390 tinentie
499 359 634 390 nexibus
652 358 825 399 religatum
850 359 1058 390 observantie
1075 360 1163 400 puri·
1187 360 1189 396 l

164 420 235 460 tate
263 416 399 457 fulgeat
424 416 585 457 regularis
605 418 638 446 et
662 415 839 446 voluntatis
860 415 985 446 libitum
1014 418 1163 446 coartans
1188 432 1189 437 =

2136 291 2198 322 747

1264 372 1279 387 «
1302 383 1323 388 ..
1341 356 1453 388 abbati
1471 363 1502 388 el
1519 356 1697 388 conventui
1716 356 1857 399 Majoris
1879 356 2076 388 monasterii
2099 357 2199 388 Turo-

1218 413 1330 446 nensis
1352 412 1398 444 ad
1423 414 1607 444 Romanam
1624 412 1809 444 Ecclesiam
1833 412 1927 444 nullo
1957 412 2067 444 medio
2094 412 2198 455 perti—

161 474 303 506 omnino
325 472 383 503 sub
404 472 587 503 obedientie
603 470 847 512 debitodignam
860 476 894 503 et
914 471 1056 502 sedulam
1070 471 1164 503 exhi·
1188 494 1189 516 l
1219 469 1343 508 nentis,
1370 468 1498 500 ordinis
1515 468 1634 499 Sancti
1659 468 1841 501 Benedicti.
1871 470 2059 501 Devotionis
2087 472 2198 500 vestre

165 530 240 561 beat
294 529 430 560 Domino
476 529 683 559 servitutem.
722 527 816 560 Unde
858 530 1009 569 tanquam
1047 528 1162 569 potiori

164 585 341 617 devotione
376 585 565 626 preminens
605 583 708 615 attolli
729 584 918 625 jamdudum
947 585 1163 625 exemptionis

166 642 342 684 privilegio
362 642 481 672 meruit
500 643 532 672 et
559 640 648 671 velut
670 641 856 671 sanctitatis
882 641 1061 671 eminentia
1087 651 1162 681 pre-

164 699 192 730 si
206 699 346 740 gnitum,
362 697 520 728 nonnullis
538 696 738 728 diversarum
755 698 931 738 gratiarum
943 698 1047 728 titulis
1061 697 1162 728 hono-

1215 528 1331 558 merita
1351 527 1487 567 exigunt
1508 532 1540 555 et
1559 524 1707 556 affectus.
1729 536 1821 566 quem
1843 525 1883 556 ad
1894 536 1952 557 nos
1968 528 1999 557 et
2022 526 2199 556 Romanam

1214 583 1395 614 Ecclesiam
1420 582 1541 612 habere
1562 582 1966 622 noscimini,promeretur,
1984 585 2018 613 ut
2029 582 2113 613 votis
2126 592 2200 612 ves-

1215 641 1275 670 tris
1296 638 1521 670 favorabiliter
1541 644 1733 670 annuentes,
1764 638 1920 669 faciamus
1944 638 2034 669 vobis
2061 639 2200 679 gratiam

1215 695 1406 736 specialem.
1438 695 1619 736 Eapropter
1647 693 1755 724 dilecti
1780 695 1810 724 in
1836 695 1966 725 Domino
1986 694 2052 732 filii,
2076 695 2200 725 vestris

164 755 243 786 rari.
269 754 346 786 Cum
368 755 477 794 itaque
501 754 533 784 in
553 753 733 794 piivilegiis
755 754 856 794 ipsius
878 754 1066 784 monasterii
1084 763 1162 785 con—
1186 770 1188 800 ]
1213 752 1344 783 devotis
1382 750 1668 792 supplicationibus
1705 750 1864 786 inclinati,
1886 754 2005 786 terras,
2043 750 2198 789 decimas,

172 812 316 842 tineatur
330 820 500 851 expresse,
512 810 594 840 sicut
606 810 737 850 nosipsi
751 820 791 840 ex
803 810 1006 851 inspectione
1020 811 1160 851 ipsorum

170 867 419 909 privilegiorum
443 866 647 906 collegimuS,
661 876 700 896 ne
711 866 877 906 quisquam
899 866 1161 908 archiepiscopus

164 927 222 955 aut
253 923 423 964 episcopus
448 922 534 952 beati
561 922 692 953 Martini
724 922 828 963 Majus
849 923 1080 953 monasterium
1101 926 1158 953 aut

127 1117 131 1119 .
165 1093 293 1134 priores
319 1095 351 1122 et
375 1091 525 1122 monachi
551 1092 668 1129 vestri,
690 1092 759 1122 sive
790 1092 821 1122 in
848 1092 918 1132 ipso
946 1093 1153 1130 monasterio,
1183 1086 1184 1103 ³

167 980 267 1022 ipsius
297 979 430 1020 Majoris
451 979 639 1009 monasterii
663 979 850 1016 monachos,
875 989 932 1019 pro
952 978 1018 1010 ulla
1043 989 1153 1015 causa,
1184 1006 1185 1011 ,

168 1035 232 1067 ullo
256 1036 288 1066 in
313 1035 395 1073 loco,
427 1035 710 1066 excommunicare
741 1039 919 1076 presumat,
946 1046 984 1066 ac
1016 1036 1159 1067 universi
1183 1014 1185 1081 (l

1216 808 1440 850 possessiones
1474 809 1507 837 et
1535 807 1608 843 alia,
1632 816 1692 848 que
1720 815 1779 847 per
1801 806 2014 846 quadraginta
2040 817 2139 837 annos
2167 809 2200 838 et

1214 864 1350 906 amplius
1370 874 1426 895 vos
1453 873 1489 894 ac
1508 863 1668 904 prioratus
1687 864 1720 893 et
1740 862 1885 893 membra
1901 864 2009 893 vestra
2031 863 2137 903 quiete
2163 874 2198 894 ac

1217 920 1351 962 pacifice
1366 920 1572 962 possedistis,
1591 918 1680 949 vobis
1699 922 1733 949 et
1745 929 1802 960 per
1818 929 1874 949 vos
1886 918 1989 949 eidem
2004 920 2200 950 monasterio

1216 987 1252 1008 ac
1287 976 1485 1018 prioratibus
1524 979 1556 1007 et
1584 975 1736 1006 membris
1766 975 1845 1016 ipsis
1877 976 2072 1006 auctoritate
2106 986 2200 1017 apos-

1215 1034 1317 1065 tolica
1351 1032 1579 1063 confirmamus
1606 1034 1639 1062 et
1678 1032 1842 1073 presentis
1876 1032 1990 1072 scripti
2026 1032 2202 1072 patrocinio

1213 1090 1462 1126 communimus,
1487 1088 1713 1119 nichilominus
1740 1090 1937 1122 statuentes,
1968 1090 2001 1118 ut-
2027 1098 2065 1118 ea
2096 1088 2203 1118 omnia

162 1149 236 1180 sive.
266 1149 296 1179 in
326 1148 425 1188 ipsius
446 1147 642 1188 prioratibus
668 1151 909 1179 commorentur
931 1152 964 1179 et
990 1149 1155 1187 membris,
1181 1132 1183 1184 l
1210 1145 1301 1176 vobis
1329 1148 1361 1176 et
1393 1145 1453 1186 ipsi
1480 1145 1679 1175 monasterio
1712 1155 1749 1176 ac
1774 1144 1968 1186 prioratibus
1990 1149 2021 1175 et
2049 1143 2202 1174 membris

165 1205 199 1235 in
225 1205 339 1236 eodem
360 1204 570 1241 monasterio,
598 1210 693 1245 prout
727 1205 890 1237 asseritis
921 1205 1155 1245 professionem
1180 1188 1183 1235 l
1209 1202 1364 1243 predictis
1386 1201 1425 1232 de
1447 1205 1557 1233 cetero
1578 1203 1728 1232 maneant
1757 1204 1914 1243 perpetua
1941 1200 2094 1232 firmitate
2121 1200 2195 1231 sub-

164 1262 318 1292 emittant
335 1264 368 1291 et
393 1260 432 1291 ad
455 1260 654 1291 voluntatem
680 1260 806 1291 abbatis
832 1261 933 1301 ipsius
951 1262 1154 1298 monasterii,

165 1318 221 1359 qui
241 1322 293 1348 est
306 1327 363 1358 pro
379 1323 540 1357 tempore,
562 1317 733 1348 mittantur
757 1317 796 1347 ad
819 1317 979 1358 prioratus
999 1321 1031 1348 et
1051 1328 1155 1349 mem-

169 1374 228 1405 bra
247 1374 373 1405 eadem.
396 1374 554 1404 moraturi
572 1374 603 1404 in
623 1374 681 1411 eis,
700 1383 738 1404 ac
755 1373 876 1414 abipso
896 1373 1012 1405 abbate
1033 1384 1104 1405 cum
1125 1375 1155 1405 ei

169 1431 328 1472 placuerit
350 1429 389 1460 ad
410 1430 492 1461 idem
502 1431 732 1460 monasterium
753 1436 959 1461 revocentur.
983 1435 1016 1461 et
1037 1441 1156 1462 conve-

169 1488 259 1518 niens
269 1487 323 1524 sit,
338 1492 371 1517 ut
384 1487 435 1526 qui
445 1486 548 1517 eidem
571 1476 769 1517 monasterio
789 1487 944 1527 parisein
959 1487 1013 1519 illo
1031 1488 1156 1528 profes-

168 1543 260 1574 sione
284 1542 432 1583 alligant,
453 1542 566 1573 eadem
577 1542 719 1583 gaudere
738 1542 878 1574 debeant
898 1543 1063 1580 libertate,
1085 1554 1155 1582 nos⁷

170 1600 292 1630 vestris
317 1598 445 1630 devotis
472 1599 759 1640 supplicationibus
782 1600 938 1638 inclinati,
963 1602 996 1631 ut
1017 1601 1158 1631 universi

172 1656 297 1697 priores
307 1658 337 1686 et
349 1655 498 1686 monachi
510 1655 648 1696 predicti
660 1655 850 1696 ubicumque
861 1656 983 1687 fuerint
994 1656 1159 1698 gaudeant

167 1715 201 1744 et
224 1711 469 1743 utanturlibere
489 1711 682 1753 privilegiis,
704 1712 925 1753 indulgentiiS,
940 1713 1156 1751 libertatibus,

169 1768 426 1799 immunitatibus
447 1770 479 1799 et
500 1769 631 1809 gratiis,
660 1768 773 1807 quibus
793 1769 935 1809 gaudent
966 1780 1004 1801 ac
1025 1772 1158 1801 utuntur

171 1825 319 1856 monachi
348 1825 379 1855 in
406 1825 476 1865 ipso
503 1826 700 1856 monasterio
728 1829 979 1862 commorantes,
1003 1827 1159 1858 constitu-

171 1883 262 1913 tione
291 1892 349 1912 seu
385 1881 606 1912 declaratione
634 1881 739 1913 felicis
765 1882 1001 1913 recordationis
1023 1883 1047 1914 I.
1076 1893 1157 1924 pape

172 1938 418 1980 predecessoris
435 1939 537 1969 nostri
555 1938 643 1969 circa
657 1941 826 1979 exemptos
846 1939 932 1970 edita
960 1939 1012 1970 vel
1028 1939 1157 1980 quibus·
1182 1946 1183 1983 j

168 1995 253 2026 libet
284 1994 355 2025 aliis
377 1994 508 2025 statutis
530 2004 586 2025 seu
615 1994 890 2026 declarationibus
917 1996 1014 2027 factis
1035 1998 1069 2027 et
1084 2006 1158 2037 pro-

171 2051 328 2092 mulgatis
353 2050 392 2081 ab
418 2051 605 2092 Apostolica
627 2051 711 2082 Sede
737 2051 776 2082 ad
800 2052 987 2083 instantiam
1009 2062 1159 2092 quorum-

171 2117 322 2147 cumque,
363 2110 396 2137 et
440 2107 690 2148 quibuscumque
721 2107 841 2139 litteris
879 2109 1064 2150 apostolicis
1101 2120 1159 2151 per

172 2173 400 2204 quoscumque
435 2163 576 2194 obtentis
606 2174 807 2205 nequaquam
840 2165 1055 2204 obstantibus,
1084 2176 1158 2196 auc-
1183 2166 1184 2192 ἒ

171 2220 302 2251 toritate
339 2219 427 2250 vobis
458 2221 657 2261 presentium
684 2220 724 2251 de
754 2221 886 2262 speciali
915 2222 1024 2263 gratia
1055 2222 1159 2253 indul·
1183 2208 1184 2247 l

170 2286 295 2318 gemus,
331 2277 395 2307 Nos
427 2277 511 2307 enim
542 2277 717 2316 interdicti,
750 2279 1094 2309 excommunicationis
1126 2282 1184 2309 et*

169 2333 393 2375 suspensionis
415 2333 596 2364 sententias
607 2336 640 2364 et
658 2343 843 2374 processus,
860 2335 885 2364 si
903 2345 981 2375 quos
995 2335 1027 2365 in
1048 2345 1104 2366 vos
1126 2338 1159 2365 et
1177 2350 1180 2353 -

170 2390 407 2420 monasterium
426 2392 570 2420 vestrum
592 2388 645 2420 vel
670 2390 795 2431 priores
816 2392 869 2421 aut
890 2391 1064 2422 monachos
1082 2402 1157 2433 pre·
1182 2375 1183 2448 l

168 2445 276 2476 dictos
298 2456 354 2476 seu
371 2446 533 2486 prioratus
550 2448 582 2476 ct
598 2446 741 2477 membra
761 2451 872 2477 vestra
893 2453 1005 2478 contra
1025 2458 1157 2489 presen-
1182 2469 1183 2487 ,

169 2502 211 2533 tis
244 2501 356 2532 indulti
383 2505 542 2539 tenorem,
564 2512 621 2544 per
640 2512 856 2543 quoscumque
878 2504 957 2534 ferri
974 2504 1025 2535 vel
1046 2504 1156 2535 haberi
1182 2519 1183 2523 ¹

168 2558 347 2599 contigerit
374 2558 483 2588 irritos
508 2557 715 2589 decernimus
741 2562 774 2590 et
796 2559 922 2591 inanes.
954 2560 1039 2591 Nulli
1060 2559 1155 2602 [etc]
1182 2531 1183 2581 i

168 2618 281 2646 nostre
299 2614 520 2645 concessionis
535 2619 568 2645 et
581 2615 824 2646 constitutionis
837 2618 900 2647 etc.
920 2617 1034 2647 Datum
1049 2617 1157 2648 Viter-
1182 2616 1183 2643 ἶ

170 2670 225 2708 bii,
250 2671 294 2701 VI
315 2670 386 2701 idus
404 2670 599 2708 novembris,
619 2681 702 2702 anno
722 2672 831 2702 tertio.
855 2685 870 2699 »

1182 2696 1183 2727 l

1182 2728 1183 2742 l

240 2768 342 2796 2403
676 2769 801 2802 Viterbe,
823 2772 856 2797 28
872 2771 990 2797 octobre
1008 2773 1084 2797 1257.
1181 2748 1183 2816 l

435 2788 447 2802 Ο

206 2840 309 2866 Abbati
354 2843 381 2865 ct
416 2841 574 2866 conventui
610 2840 726 2874 majoris
759 2842 930 2868 monasterii
977 2842 1157 2869 Turonensis

172 2887 328 2913 confirmat
343 2887 553 2921 possessiones,
570 2895 626 2921 que
644 2895 694 2921 per
723 2888 918 2922 quadraginta
937 2897 1032 2916 annos
1055 2894 1082 2916 et
1098 2898 1156 2916 arn-

173 2934 250 2968 plius
266 2935 363 2969 quiete
379 2943 412 2961 ac
423 2935 543 2968 pacifice
559 2935 765 2969 possederunt.
790 2937 868 2969 (Bne.
885 2938 1024 2970 25‚a.111.
1043 2946 1066 2964 c.
1082 2938 1155 2970 782²,
1181 2947 1183 2977 f

174 2981 193 3008 r.
213 2983 284 3014 m.)

1208 1259 1297 1290 nixa.
1323 1259 1406 1290 Nulli
1424 1258 1517 1301 lete]
1535 1261 1644 1289 nostre
1658 1258 1923 1295 confirmationis,
1939 1261 1972 1288 et
1990 1257 2194 1288 constitutio-

1215 1316 1264 1346 nis
1289 1317 1353 1346 etc.
1377 1316 1491 1346 Datum
1508 1314 1663 1351 Viterbii,
1685 1315 1714 1345 V
1729 1314 1885 1345 kalendas
1896 1313 2091 1351 novembris,
2113 1323 2196 1344 anno

1182 1381 1183 1388 ¹
1209 1372 1318 1403 tertio.
1339 1385 1352 1399 n

1281 1499 1381 1526 2⁴0⁴
1711 1498 1835 1529 Viterbe,
1849 1500 1864 1523 9
1878 1498 2034 1524 decembre
2050 1498 2123 1524 1257.

1246 1589 1358 1614 Intuitu
1376 1588 1477 1622 Pletri]
1494 1588 1519 1614 S.
1533 1587 1647 1622 Georgii
1670 1587 1706 1613 ad
1732 1586 1831 1613 Velum
1854 1588 1982 1612 Aureum
1999 1585 2115 1612 diaconi
2137 1593 2196 1611 car-

1214 1635 1328 1665 dinalis.
1343 1635 1441 1662 abbati
1460 1635 1629 1661 monasterii
1642 1635 1678 1661 de
1699 1634 1891 1669 Gengenbath
1907 1634 2036 1665 mandat,
2053 1635 2182 1667 quatenu

1220 1683 1372 1710 Renboltlo
1397 1683 1432 1709 de
1451 1683 1646 1717 Gengenbach
1670 1682 1821 1716 capellano
1838 1681 1955 1707 Henrici
1974 1681 2197 1716 Argentinensis

1221 1731 1359 1766 episcopi,
1372 1731 1477 1757 rectori
1491 1730 1673 1757 ecclesiaede
1686 1730 1797 1761 llasela,
1807 1730 1868 1763 jam
1878 1730 1907 1755 in
1921 1729 2097 1756 canonicum
2106 1728 2195 1755 eccle-

1210 1779 1277 1805 siae
1296 1779 1322 1805 S.
1340 1779 1417 1804 Petri
1440 1778 1664 1813 Argentinensis
1694 1781 1809 1812 recepto
1837 1778 1888 1804 sed
1917 1777 2044 1811 quadam
2067 1776 2195 1811 generali

1211 1827 1423 1852 constitutione
1453 1826 1604 1858 destituto,
1637 1825 1670 1851 de
1709 1825 1878 1859 praebenda
1916 1825 2067 1859 providere
2103 1828 2194 1850 curet.

1211 1873 1701 1906 (Rsc 25,a.111,0.783·,f.111.)

1354 1960 1467 1992 abbati
1495 1960 1691 1992 monasterii
1721 1959 1760 1992 a'e
1787 1959 2010 2002 Genqenbaclz
2035 1959 2194 2001 Arqenti-

1209 2018 1320 2050 nensis
1341 2017 1493 2049 diocesis
1517 2018 1637 2048 Petitio
1657 2017 1766 2048 dilecti
1785 2016 1839 2048 filii
1860 2016 2019 2047 Renboldi
2041 2015 2082 2047 de
2107 2016 2194 2047 Gen—

1256 1976 1269 1990 ί(
1303 1988 1324 1992 ..

1182 2093 1184 2101 ι
1213 2075 1359 2116 genbacli
1387 2093 1440 2104 —--.
1466 2075 1538 2105 Dat.
1568 2073 1721 2109 Viterbii,
1747 2074 1773 2104 V
1805 2074 1877 2105 idus
1897 2072 2092 2111 decembris,
2113 2083 2194 2104 anno

1183 2150 1184 2161 η
1208 2131 1318 2163 tertio.
1342 2145 1356 2158 »

1281 2255 1384 2281 2405
1704 2253 1831 2283 Viterbe,
1845 2255 1860 2279 9
1877 2252 2033 2279 decembre
2046 2254 2122 2278 1257.

1245 2343 1354 2369 lntuitu
1372 2342 1501 2376 ejusdem
1524 2342 1690 2374 cardinalis,
1718 2342 1812 2367 eidem
1835 2341 1932 2368 abbati
1951 2340 2079 2373 mandat,
2096 2343 2193 2374 quate-

1212 2398 1267 2416 nus
1286 2391 1409 2416 llenrico
1426 2390 1460 2416 de
1480 2390 1659 2416 Pbetenllien
1685 2389 1837 2423 capellano
1862 2388 1977 2414 llenrici
2000 2388 2129 2422 episcopi
2146 2390 2193 2413 Ar—

1182 2449 1183 2456 *
1211 2438 1407 2473 gentinensis,
1426 2438 1530 2464 rectori
1548 2438 1691 2464 ecclesiae
1707 2437 1741 2463 de
1756 2436 1935 2469 Minrewilre,
1949 2436 2010 2469 jam
2027 2436 2055 2461 in
2072 2435 2194 2462 canoni-

1182 2498 1183 2503 *
1209 2494 1274 2512 cum
1290 2486 1430 2512 ecclesiae
1440 2486 1466 2512 S.
1479 2486 1606 2512 'l'liomae
1622 2485 1844 2519 Argentinensis
1858 2487 1986 2518 recepto,
2003 2484 2054 2510 sed
2068 2484 2192 2517 quadam

1209 2533 1339 2569 generali
1361 2533 1571 2560 constitutione
1598 2532 1748 2564 destituto,
1775 2532 1809 2558 de
1843 2532 2012 2566 praebenda
2042 2531 2194 2565 providere

1182 2595 1183 2610 2
1213 2585 1305 2608 curet.
1322 2582 1403 2610 illac.
1420 2583 1498 2613 25,a.
1516 2581 1562 2609 ΙΙΙ,
1579 2588 1602 2606 c.
1622 2580 1813 2612 7832,s.111.‘)

1255 2684 1270 2698 «
1291 2669 1422 2701 Eidem.
1436 2669 1556 2700 Petitio
1567 2669 1677 2699 dilecti
1688 2668 1739 2699 filii
1750 2669 1880 2700 Hem-ici
1891 2668 1930 2698 de
1939 2667 2142 2698 l’hetenlhen
2154 2685 2193 2688 —

1211 2730 1243 2758 ut
1264 2727 1293 2757 in
1308 2727 1369 2757 alia
1386 2736 1443 2768 per
1458 2728 1559 2756 totum
1579 2735 1679 2766 usque
1699 2726 1728 2755 in
1746 2724 1851 2755 finem.
1880 2738 1892 2751 ι)

1280 2853 1382 2881 2406
1793 2852 1908 2882 Latran,
1925 2853 1940 2877 4
1960 2850 2029 2877 avril
2047 2852 2121 2878 1256.

1245 2935 1429 2962 Abbatissam
1456 2939 1483 2961 et
1505 2942 1622 2961 sorores
1639 2934 1807 2960 monasterii
1832 2934 1937 2959 Sancte
1955 2933 2041 2959 Marie
2057 2933 2132 2959 Nove
2158 2933 2192 2959 de

1180 2987 1183 3025 ζ
1209 2984 1325 3010 Colazzo
1345 2984 1429 3018 juxta
1456 2984 1581 3008 Montem
1611 2981 1796 3013 l‘olitianum,
1813 2981 1926 3006 ordinis
1938 2981 2036 3007 Sancti
2050 2981 2192 3013 Damiaui,
