2477 3512
901 280 1179 322 QUATRIEME
1194 279 1356 312 ANNEE
2123 287 2185 319 841

73 383 226 413 oriundus
248 382 299 412 vel
321 382 407 421 quod
430 381 508 411 alias
530 380 740 410 beneficiatus
762 379 884 413 existit,
907 381 940 408 et
963 378 1076 416 quavis

73 437 135 466 alia
151 435 351 474 indulgentia
379 434 477 473 ipsius
497 433 586 464 Sedis
604 433 741 472 generali
753 432 805 461 vel
824 431 951 470 speciali
971 431 1077 469 cujus-

73 498 199 527 cunque
217 488 336 517 tenoris
354 487 474 516 existat
493 495 548 525 per
566 495 664 525 quam
683 486 715 514 id
734 484 881 523 impediri
899 484 1007 513 valeat
1024 484 1075 512 vel

74 541 205 575 differri,
232 543 265 570 et
291 541 330 569 de
356 549 419 579 qua
447 540 574 578 plenam
601 541 634 568 et
659 546 842 576 expressam
869 538 1018 575 oporteat
1043 537 1075 565 in

73 594 274 633 presentibus
292 593 361 622 fieri
381 592 587 621 mentionem.
608 592 721 620 Preces
740 593 773 619 et
792 590 985 619 mandatum
1005 598 1075 618 nos-

72 649 163 676 trum
189 649 250 676 etc.
277 646 317 675 de
342 646 440 675 verbo
465 645 507 674 ad
533 644 668 673 verbum
693 646 731 673 ut
756 643 788 672 in
814 643 886 672 alia.
913 643 989 672 Dat.
1023 642 1076 671 Vi-

70 699 175 734 terbii,
203 699 233 728 11
257 699 328 728 idus
352 697 538 731 decembriS,
563 706 647 726 anno
671 696 778 725 tertio.
804 707 816 722 ι)

153 899 240 925 2752
518 898 656 929 Viterbe,
672 897 707 924 21
724 897 894 923 novembre
910 896 996 922 1257.

109 952 350 979 Bartholomaeo
376 952 414 978 de
438 951 619 982 Frusinone,
645 950 814 981 scriniario,
839 949 987 976 familiari
1011 956 1076 981 suo,

70 992 200 1026 ejusque
217 992 383 1018 heredibus
400 991 549 1024 legitimis
566 990 774 1024 possessiones
793 997 871 1022 quas
889 989 963 1015 olim
980 989 1078 1015 Bene-

70 1032 174 1059 dictus
195 1031 336 1065 Magistri
356 1030 478 1057 Nicolai
498 1032 530 1056 et
550 1030 730 1056 Leonardus
751 1029 874 1056 Caritae
895 1036 912 1055 a
934 1029 1078 1055 Romana

71 1071 157 1098 curia
176 1072 356 1103 tenuerunt,
378 1070 410 1097 in
438 1071 541 1097 castro
564 1069 746 1096 Frusinonis
768 1070 799 1095 et
821 1069 887 1102 ejus
909 1068 1077 1100 territorio,

70 1111 245 1137 Verulanae
272 1110 412 1142 diocesis,
440 1117 573 1143 quarum
600 1110 772 1143 proventus
800 1109 891 1135 unius
908 1108 990 1134 rubli
1015 1108 1079 1134 fru-

71 1151 171 1177 menti
192 1150 358 1177 annuatim
379 1149 553 1176 valentiam
574 1149 629 1176 vix
651 1149 817 1179 excedunt,
840 1156 911 1175 cum
933 1148 1079 1174 omnibus

70 1190 191 1224 juribus
216 1191 247 1216 et
271 1189 481 1223 pertinentiis,
507 1189 564 1215 sub
589 1196 693 1215 annuo
719 1195 812 1214 censu
837 1188 959 1214 mediae
981 1187 1080 1214 librae

71 1237 158 1257 cerae
184 1230 216 1256 in
243 1228 323 1255 festo
352 1228 601 1255 Resurrectionis
630 1228 814 1254 Dominicae
853 1234 994 1254 camerae
1021 1227 1080 1253 sol-

70 1270 183 1301 vendo,
206 1269 359 1296 concedit.
382 1268 479 1302 (Rae.
502 1268 550 1300 25,
572 1268 594 1294 f.
617 1268 696 1299 168„
719 1275 769 1294 an.
794 1267 846 1299 IV,
869 1275 894 1294 c.
917 1267 999 1299 308.)

114 1385 125 1400 ι
158 1372 273 1402 Bartho
286 1381 369 1401 omeo
411 1372 446 1401 de
480 1371 666 1405 Frusinone,
709 1370 885 1404 scriniario,
927 1369 1082 1408 familiari

71 1428 183 1459 nostro,
210 1425 362 1455 Verulane
382 1425 520 1454 diocesis.
544 1425 639 1454 Sedes
660 1423 847 1462 Apostolica
868 1423 922 1462 pia
939 1440 990 1451 —.
1006 1423 1083 1464 Dat·

77 1478 223 1512 Viterbii,
248 1478 299 1507 XI
323 1478 386 1507 kal.
413 1477 599 1511 decembris,
624 1486 710 1506 anno
732 1477 839 1506 tertio.
865 1487 877 1502 ι)

156 1662 244 1688 2753
513 1662 652 1694 Viterbe,
670 1662 706 1688 15
722 1662 898 1696 septembre
915 1662 1002 1688 1257.

113 1715 279 1742 Guillelmo
298 1715 337 1741 de
352 1712 502 1750 Ilifau(‘?)‚
518 1714 627 1741 clerieo
647 1715 732 1741 chori
751 1715 897 1741 ecclesiae
910 1715 1084 1741 Rothoma-

72 1755 183 1788 gensis,
227 1755 267 1781 ad
306 1755 570 1789 supplicationem
614 1754 804 1787 Quartulini,
847 1754 1011 1781 familiaris
1043 1754 1084 1786 J„

73 1794 228 1822 S.Nicolai
242 1795 274 1821 in
289 1794 416 1821 Carcere
430 1794 575 1820 Tulliano
592 1794 715 1821 diaconi
730 1794 907 1825 cardinalis,
924 1794 1085 1828 dispensat

73 1835 110 1861 ut
136 1835 197 1860 duo
224 1834 435 1860 ecclesiastica
460 1834 624 1865 beneficia,
651 1834 748 1860 etiam
774 1841 881 1860 curam
908 1834 1084 1860 animarum

72 1873 233 1905 habentia,
256 1874 282 1900 si
302 1874 424 1900 nullum
446 1873 533 1900 aliud
554 1874 678 1900 obtinet
699 1874 730 1900 in
752 1879 846 1907 regno
870 1874 1084 1905 Franciae‚re-

72 1913 174 1948 cipere
191 1915 222 1940 et
238 1913 371 1940 retinere
388 1913 497 1947 possit.
515 1913 612 1946 (Bm.
631 1913 678 1945 25,
697 1913 718 1939 f.
738 1913 804 1940 168.
823 1921 873 1940 an.
895 1913 946 1946 IV,
962 1921 986 1940 c.
1001 1913 1084 1947 309.)

115 2028 126 2044 ι
155 2016 316 2047 Guillelmo
340 2016 376 2046 de
400 2016 511 2055 Ilisou,
536 2017 643 2046 clerico
667 2017 750 2046 chori
775 2017 896 2046 ecclesie
919 2017 1083 2046 Rholomu-

74 2070 186 2108 gensis.
220 2069 372 2099 Volentes
407 2079 576 2108 personam
610 2072 702 2099 tuam
737 2088 787 2098 —.
824 2070 900 2099 Dat.
935 2070 1081 2105 Viterbii,

74 2122 171 2152 XVII
194 2123 258 2152 kal.
282 2123 432 2157 octobris,
457 2132 542 2152 anno
564 2123 671 2152 tertio.
697 2135 709 2149 »

154 2315 242 2341 2754
567 2317 704 2350 Viterbe,
723 2319 757 2345 11
774 2319 897 2352 janvier
913 2320 1000 2347 1258.

114 2368 299 2396 Pensionem
317 2369 467 2403 magistro
477 2370 633 2397 Willelmo
648 2371 804 2404 Wasconi,
816 2373 960 2407 scriptori
973 2373 1081 2407 ipsiuS,

75 2408 114 2435 ab
128 2408 243 2435 abbate
257 2409 373 2436 Clusini
386 2410 578 2442 monasterii,
591 2411 792 2438 Taurinensis
806 2413 946 2444 diocesis,
960 2420 1082 2439 conces-

75 2455 141 2475 sam
163 2448 340 2475 confirmat.
363 2449 459 2481 (Bm.
482 2449 530 2481 25,
551 2450 572 2476 f.
596 2450 662 2482 168,
685 2458 734 2477 an.
760 2452 811 2484 IV,
834 2460 858 2479 c.
881 2452 963 2486 310.)

117 2563 128 2578 ιι
157 2551 313 2589 Maqislro
345 2552 497 2582 Willelmo
528 2553 683 2588 Wasconi,
715 2555 858 2593 scriptori
888 2557 999 2585 nostro.
1031 2556 1082 2585 Ex

74 2606 130 2633 tue
143 2604 218 2634 fidei
228 2622 277 2633 —.
293 2605 372 2635 Cum
387 2605 493 2644 igitur,
508 2606 591 2635 sicut
614 2607 769 2645 innostra
793 2609 989 2646 proposuisti
1013 2618 1081 2647 pre-

74 2657 177 2687 sentia
204 2658 410 2692 constitutus,
439 2659 602 2697 quondam
628 2660 690 2693 W.‚
717 2661 818 2690 abhas
843 2664 877 2690 et
902 2664 1080 2691 conventus

75 2711 260 2740 monasterii
285 2711 414 2745 Clusini,
429 2712 561 2741 diocesis
585 2712 800 2748 Taurinensis,
816 2717 906 2753 grata
932 2717 965 2743 et
990 2715 1080 2745 utilia

76 2763 228 2802 obsequia
254 2773 316 2802 que
341 2764 416 2802 ipsis
441 2767 474 2793 et
497 2765 601 2794 eidem
626 2767 820 2796 monasterio
846 2770 878 2796 et
902 2768 1082 2806 specialiter

76 2816 163 2853 apud
205 2816 318 2845 Sedem
360 2817 578 2855 Apostolicam
620 2818 821 2857 impenderas
862 2821 1078 2855 attendentes,

75 2868 135 2898 tibi
167 2869 339 2898 liberaliter
370 2871 534 2908 quandam
566 2872 779 2901 concesserint
805 2873 989 2911 pensionem
1021 2874 1079 2903 tibi

76 2921 168 2951 annis
203 2922 333 2960 singulis
368 2923 625 2961 persolvendam,
663 2927 759 2963 prout
794 2925 824 2954 in
862 2926 1076 2955 instrumento

76 2974 204 3013 publico
244 2975 358 3004 exinde
400 2976 545 3006 confecto
580 2977 703 3015 plenius
753 2978 870 3007 dicitur
914 2979 1080 3014 contineri,

1185 387 1241 407 nos
1257 379 1401 408 volentes
1418 380 1477 409 tibi
1493 380 1596 410 facere
1611 382 1749 420 gratiam
1765 381 1944 420 specialem,
1961 382 2025 411 tuis
2042 384 2188 421 precibus

1184 431 1338 465 inclinati,
1357 433 1442 470 quod
1460 433 1500 462 ab
1518 434 1636 463 eisdem
1653 434 1772 464 abbate
1788 437 1821 463 et
1838 437 2000 464 conventu
2016 444 2111 474 super
2130 437 2189 466 hoc

1183 483 1307 513 factum
1325 487 1373 513 est
1390 488 1518 523 gratum
1536 488 1569 515 et
1586 489 1693 516 ratum
1712 488 1877 522 habentes,
1896 488 1928 517 id
1947 497 1984 517 ac
2002 488 2186 526 pensionem

1183 537 1286 575 ipsam
1308 537 1367 566 tibi
1388 538 1582 567 auctoritate
1603 540 1778 577 apostolica
1809 540 2037 570 confirmamus
2067 544 2099 570 et
2120 551 2189 580 pre—

1183 589 1282 618 sentis
1319 590 1429 628 scripti
1467 591 1644 628 patrocinio
1682 593 1926 622 communimus.
1959 594 2045 623 Nulli
2084 596 2191 623 nostre

1184 642 1437 672 confirmationis
1470 646 1530 673 etc.
1565 644 1641 673 Dat.
1675 645 1821 680 Viterbii,
1857 646 1905 675 Ill
1939 647 2009 675 idus
2041 647 2190 685 januarii,

1183 704 1269 724 anno
1307 698 1432 734 quarto.
1460 707 1472 723 ³>

1265 888 1353 914 2755
1667 890 1805 922 Viterbe,
1827 891 1861 916 11
1881 891 2005 924 janvier
2025 892 2111 918 1258.

1225 941 1337 968 Eidem
1367 949 1422 975 pro
1452 943 1601 976 pensione
1630 943 1670 968 ab
1700 943 1816 969 abbate
1846 944 2041 971 Cluniacensi
2070 953 2193 972 conces—

1185 987 1228 1006 sa.
1251 981 1348 1013 (Bm.
1371 981 1418 1013 25,
1441 982 1462 1007 f.
1486 982 1553 1013 168,
1577 989 1626 1008 an.
1652 982 1704 1014 IV,
1727 990 1752 1009 c.
1775 983 1857 1015 311.)

1227 1095 1239 1111 «
1253 1084 1373 1114 Eidem.
1391 1085 1442 1114 Ex
1456 1087 1511 1114 tue
1526 1085 1602 1114 fidei
1618 1086 1760 1124 puritate
1787 1088 1847 1115 etc.
1864 1089 1901 1115 ut
1916 1086 1947 1116 in
1963 1087 2024 1116 alia
2041 1088 2079 1116 de.
2094 1088 2193 1118 verbo

1185 1138 1227 1166 ad
1255 1137 1391 1166 verbum
1417 1147 1539 1177 usque:
1562 1138 1770 1173 constitutus,
1801 1140 1999 1177 quondam..,
2030 1140 2131 1170 abbas
2160 1143 2194 1170 et

1185 1192 1364 1220 conventus
1397 1191 1582 1220 monasterii
1609 1191 1840 1226 Cluniaeenses,
1865 1194 1957 1231 grata
1983 1195 2015 1222 et
2038 1194 2191 1232 obsequia

1187 1253 1249 1282 que
1274 1243 1350 1282 ipsis
1375 1246 1436 1273 ete.
1464 1253 1581 1282 usque:
1602 1245 1846 1282 persovendam‚
1873 1248 1970 1284 prout
1994 1245 2026 1275 in
2052 1246 2193 1284 ipsorum

1187 1305 1283 1335 super
1314 1297 1373 1326 hoc
1404 1296 1557 1326 confectis
1588 1297 1703 1327 litteris
1734 1298 1858 1336 plenius
1890 1299 2008 1328 dicitur
2038 1299 2194 1329 contineri

1188 1352 1250 1379 etc.
1280 1358 1381 1388 usque
1410 1349 1442 1378 in
1471 1349 1580 1379 finem.
1611 1362 1623 1377 n

1272 1537 1361 1563 2756
1716 1538 1853 1571 Viterbe,
1881 1539 1917 1565 19
1942 1540 2005 1566 mai
2032 1539 2117 1566 1258.

1233 1589 1416 1623 Praeposito
1435 1590 1581 1617 ecclesiae
1599 1591 1637 1617 de
1655 1591 1819 1623 Vesolano,
1838 1592 2040 1618 Vercellensis
2058 1592 2200 1624 diocesis,

1193 1629 1325 1656 mandat
1343 1631 1379 1655 ut
1396 1630 1577 1664 pensionem
1596 1631 1680 1657 dicto
1698 1631 1846 1658 Willelmi
1863 1632 2009 1658 Wasconi
2026 1632 2065 1658 ab
2085 1632 2200 1659 abbate

1193 1669 1328 1702 praefati
1358 1670 1540 1696 monasterii
1564 1670 1681 1697 Clusini
1705 1671 1856 1703 debitam,
1874 1671 1953 1698 solvi
1973 1672 2079 1698 faciat.
2101 1672 2199 1705 (REG.

1193 1708 1242 1740 25,
1263 1708 1284 1734 f.
1308 1709 1374 1740 168,
1396 1717 1446 1736 an.
1471 1710 1523 1741 IV,
1545 1717 1570 1736 c.
1591 1710 1673 1744 312.)

1234 1823 1246 1838 «
1264 1835 1292 1846 ..‚
1305 1813 1463 1851 preposito
1477 1813 1599 1842 ecclesie
1611 1814 1647 1843 de
1664 1814 1824 1849 Vesolano,
1843 1814 2042 1844 Vercellensis
2054 1815 2196 1845 diocesis.

1193 1865 1337 1894 Dilectus
1373 1865 1460 1895 filius
1496 1866 1649 1905 magister
1683 1867 1861 1896 Willelmus
1896 1868 2023 1902 Wasco,
2060 1868 2199 1907 scriptor

1192 1920 1310 1953 noster,
1334 1928 1374 1948 ex
1396 1928 1452 1948 sue
1475 1919 1552 1948 fidei
1575 1919 1728 1958 puritate,
1751 1922 1812 1949 etc.
1836 1921 1942 1950 verbis
1978 1923 2199 1959 competenter

1191 1971 1326 2001 mutatis
1348 1981 1470 2010 usque:
1494 1973 1703 2007 constitutus,
1725 1973 1890 2012 quondam
1925 1974 1986 2008 W.‚
2022 1974 2123 2004 abbas
2158 1976 2192 2004 et

1190 2026 1369 2054 conventus
1410 2026 1596 2055 monasterii
1637 2026 1766 2060 Clusini,
1808 2026 2012 2056 Taurinensis
2054 2027 2197 2062 diocesis,

1190 2079 1282 2115 grata
1307 2080 1340 2107 et
1364 2078 1455 2108 utilia
1480 2078 1633 2117 obsequia
1659 2088 1721 2118 que
1744 2079 1831 2118 ipsis,
1850 2082 1911 2109 etc.
1933 2089 2055 2118 usque:
2081 2081 2199 2119 persol-

1190 2131 1340 2165 vendam,
1362 2133 1459 2169 prout
1478 2131 1510 2160 in
1531 2131 1747 2162 instrumento
1767 2133 1895 2171 publico
1915 2133 2031 2162 exinde
2051 2133 2198 2163 confecto

1189 2185 1250 2212 ete.
1276 2193 1398 2223 usque:
1426 2184 1578 2214 duximus
1602 2185 1835 2215 confirmanda.
1855 2186 2003 2215 Ceterum
2029 2187 2104 2225 quia
2128 2195 2199 2225 pre-

1189 2235 1258 2266 fata
1288 2237 1399 2275 pensio
1430 2237 1517 2267 dicto
1547 2238 1701 2276 magistro
1730 2238 1929 2277 aliquandiu,
1960 2239 2044 2268 sicut
2073 2240 2197 2273 asserit,

1189 2291 1238 2318 est
1261 2290 1439 2324 subtracta,
1463 2291 1548 2320 idem
1571 2291 1767 2330 supplicavit
1789 2292 1948 2321 instanter
1968 2294 2005 2321 ut
2027 2292 2115 2321 illam
2138 2293 2198 2322 sibi

1189 2343 1280 2377 solvi,
1304 2345 1337 2372 et
1359 2344 1397 2372 de
1419 2344 1586 2373 subtracta
1609 2344 1760 2374 satisfieri
1781 2345 2018 2374 mandaremus.
2043 2346 2197 2382 Quocirca

1190 2396 1383 2425 mandamus
1397 2397 1551 2435 quatinus
1565 2397 1668 2426 eidem
1682 2398 1836 2437 magistro
1851 2407 1906 2436 per
1919 2401 1951 2427 te
1965 2398 2016 2428 vel
2031 2408 2087 2437 per
2099 2399 2198 2428 alium

1190 2448 1264 2483 ab..,
1299 2449 1418 2479 abbate
1451 2452 1483 2479 et
1528 2453 1691 2480 conventu
1724 2451 1842 2489 prefati
1874 2452 2070 2486 monasterii,
2103 2452 2197 2490 juxta

1189 2501 1289 2540 ipsius
1316 2502 1523 2532 instrumenti
1550 2505 1705 2537 tenorem,
1719 2504 1853 2533 statutis
1879 2504 1955 2534 locis
1982 2507 2016 2534 et
2042 2505 2198 2538 terminis,

1190 2554 1314 2594 integro
1346 2556 1533 2594 pensionem
1566 2556 1744 2595 predictam
1775 2557 1856 2586 solvi
1895 2557 1994 2587 facias
2026 2558 2196 2587 annuatim

1189 2611 1222 2637 et
1259 2609 1297 2637 de
1333 2609 1501 2638 subtracta
1543 2609 1799 2639 satisfactionem
1826 2611 2004 2648 plenariam
2040 2611 2194 2640 exhiberi.

1190 2660 1449 2691 Contradictores
1477 2664 1537 2691 etc.
1566 2663 1638 2691 Non
1667 2663 1873 2692 obstantibus
1900 2663 2061 2702 aliquibus
2088 2664 2196 2692 indul-

1191 2715 1306 2753 gentiis
1326 2715 1374 2743 vel
1394 2715 1509 2744 litteris
1528 2725 1545 2744 a
1566 2715 1708 2753 predicta
1729 2716 1808 2745 Sede
1826 2716 2007 2754 impetratis
2026 2726 2081 2745 seu
2100 2716 2198 2745 etiam

1190 2768 1400 2805 impetrandis
1423 2777 1478 2806 per
1498 2777 1577 2806 quas
1598 2768 1745 2806 impediri
1778 2771 1885 2807 posset
1917 2769 2052 2798 effectus
2074 2770 2200 2807 presen-

1191 2820 1273 2849 tium
1292 2821 1342 2849 vel
1363 2820 1484 2849 differri
1504 2823 1536 2850 et
1556 2822 1593 2850 de
1613 2821 1729 2859 quibus
1749 2822 1815 2851 sive
1843 2831 1979 2860 quarum
1998 2824 2069 2851 toto
2089 2824 2200 2851 tenore

1191 2875 1340 2911 oporteat
1359 2874 1389 2902 in
1410 2874 1526 2903 nostris
1546 2874 1659 2903 litteris
1678 2874 1747 2903 ficri
1765 2875 1971 2909 mentionem,
1991 2877 2049 2904 aut
2066 2875 2092 2903 si
2123 2875 2198 2910 sit..,

1192 2926 1304 2955 abbati
1336 2929 1368 2954 ,vt
1399 2927 1572 2955 conventui
1604 2928 1788 2956 monasterii
1820 2927 1955 2965 predicti
1986 2928 2200 2957 communiter

1191 2979 1242 3008 vel
1259 2979 1385 3008 divisim
1402 2989 1419 3008 a
1437 2980 1516 3008 Sede
1532 2980 1693 3008 indultum
1709 2981 1820 3009 eadem
1837 2980 1886 3009 vel
1903 2980 2058 3019 indulgeri
2075 2982 2202 3010 contin-

2036 3149 2084 3175 106
