2477 3512
210 266 270 296 800
904 260 1162 295 REGISTRES
1183 259 1519 293 D'ALEXANDRE
1539 260 1587 293 IV

286 373 373 400 2573
761 372 898 403 Viterbe,
918 371 935 398 2
954 371 1023 404 juin
1044 370 1131 397 1258.

246 414 422 445 Guillelmo,
447 413 558 440 rectori
582 412 727 439 ecclesiae
753 412 789 438 dc
814 411 994 442 Wandorio,
1019 410 1213 436 pictavensis

205 454 346 485 diocesis,
368 453 509 485 indulget
530 454 565 478 ut
587 451 928 485 archipresbyteratum
943 452 975 477 et
988 450 1213 484 capiceriatum

204 494 350 520 ecclesiae
361 493 395 519 Β.
409 492 525 518 Mariae
537 492 574 518 de
586 492 758 523 Mirabello,
771 498 841 517 cum
853 490 982 517 ecclesia
994 490 1031 516 de
1042 489 1212 516 Wandorio

204 533 336 560 retinere
356 532 465 566 possit.
486 532 583 564 (Rnc.
604 532 652 563 25,
673 531 694 557 f.
718 528 774 558 139
794 534 839 562 ν’),
861 538 910 556 an.
935 530 986 561 IV,
1007 536 1033 556 c.
1056 529 1136 562 146.)

245 622 435 655 «Guillelrno,
465 622 570 651 rectori
598 621 719 650 ecclesie
746 621 781 650 de
811 620 989 654 Wandorio,
1018 618 1212 648 Pictavensis

202 675 341 705 diocesis.
372 675 492 704 Petitio
522 677 578 703 tua
610 674 701 703 nobis
731 673 875 703 exhibita
906 673 1094 702 continebat
1124 671 1210 711 quod

202 729 285 758 bone
322 727 505 761 memorie..¹
544 726 711 765 episcopus
758 726 965 760 pictavensis,
1016 725 1210 754 tenuitatem

201 781 387 811 reddituum
419 780 742 819 archipresbiteratus
774 782 806 808 et
839 779 1049 817 capiceriatus
1081 778 1211 808 ecclesie

198 834 299 864 Beate
309 834 408 863 Marie
419 834 456 862 de
468 833 642 867 Mirabello,
654 842 791 872 quorum
803 841 884 861 unus
894 831 986 861 alteri
996 833 1045 860 est
1054 839 1210 865 annexus,

201 887 370 925 diligenter
390 887 573 920 attendens,
593 895 645 915 eos
667 886 796 915 ecclesie
819 888 873 914 tue
897 885 934 914 de
955 884 1117 913 Wandero
1139 883 1211 921 (sic)

200 943 269 969 tam
293 940 467 978 apostolica
494 948 592 978 quam
617 939 812 968 auctoritate
837 937 997 967 ordinaria
1023 937 1117 966 duxit
1141 945 1209 975 per-

200 995 299 1031 petuo
332 993 560 1025 annectendos,
595 992 718 1030 tibique
750 991 818 1029 jam
861 991 964 1020 dictos
997 989 1212 1028 archipresbi-

200 1048 342 1075 teratum
362 1048 395 1075 et
414 1045 643 1084 capiceriatum
663 1044 810 1078 contulit,
831 1053 849 1073 a
868 1046 900 1072 te
921 1052 984 1073 una
1004 1052 1076 1072 cum
1096 1043 1208 1072 eadem

199 1099 330 1128 ecclesia
350 1099 387 1127 de
407 1098 581 1127 Wandorio
600 1097 794 1131 retinendos,
812 1099 908 1135 prout
926 1096 958 1125 in
977 1096 1091 1125 litteris
1110 1096 1209 1134 ipsius

199 1151 340 1190 episcopi
360 1151 514 1180 confectis
534 1151 648 1180 exinde
668 1159 791 1188 suoque
811 1149 912 1188 sigillo
932 1149 1065 1178 munitis
1085 1149 1209 1187 plenius

200 1204 318 1234 dicitur
334 1204 501 1233 contineri.
521 1204 587 1233 Nos
604 1203 715 1242 itaque
732 1203 798 1232 tuis
815 1202 1104 1241 supplicationibus
1122 1201 1210 1230 incli-

199 1257 278 1291 nati,
301 1259 338 1286 ut
359 1257 487 1286 eosdem
509 1256 850 1294 archipresbiteratum
872 1258 905 1284 et
926 1255 1154 1293 capiceriatum
1176 1257 1209 1283 et

198 1310 364 1340 ecclesiam
394 1310 433 1338 de
462 1309 648 1343 Wandorio,
679 1308 841 1347 premissis
869 1308 954 1337 veris
983 1307 1209 1342 existentibus,

197 1363 306 1392 valeas
322 1362 450 1392 insimul
467 1362 553 1391 licite
569 1362 716 1396 retinere,
727 1361 922 1391 auctoritate
939 1361 999 1390 tibi
1011 1360 1207 1399 presentium

197 1416 410 1455 indulgemus
459 1404 546 1445 Nulli
594 1417 702 1444 nostre
752 1414 964 1444 concessionis
1016 1416 1077 1443 etc.
1130 1413 1208 1443 Dat.

198 1469 345 1503 Viterbii,
375 1468 443 1498 1111
471 1477 571 1498 nonas
596 1468 689 1506 junii,
716 1476 801 1497 anno
829 1469 955 1506 quarto.
983 1478 995 1494 »

279 1672 368 1698 2574
764 1673 902 1705 Viterbe,
919 1673 937 1700 6
952 1673 1021 1706 juin
1039 1673 1125 1700 1258.

238 1727 409 1754 Ecclesiam
420 1726 449 1753 S.
462 1726 587 1761 Georgii
595 1727 632 1753 de
643 1726 791 1753 Surrento
800 1727 856 1753 «ad
866 1727 1003 1753 Hortum
1014 1726 1054 1752 ad
1065 1726 1207 1759 Cavam»,

198 1774 295 1801 quam
310 1767 420 1794 Petrus
436 1766 640 1800 Filangerius,
656 1766 836 1800 capellanus
851 1774 934 1798 suus,
949 1768 1052 1793 rector
1065 1766 1206 1799 eJ‘usdem

197 1806 344 1833 ecclesiae
371 1807 523 1840 perpetuo
551 1807 595 1833 eis
625 1808 828 1838 concesserat,
858 1806 1015 1832 sororibus
1033 1806 1155 1832 ordinis
1175 1806 1204 1832 S.

197 1846 346 1873 Damiani
371 1847 403 1872 in
430 1846 571 1873 Surrenti
587 1846 718 1872 civitate
735 1846 932 1872 morantibus
950 1846 988 1872 de
1006 1853 1088 1872 novo
1108 1846 1206 1872 donat

195 1887 228 1913 in
248 1888 446 1920 perpetuum.
467 1886 564 1919 (Rea.
586 1886 635 1918 25,
655 1886 677 1912 f.
700 1886 758 1912 139
777 1889 824 1918 v0,
846 1893 896 1912 an.
921 1885 974 1918 lv,
996 1893 1021 1912 c.
1045 1885 1126 1918 147.)

236 1988 248 2003 «
277 1976 437 2015 Philippe,
477 1976 632 2006 abbatisse
661 1977 688 2006 ei
715 1976 873 2006 sororibus
902 1975 979 2014 ejus,
1009 1975 1204 2005 morantibus

198 2029 230 2059 in
256 2029 376 2059 civitate
402 2029 554 2064 Surrenti,
581 2029 702 2058 ordinis
728 2029 835 2059 Sancti
857 2028 1022 2058 Damiani.
1049 2029 1100 2058 Ex
1124 2028 1203 2058 serie

193 2084 300 2112 vestre
315 2099 368 2112 —.
385 2082 462 2112 Dat.
479 2081 627 2116 Viterbii,
644 2082 727 2111 VIII
744 2082 816 2111 idus
832 2082 924 2120 junii,
942 2090 1027 2111 anno
1045 2083 1172 2120 quarto.
1190 2091 1203 2108 ι

272 2273 360 2299 2575
734 2273 872 2306 Viterbe,
891 2274 928 2301 10
944 2274 1013 2308 juin
1031 2274 1118 2301 1258.

231 2326 450 2358 Bellindotem‚
480 2326 665 2353 canonicum
688 2326 915 2359 Florentinum,
939 2325 971 2354 in
1003 2328 1200 2362 capellanum

192 2373 283 2393 suum
297 2366 451 2393 admittit.
473 2366 570 2399 (Rea.
593 2366 642 2398 25,
664 2366 686 2392 f.
710 2366 766 2393 139
788 2370 834 2398 v0,
858 2374 907 2393 an.
934 2367 985 2399 IV,
1009 2375 1034 2394 c.
1059 2367 1139 2401 148.)

232 2467 245 2483 α
268 2455 450 2486 Clarissimo
478 2455 655 2490 BeHindoti,
684 2456 831 2485 canonico
858 2456 1048 2487 Florentino.
1076 2458 1199 2487 Meritis

190 2511 246 2538 tue
268 2509 440 2547 probitatis
463 2526 514 2538 ——.
538 2509 614 2538 Dat.
638 2508 785 2543 Viterbii,
813 2509 879 2538 IIII
903 2510 974 2539 idus
996 2510 1088 2548 junii,
1113 2520 1198 2541 anno

190 2564 318 2601 quarto.
362 2573 373 2588 »

270 2761 357 2787 2576
757 2763 894 2795 Viterbe,
913 2763 929 2790 3
946 2764 1010 2789 mai
1028 2763 1115 2790 1258.

230 2813 349 2840 Thome
380 2815 417 2840 de
449 2814 647 2843 Combornio.
679 2816 790 2841 rectori
822 2816 968 2842 ecclesiae
1000 2816 1037 2842 de
1068 2817 1196 2849 Asiano,

190 2853 385 2880 Pictavensis
414 2854 555 2886 diocesis,
583 2854 709 2881 abbatis
737 2855 864 2888 Majoris
891 2856 1074 2882 Monasterii
1101 2856 1198 2883 Turo-

190 2892 295 2919 nensis
320 2894 500 2926 camerario,
525 2893 668 2928 indulget
692 2895 738 2926 ut,
764 2894 862 2928 ipsius
887 2895 1014 2922 abbatis
1039 2896 1198 2929 obsequiis

189 2932 362 2959 insistendo
378 2934 544 2967 tamquam
559 2941 633 2960 suus
649 2934 838 2961 domesticus
854 2935 1082 2967 commensaIiS,
1098 2936 1198 2969 possit

190 2979 289 3005 usque
314 2972 354 2999 ad
377 2972 628 3006 quinquennium
652 2973 684 3000 in
707 2973 835 3001 ecclesia
860 2982 916 3001 sua
941 2975 978 3002 de
1001 2975 1119 3002 Asiano
1143 2983 1198 3009 per

1322 369 1472 396 idoneum
1495 370 1647 397 vicarium
1672 370 1835 402 deservire,
1859 372 1891 397 et
1913 371 2039 398 interim
2061 372 2158 406 ipsius
2181 371 2328 399 ecclesiae

1322 410 1479 444 percipere
1504 417 1575 436 cum
1600 410 1782 443 integritate
1807 412 1978 444 proventus
2003 418 2123 438 necnon
2148 412 2188 438 ad
2213 410 2327 438 tacien-

1321 449 1397 475 dum
1420 450 1450 476 in
1475 456 1511 476 ea
1533 449 1728 484 personalem
1750 450 1954 477 residentiam
1976 452 2008 477 et
2031 451 2071 477 ad
2094 451 2327 485 suscipiendum

1319 489 1445 515 interim
1467 490 1639 523 superiores
1660 490 1784 516 ordines
1805 497 1823 516 a
1844 497 2006 524 quoquam
2026 492 2163 524 nequeat
2183 491 2327 518 coerceri.

1320 529 1417 561 (Rnc.
1438 529 1486 560 25,
1506 529 1527 554 f.
1550 528 1606 556 139
1627 533 1672 560 v0,
1693 536 1743 556 an.
1767 529 1819 561 IV,
1839 536 1865 556 c.
1888 530 1968 562 149.)

1360 642 1372 658 α
1397 631 1509 661 Thome
1539 632 1575 661 de
1606 632 1801 667 Combomio,
1832 633 1939 662 rectori
1970 632 2090 662 ecclesie
2119 633 2155 662 de
2193 633 2325 668 Asiano,

1318 683 1511 714 Piclovensis
1542 685 1681 714 diocesis.
1713 685 1836 714 Meritis
1868 688 1923 715 tue
1954 686 2135 715 devotionis
2165 703 2215 714 —.
2248 685 2325 716 Dat.

1318 736 1463 771 Viterbii,
1482 737 1509 766 V
1527 747 1628 767 nonas
1645 738 1731 772 maii,
1749 747 1834 768 anno
1852 741 1979 777 quarto.
1997 750 2010 765 »

1397 927 1484 954 2577
1873 929 2011 961 Viterbe,
2026 929 2062 956 10
2074 929 2143 963 jmn
2157 929 2244 957 1258.

1358 980 1485 1013 Hugoni
1502 981 1660 1015 Lemoyne
1677 982 1838 1016 dispensat
1855 984 1890 1008 ut
1907 984 2031 1016 praeter
2047 982 2084 1009 de
2106 982 2224 1016 Tyring
2239 983 2272 1009 et
2287 982 2326 1009 de

1318 1019 1532 1053 Hallingebire
1571 1021 1724 1053 ecclesias,
1765 1022 1990 1049 Lincolniensis
2029 1024 2059 1048 et
2099 1022 2326 1049 Londoniensis

1317 1059 1497 1092 diocesium,
1517 1068 1624 1087 curam
1640 1062 1816 1088 animarum
1836 1062 1998 1094 habentes
2021 1069 2098 1095 quas
2119 1062 2159 1088 ad
2180 1068 2326 1096 praesens

1317 1100 1382 1125 sine
1423 1100 1656 1134 dispensatione
1696 1101 1869 1135 apostolica
1908 1102 2043 1133 obtinet,
2083 1102 2183 1135 possit
2222 1101 2326 1128 adhuc

1317 1139 1443 1166 unicum
1470 1140 1556 1166 aliud
1582 1140 1827 1167 ecclesiasticum
1854 1141 2042 1168 beneficium
2068 1142 2166 1168 etiam
2191 1140 2325 1168 similem

1317 1186 1423 1205 curam
1440 1179 1569 1211 habens,
1587 1180 1731 1214 recipere.
1750 1180 1846 1213 (Rea.
1864 1180 1913 1212 25,
1929 1181 1951 1207 f.
1972 1181 2037 1213 140,
2055 1188 2105 1208 an.
2126 1181 2178 1213 IV,
2195 1188 2220 1208 c.
2240 1180 2322 1214 150.)

1358 1293 1370 1309 «
1392 1282 1523 1321 Huyoni
1547 1283 1710 1322 Lemoyne,
1735 1284 1842 1313 rectori
1867 1284 1987 1314 ecclesie
2010 1284 2046 1314 de
2073 1284 2192 1323 Tyriny
2215 1307 2222 1319 ‚
2247 1284 2326 1315 Lin-

1315 1335 1481 1365 colniensis
1503 1336 1643 1366 diocesis.
1666 1336 1819 1366 Volentes
1841 1337 1902 1366 tibi
1924 1339 1979 1367 tue
2001 1355 2052 1366 —.
2077 1337 2152 1367 Dat.
2176 1337 2324 1372 Viterbii,

1318 1388 1386 1418 IIII
1412 1389 1484 1418 idus
1508 1389 1600 1428 junii,
1627 1398 1712 1419 anno
1739 1392 1866 1429 quarto.
1893 1401 1905 1417 n

1395 1580 1484 1606 2578
1857 1580 1995 1612 Viterbe,
2015 1580 2051 1607 10
2066 1581 2136 1614 juin
2154 1581 2242 1609 1258.

1356 1633 1496 1660 Roberto
1511 1633 1549 1659 de
1562 1632 1653 1659 Novo
1668 1633 1815 1665 Mercato,
1830 1634 1942 1660 rectori
1955 1634 2103 1660 ecclesiae
2116 1635 2153 1660 de
2167 1634 2322 1668 Arkeleia‚

1317 1672 1523 1699 Eboracensis
1543 1672 1683 1704 diocesis,
1704 1673 1864 1706 dispensat
1885 1675 1920 1699 ut
1940 1675 2064 1707 praeter
2083 1674 2145 1701 duo
2165 1674 2323 1702 ecclesias-

1313 1713 1378 1739 tica
1399 1712 1552 1739 beneficia
1571 1719 1652 1746 quae
1673 1712 1713 1739 ad
1733 1719 1878 1746 praesens
1891 1720 1930 1739 ex
1943 1713 2176 1747 dispensatione
2196 1716 2322 1749 aposto-

1312 1752 1373 1779 lica
1395 1753 1529 1785 obtinet,
1553 1753 1615 1779 duo
1637 1751 1700 1778 alia
1721 1752 1931 1779 ecclesiastica
1952 1753 2105 1780 beneficia
2127 1761 2234 1781 curam
2257 1755 2323 1782 ani-

1314 1799 1437 1819 marum
1452 1793 1613 1823 habentia,
1640 1792 1737 1818 etiam
1753 1792 1778 1818 si
1793 1792 1963 1825 dignitates
1978 1793 2027 1819 vel
2043 1795 2228 1827 personatus
2242 1794 2323 1821 exis-

1313 1833 1395 1864 tant,
1418 1832 1554 1866 recipere
1575 1831 1685 1866 possit.
1708 1831 1805 1865 (REG.
1829 1832 1877 1863 25,
1900 1832 1921 1858 f.
1946 1832 2013 1864 140,
2037 1840 2086 1859 an.
2113 1833 2165 1865 IV,
2188 1840 2214 1861 c.
2239 1833 2320 1868 151.)

1355 1940 1367 1955 «
1388 1929 1518 1959 Roberto
1533 1929 1570 1959 de
1585 1929 1673 1959 Novo
1688 1929 1838 1963 Memno,
1854 1929 1961 1959 rectori
1977 1929 2098 1959 ecclesie
2112 1930 2148 1960 de
2163 1930 2319 1966 Arkeleia,

1311 1981 1516 2012 Eboracensis
1538 1982 1677 2012 diocesis.
1700 1982 1853 2012 Volentes
1875 1982 1936 2012 tibi
1969 1984 2031 2012 etc.
2053 2000 2104 2012 —.
2127 1983 2205 2013 Dat.
2227 1985 2266 2013 ut
2286 1983 2319 2014 in

1309 2035 1382 2065 alia.
1421 2046 1433 2062 ι)

1388 2240 1478 2266 2579
1776 2240 1916 2272 Viterbe,
1931 2240 1948 2267 6
1963 2240 2134 2267 novembre
2149 2240 2236 2268 1257.

1350 2293 1595 2320 Submissionem
1631 2294 1814 2320 monasterii
1848 2294 1877 2320 S.
1906 2293 2022 2320 Mariae
2049 2291 2170 2320 insulae
2191 2293 2318 2321 Usticae

1307 2333 1339 2359 in
1366 2333 1456 2365 Mari,
1482 2333 1726 2360 panormitanae
1753 2334 1894 2365 diocesis,
1921 2333 2111 2360 monasterio
2138 2333 2318 2366 casemarii,

1307 2372 1482 2399 Verulanae
1509 2373 1650 2405 diocesis,
1679 2373 1856 2404 confirmat,
1884 2373 1995 2406 prioris
2021 2374 2052 2400 et
2078 2372 2213 2400 fratrum
2240 2373 2318 2400 dicti

1308 2412 1442 2439 Sanctae
1464 2413 1580 2440 Mariae
1611 2413 1648 2439 de
1678 2410 1788 2440 Ustica
1811 2413 1990 2439 litterarum
2011 2414 2152 2439 tenorem
2174 2419 2318 2447 praesen-

1306 2452 1394 2478 tibus
1411 2453 1558 2479 inserens.
1578 2453 1675 2486 (Rau.
1694 2452 1743 2484 25,
1762 2453 1783 2479 f.
1804 2453 1871 2484 140,
1891 2460 1940 2479 an.
1964 2452 2016 2484 IV,
2034 2460 2060 2479 c.
2080 2452 2162 2486 152.)

1347 2560 1360 2576 (ι
1383 2571 1412 2584 ..,
1436 2549 1542 2579 abbati
1564 2550 1591 2579 et
1618 2549 1778 2579 conventui
1808 2549 1988 2579 monosterii
2019 2548 2202 2584 Casemarii,
2247 2548 2316 2579 Cis-

1304 2602 1463 2632 terciensis
1480 2602 1611 2636 ordinis
1635 2602 1787 2631 Verulane
1804 2602 1943 2632 diocesis.
1957 2602 2036 2631 Cum
2054 2610 2072 2631 a
2083 2602 2175 2632 nobis
2192 2601 2316 2640 petitur

1305 2658 1366 2685 etc.
1398 2664 1517 2694 usque:
1549 2655 1591 2685 ad
1624 2655 1787 2684 effectum.
1821 2656 1903 2686 Sane
1934 2657 2120 2694 presentata
2151 2654 2243 2684 nobis
2273 2663 2315 2684 ex

1305 2710 1397 2746 parte
1416 2710 1523 2737 vestra
1542 2708 1658 2746 petitio
1678 2708 1866 2737 continebat
1886 2708 1972 2747 quod
1992 2707 2099 2737 dilecti
2117 2707 2208 2742 filit„
2227 2707 2315 2746 prior

1305 2764 1339 2790 et
1362 2761 1476 2790 fratres
1503 2761 1619 2791 Sancte
1644 2761 1742 2790 Marie
1771 2761 1875 2790 Insule
1900 2761 2009 2791 Ustice
2033 2761 2065 2790 in
2082 2760 2173 2794 Mari,
2194 2760 2313 2790 Panor-

1305 2814 1427 2843 mitane
1442 2814 1586 2847 diocesis,
1602 2814 1656 2852 qui
1672 2814 1788 2843 nullius
1811 2814 1929 2843 ordinis
1956 2813 2160 2843 observantie
2188 2812 2313 2842 astricti

1304 2866 1444 2900 fuerant,
1471 2867 1635 2905 cupientes
1661 2867 1720 2896 sub
1745 2866 1950 2896 observantia
1975 2866 2074 2895 vestri
2099 2866 2218 2895 ordinis
2243 2873 2312 2904 per-

1305 2922 1404 2958 petuo
1426 2919 1566 2949 Domino
1588 2919 1748 2953 famulari,
1770 2929 1802 2948 se
1823 2922 1856 2948 et
1878 2919 2001 2948 dictum
2023 2919 2128 2948 Iocum
2150 2927 2222 2948 cum
2243 2926 2311 2947 om-

1306 2973 1399 3002 nibus
1417 2973 1541 3010 juribus
1561 2975 1592 3001 et
1612 2973 1813 3011 pertinentiis
1831 2972 2005 3001 eorundem
2023 2972 2115 3002 vobis
2134 2974 2166 3001 et
2184 2979 2310 3001 monas-
