2477 3512
177 274 244 308 820
764 267 768 270 ’
907 263 1165 298 REGISTRES
1182 260 1519 295 D’ALEXANDRE
1535 259 1583 292 IV

178 380 302 400 marum
332 372 479 402 habente,
507 370 594 397 licite
613 368 706 396 simul
736 367 861 398 habere,
893 373 930 393 ac
959 366 1083 400 praeter
1112 363 1191 390 haec

179 413 307 439 unicum
330 412 433 438 adhuc
461 409 661 439 beneficium,
684 407 781 434 etiam
805 406 830 432 si
854 405 991 439 dignitas
1014 404 1063 431 vel
1086 409 1189 437 perso-

179 454 274 479 natus
285 451 402 478 existat
413 452 444 477 et
455 449 589 476 similem
600 454 707 474 curam
719 447 845 477 habeat,
857 445 993 478 recipere
1003 446 1036 470 et
1046 443 1189 472 retinere,

180 494 212 519 et
237 492 262 519 si
287 491 396 517 eadem
422 488 576 516 beneficia
600 487 782 520 resignaret,
806 485 874 512 loco
899 485 1038 518 ipsorum
1064 482 1126 509 alia
1151 481 1190 507 si-

180 532 267 558 milia
288 529 441 557 beneficia
461 528 597 562 recipere
617 528 649 554 et
669 526 794 553 habere.
815 525 913 558 (Rea.
935 523 983 555 25,
1004 524 1026 550 f.
1049 522 1116 553 153,
1139 527 1189 547 an.

184 571 236 603 lv,
277 578 302 597 c.
344 568 426 602 222.)

223 684 234 699 α
260 671 412 701 Willelmo
436 670 471 699 de
495 669 651 703 Asneriis,
677 668 835 707 capellano
859 667 972 700 nostro,
997 665 1110 695 decano
1134 664 1191 693 Le-

179 724 329 755 xoviensi.
362 723 433 753 Etsi
464 725 596 761 propter
626 721 820 751 ambitiones
851 737 900 748 -—-.
934 719 1010 748 Dat.
1042 717 1189 752 Viterbii,

182 778 274 808 nonis
301 775 502 815 septembris,
530 784 615 805 anno
642 776 769 813 quarto.
798 785 810 800 »

263 978 351 1004 2880
714 972 854 1004 vitm-be,
873 971 907 998 31
929 970 1005 997 aofit
1024 969 1111 996 1258.

226 1031 374 1065 Magistro
409 1028 543 1063 Rogerio
577 1028 614 1054 de
648 1026 784 1060 Scytone
816 1024 958 1057 indulget
993 1024 1038 1054 ut,
1072 1023 1195 1056 praeter

183 1070 345 1098 ecclesiam
369 1070 407 1096 de
428 1069 522 1096 Wika
545 1064 945 1098 Hamonis,Lincolniensis
968 1062 1109 1093 diocesis,
1133 1061 1194 1087 duo

183 1111 246 1137 alia
273 1110 483 1137 ecclesiastica
512 1106 675 1137 beneficia,
704 1105 800 1132 etiam
829 1104 855 1131 si
883 1110 989 1130 curam
1019 1102 1195 1128 animarum

183 1150 333 1181 habeant,
355 1149 454 1183 possit
473 1148 607 1181 recipere
627 1147 659 1172 et
678 1145 811 1172 retinere
831 1145 862 1171 et
883 1144 908 1170 si
928 1142 1056 1176 aliquod
1073 1149 1111 1168 ex
1135 1140 1197 1167 illis

184 1191 366 1224 resignaret,
380 1189 472 1215 liceat
481 1188 508 1214 ei
521 1187 608 1214 aliud
626 1186 694 1212 loco
706 1185 779 1212 illus
798 1184 884 1218 quod
897 1182 1102 1216 resignaverit
1121 1180 1197 1207 reci-

185 1237 266 1264 pere.
296 1229 393 1261 (Bi-zo.
417 1228 466 1260 25,
492 1227 512 1253 f.
538 1226 606 1257 153,
629 1232 679 1252 an.
706 1224 758 1256 IV,
781 1231 807 1250 c,
830 1222 913 1256 223.)

226 1344 238 1359 «ι
255 1331 412 1370 Magistro
429 1329 561 1368 Royerio
578 1328 613 1358 de
632 1328 770 1366 Scytone,
788 1326 895 1356 rectori
913 1325 1033 1355 ecclesie
1050 1325 1085 1354 de
1104 1323 1197 1354 Wika

184 1385 352 1419 Hamonis,
382 1381 614 1413 Lincolniensis
642 1380 782 1411 diocesis.
813 1378 996 1418 Apostolice
1027 1377 1116 1408 Sedis
1144 1377 1198 1406 be-

184 1438 325 1477 nignitas
353 1454 404 1466 —.
436 1436 512 1465 Dat.
542 1434 690 1468 Viterbii,
725 1433 756 1462 ΙΙ
785 1433 849 1462 kal.
880 1430 1082 1470 septembris,
1112 1438 1197 1460 anno

185 1493 314 1530 quarto.
351 1501 363 1517 »

269 1676 357 1703 2667
641 1673 780 1704 Viterbe,
801 1672 819 1699 6
838 1671 1010 1699 novembre
1030 1670 1117 1697 1257.

231 1729 480 1757 Submissionem
517 1726 701 1754 monasterii
749 1725 778 1752 S.
824 1725 943 1751 Mariae
986 1723 1106 1750 insulae
1144 1723 1202 1751 Us-

188 1770 271 1796 ticae
294 1770 325 1795 in
350 1768 439 1800 Mari,
464 1767 710 1794 Panormitanae
734 1764 875 1796 diocesis,
899 1763 1090 1790 monasterio
1114 1763 1202 1790 Case-

190 1809 291 1840 marii,
313 1807 488 1835 Verulanae
511 1807 652 1838 diocesis,
675 1805 852 1836 confirmat,
875 1805 912 1830 ut
932 1804 963 1830 in
993 1803 1203 1837 praecedenti,

186 1849 295 1875 littera
313 1848 368 1882 (1),
388 1855 459 1874 cum
477 1846 617 1874 clausula
630 1845 766 1880 speciali.
784 1845 881 1878 (Rau.
901 1843 949 1875 25,
968 1843 990 1869 f.
1011 1843 1068 1869 153
1087 1847 1133 1875 v0‚
1153 1850 1203 1869 an.

193 1888 246 1921 IV,
277 1896 302 1915 c.
334 1888 416 1921 224.)

233 2003 255 2020 «.
272 2014 289 2026 .‚
314 1991 419 2020 abbati
443 1992 469 2019 et
492 1989 652 2019 conventui
675 1987 856 2030 monosterii
890 1986 1074 2020 Casemarii,
1094 1985 1206 2016 Cister-

192 2044 306 2074 ciensis
320 2044 450 2077 ordinis,
464 2042 638 2072 Verulanae
649 2041 789 2071 diocesi&
802 2040 882 2070 Cum
896 2049 914 2069 a
925 2039 1017 2069 nobis
1024 2039 1069 2077 (2)
1076 2056 1126 2068 —.
1139 2039 1206 2069 Nos

192 2099 292 2137 igitur
310 2096 426 2126 vestris
446 2095 738 2134 supplicationibus
758 2093 905 2122 inclinati
926 2092 1012 2131 quod
1033 2101 1128 2131 super
1147 2092 1207 2121 hoc

193 2152 236 2181 ab
256 2150 375 2180 eisdem
395 2149 499 2188 priore
519 2151 552 2178 et
570 2148 725 2177 fratribus
745 2146 871 2176 factum
891 2148 940 2175 est
959 2147 1066 2174 ratum
1086 2147 1119 2174 et
1138 2153 1207 2183 gra-

194 2207 266 2234 tum
296 2203 462 2236 habentes,
493 2202 524 2231 id
545 2200 741 2230 auctoritate
770 2199 947 2238 apostolica
978 2198 1207 2227 confirmamus

195 2260 228 2287 et
252 2256 408 2295 presentis
429 2254 540 2293 scripti
557 2253 737 2293 patrocinio
753 2251 1001 2285 communimus,
1022 2251 1208 2289 supplentes

197 2309 370 2342 defectum,
390 2308 416 2337 si
435 2308 506 2346 quis
525 2316 565 2336 ex
584 2314 777 2346 quacunque
796 2314 893 2334 causa
912 2304 1023 2333 extitit
1034 2304 1066 2333 in
1077 2304 1209 2342 premis-

196 2363 249 2396 sis,
275 2362 313 2391 de
336 2349 510 2400 apostolice
533 2359 734 2398 plenitudine
758 2357 942 2396 potestatis,
967 2366 1004 2386 ac
1027 2359 1208 2386 statuentes

197 2417 237 2444 ut
254 2415 340 2444 dicta
357 2413 488 2443 ecclesia
505 2415 538 2442 et
550 2421 684 2451 persone
698 2411 777 2440 inibi
794 2412 1040 2444 commorantes,
1056 2419 1128 2439 cum
1142 2418 1209 2439 om-

199 2468 294 2497 nibus
315 2466 440 2504 juribus
461 2468 494 2495 et
515 2464 717 2504 pertinentiis
739 2464 803 2493 suis
837 2472 899 2501 que
920 2463 952 2492 in
974 2463 1209 2501 presentiarum

199 2520 285 2559 juste
317 2528 354 2548 ac
385 2518 519 2557 pacifice
550 2517 716 2556 possident
736 2519 768 2546 et
799 2516 831 2545 in
864 2515 981 2545 futuris
999 2515 1209 2553 temporibus,

202 2573 300 2602 dante
322 2571 472 2605 Domino,
494 2572 648 2609 poterunt
678 2569 822 2608 adipisci,
845 2568 938 2598 vobis
960 2571 993 2598 et
1014 2568 1210 2598 monasterio

202 2628 310 2655 vestro
344 2624 482 2658 subsint,
518 2624 723 2653 decernentes
758 2621 984 2651 nichilominus
1017 2621 1144 2650 irritum
1179 2623 1212 2650 et

202 2679 297 2708 inane
317 2678 343 2707 si
357 2677 444 2716 quod
465 2679 577 2706 contra
598 2676 751 2714 premissa
772 2675 823 2704 vel
839 2674 970 2713 aliquod
985 2674 1211 2712 premissorum

202 2741 222 2761 a
244 2739 409 2770 quoquam
431 2729 601 2768 contigerit
621 2727 822 2766 attemptari.
853 2728 1009 2757 Tenorem
1030 2727 1212 2756 litterarum

203 2784 346 2822 ipsarum
383 2785 443 2812 etc.
480 2799 521 2803 —
545 2782 621 2811 Dat.
647 2781 794 2815 Viterbii,
818 2780 883 2810 VII
920 2780 992 2809 idus
1018 2779 1211 2813 novembris,

203 2845 290 2866 anno
326 2835 432 2865 tertio.
470 2846 482 2862 >2

242 2940 267 2963 1.
286 2937 351 2967 Cap.
377 2938 437 2968 152,
458 2942 494 2960 no
517 2938 586 2962 2579

241 2973 267 2998 2.
288 2973 360 2998 Pour
379 2974 418 2998 les
438 2978 565 3003 passages
587 2972 740 3002 supprimes
762 2973 805 3001 ici,
826 2972 885 2995 voir
907 2972 930 2995 le
951 2974 985 2993 11⁰
1005 2970 1073 2994 2579

1375 361 1464 387 2868
1826 359 1965 390 Viterbe,
1985 358 2022 385 13
2040 358 2120 385 avril
2138 357 2225 385 1258.

1338 413 1521 448 Praeposito
1556 412 1704 439 ecclesiae
1739 412 1768 439 S.
1803 411 1988 443 Audomari‚
2024 411 2209 438 Morinensis
2243 409 2312 438 dio—

1297 454 1385 485 cesis,
1415 453 1547 480 mandat
1571 454 1605 479 ut
1628 452 1817 485 magistrum
1838 451 2038 478 Arditionem
2061 451 2100 477 de
2122 450 2244 478 comite
2265 456 2312 477 re·-

1297 493 1395 527 cipiat
1411 493 1441 519 in
1457 492 1644 519 canonicum
1659 492 1750 525 eique
1765 491 1804 517 de
1818 490 1998 525 praebenda
2013 490 2120 524 aliqua
2134 490 2311 524 provideat.

1297 533 1397 567 (Rae.
1420 532 1468 563 25,
1491 532 1512 558 f.
1538 532 1604 563 154,
1627 538 1677 558 an.
1703 531 1755 562 IV,
1778 538 1803 558 c.
1826 530 1909 563 225.)

1339 668 1396 691 «..,
1426 656 1582 695 preposito
1611 655 1732 685 ecclesie
1762 655 1870 686 Sancti
1899 654 2086 689 Audomari,
2117 653 2314 685 Mutinensis

1297 709 1437 739 diocesis.
1470 709 1615 739 Dilectus
1645 708 1732 738 filius
1763 708 1917 747 magister
1947 707 2075 738 Arditio
2106 707 2145 737 de
2177 706 2313 741 Comite.

1298 762 1515 792 subdiaconus
1546 764 1664 795 noster,
1696 761 1879 800 prepositus
1911 760 2021 791 Sancti
2052 759 2219 790 Laurentii
2248 759 2340 790 Me-·

1299 815 1503 848 diolanensis,
1538 814 1722 853 capellanus
1757 814 1865 843 dilecti
1899 813 1958 842 filii
1992 813 2094 843 nostri
2128 812 2177 847 O.,
2205 812 2316 843 Sancti

1299 868 1434 897 Adriani
1453 868 1579 897 diaconi
1597 867 1779 901 cardinalis,
1799 866 1891 896 nobis
1909 865 2060 904 exposuit
2077 865 2164 904 quod
2181 865 2317 895 dilectus

1300 919 1420 955 filius..,
1437 920 1623 959 prepositus
1650 920 1780 950 ecclesie
1797 919 1980 953 Furnensis,
1998 918 2181 957 capellanus
2198 920 2316 956 noster,

1301 973 1490 1003 Morinensis
1514 973 1658 1007 diocesis,
1682 973 1724 1002 ad
1748 981 1844 1012 quem
1869 972 1998 1002 collatio
2021 971 2260 1010 prebendarum
2282 970 2318 1000 in

1301 1026 1369 1065 ipsa
1394 1026 1524 1056 ecclesia
1549 1026 1701 1064 pertinet,
1726 1026 1830 1055 eidem
1854 1025 2020 1063 magistro,
2044 1024 2240 1054 auctoritate
2263 1023 2318 1054 lit-

1302 1081 1445 1109 terarum
1464 1078 1563 1108 felicis
1575 1078 1806 1108 recordationis
1821 1078 1856 1112 1.,
1867 1087 1951 1116 pape
1962 1076 2193 1116 predecessoris
2204 1076 2318 1112 nostri,

1303 1132 1530 1162 canonicatum
1547 1131 1646 1170 ipsius
1662 1131 1791 1161 ecclesie
1808 1139 1882 1160 cum
1898 1130 2099 1170 plenitudine
2117 1129 2197 1168 iuris
2221 1137 2319 1159 cano-

1304 1185 1366 1214 nici
1390 1185 1539 1218 contulit,
1569 1184 1740 1223 ipsumque
1763 1184 1802 1214 de
1827 1184 1914 1213 dicto
1934 1183 2127 1213 canonicatu
2150 1191 2207 1221 per
2223 1190 2319 1212 suum
2364 1195 2380 1211 a

1304 1237 1423 1276 pileum
1449 1237 1629 1271 investivit,
1666 1237 1837 1275 dictusque
1873 1236 2077 1275 predecessor
2111 1235 2198 1274 quod
2223 1242 2320 1273 super

1305 1291 1364 1320 hoc
1385 1290 1426 1320 ab
1448 1290 1561 1320 eodem
1579 1290 1743 1329 preposito
1762 1289 1918 1319 Furnensi
1937 1288 2062 1318 factum
2083 1288 2194 1318 extitit
2204 1286 2321 1318 confir-

1305 1343 1418 1373 mavit.
1442 1343 1562 1372 Verum
1585 1343 1670 1372 idem
1693 1343 1847 1381 magister
1864 1342 2003 1376 Arditio,
2025 1341 2179 1371 dubitans
2201 1349 2241 1371 ne
2263 1349 2322 1379 per

1305 1396 1572 1426 constitutionem
1609 1398 1754 1426 nostram
1789 1404 1846 1434 per
1881 1403 1980 1434 quam
2015 1394 2214 1433 receptiones
2249 1401 2320 1433 pre-

1306 1449 1427 1479 bendas
1464 1449 1709 1488 expectantium
1746 1451 1920 1478 vacaturas
1957 1447 2061 1477 factas
2097 1447 2130 1477 in
2167 1446 2322 1482 ecclesiis,

1307 1504 1449 1541 quatuor
1464 1502 1639 1532 dumtaxat
1653 1501 1807 1540 exceptis,
1821 1500 2021 1530 decrevimus
2032 1500 2138 1530 irritas
2151 1502 2184 1529 et
2198 1499 2319 1534 inanes.

1307 1555 1348 1584 ab
1373 1555 1486 1584 eadem
1511 1554 1641 1585 ecclesia
1665 1555 1708 1584 sit
1725 1554 1884 1588 exclusus,
1905 1553 1997 1583 nobis
2015 1552 2180 1582 humiliter
2202 1552 2323 1591 suppli-

1308 1607 1397 1638 cavit
1416 1610 1454 1637 ut
1485 1608 1654 1646 providere
1673 1607 1735 1637 sibi
1755 1616 1851 1645 super
1870 1607 1931 1636 hoc
1951 1608 2087 1645 paterna
2108 1605 2323 1636 sollicitudine

1309 1669 1503 1690 curaremus.
1536 1661 1602 1690 Nos
1633 1660 1744 1699 itaque
1774 1660 1826 1698 jus
1857 1659 1944 1698 quod
1975 1658 2036 1688 sibi
2066 1667 2106 1688 ex
2136 1657 2324 1697 hujusmodi

1310 1713 1481 1744 collatione
1507 1716 1539 1743 et
1565 1713 1759 1743 investitura
1785 1712 1994 1742 canonicatus
2020 1711 2052 1741 in
2079 1711 2166 1741 dicta
2191 1710 2324 1741 ecclesia

1311 1767 1530 1805 competebat,
1562 1766 1794 1796 constitutione
1826 1774 1889 1801 non
1921 1765 2073 1794 obstante
2103 1763 2259 1802 predicta,
2290 1763 2324 1794 in

1312 1822 1437 1850 statum
1448 1819 1620 1858 pristinum
1632 1819 1826 1849 suscitantes
1837 1827 1875 1848 ac
1886 1818 2032 1847 nolentes
2041 1816 2159 1857 [quod]
2167 1826 2224 1856 per
2234 1825 2325 1848 con»-

1312 1872 1502 1903 titutionem
1524 1875 1668 1902 nostram
1690 1881 1786 1911 super
1807 1871 1977 1901 collatione
1998 1872 2032 1900 et
2052 1870 2245 1900 investitura
2266 1870 2326 1900 hu-

1312 1925 1454 1964 J'usmodi
1479 1926 1550 1964 jure
1577 1925 1797 1959 canonicatus,
1825 1926 1858 1954 et
1883 1923 2085 1953 assecutione
2104 1922 2266 1962 prebende
2291 1922 2325 1952 in

1314 1978 1401 2008 dicta
1439 1978 1570 2008 ecclesia
1608 1978 1712 2008 eidem
1749 1977 1904 2016 magistro
1942 1976 2156 2015 prejudicium
2193 1975 2325 2015 aliquod

1314 2034 1493 2071 generetur,
1530 2032 1736 2061 decernentes
1772 2039 1901 2069 quoque
1935 2028 2063 2068 prefato
2097 2028 2252 2068 magistro
2285 2036 2327 2059 ex
2385 2026 2390 2031 “

1315 2085 1485 2114 collatione
1501 2086 1535 2113 et
1550 2084 1754 2118 investitura,
1771 2082 1924 2122 predictis
1939 2082 1972 2111 in
1988 2081 2119 2111 ecclesia
2135 2083 2325 2116 memorata,

1315 2138 1548 2168 constitutione
1565 2146 1628 2167 non
1645 2137 1797 2166 obstante
1813 2135 1968 2174 predicta,
1986 2134 2184 2173 prebendam
2200 2142 2327 2173 compe-

1314 2194 1382 2221 tere
1402 2200 1440 2220 ac
1460 2190 1578 2224 deberi,
1599 2190 1792 2219 mandamus
1813 2188 1977 2228 quatinus,
1998 2187 2024 2217 si
2044 2189 2093 2217 est
2111 2187 2168 2221 ita,
2189 2187 2327 2217 eundem

1315 2244 1507 2282 magistrum
1529 2235 1627 2273 facias
1649 2242 1745 2281 recipi
1766 2242 1799 2271 in
1822 2242 1907 2271 dicta
1930 2240 2061 2270 ecclesia
2083 2240 2115 2269 in
2137 2239 2327 2270 canonicum

1316 2299 1349 2326 et
1371 2297 1402 2326 in
1426 2296 1559 2326 fratrem
1582 2295 1674 2334 eique
1698 2295 1735 2324 de
1758 2294 1921 2333 prebenda
1944 2293 2022 2323 nulli
2044 2292 2098 2322 alii
2121 2293 2160 2322 de
2180 2292 2251 2330 jure
2274 2292 2328 2322 de—

1316 2349 1396 2383 bita,
1420 2349 1512 2388 siqua
1535 2349 1568 2378 in
1591 2348 1749 2387 prelibata
1773 2347 1904 2377 ecclesia
1927 2348 2024 2376 vacat
2047 2345 2088 2375 ad
2112 2353 2252 2384 presens,
2274 2344 2326 2375 vel

1317 2402 1557 2443 quamprimum
1582 2402 1623 2430 ad
1647 2401 1680 2430 id
1705 2400 1859 2430 obtulerit
1883 2408 1915 2429 se
1939 2398 2088 2432 facultas,
2130 2406 2186 2436 per
2220 2399 2254 2427 te
2276 2396 2328 2427 vel

1317 2466 1374 2495 per
1421 2456 1519 2485 alium
1556 2454 1724 2493 providere
1772 2461 1931 2492 procures.
1970 2451 2230 2481 Contradictores
2265 2452 2327 2479 etc.

1318 2509 1477 2539 Nolumus
1501 2510 1612 2537 tamen
1637 2516 1692 2545 per
1716 2507 1776 2536 hoc
1801 2506 1918 2535 dilecto
1942 2504 2010 2534 filio
2034 2503 2188 2542 magistro
2211 2502 2350 2533 Abaia-·

1318 2554 1433 2595 monti,
1454 2560 1691 2598 consanguineo
1711 2562 1831 2592 nostro,
1853 2567 1911 2597 pro
1931 2567 1995 2596 quo
2014 2557 2046 2586 in
2066 2556 2179 2586 eadem
2198 2554 2328 2585 ecclesia

1299 2614 1494 2658 'direximus
1528 2613 1647 2651 scripta
1674 2614 1794 2646 nostra,
1821 2614 1855 2641 et
1873 2619 1969 2650 quem
1989 2609 2051 2649 [in]
2070 2608 2232 2648 prebende
2247 2615 2330 2638 asse-

1320 2668 1449 2697 cutione
1478 2667 1581 2696 eidem
1612 2665 1766 2704 magistro
1796 2667 1830 2694 et
1859 2663 2008 2693 omnibus
2037 2661 2108 2692 aliis
2136 2661 2169 2691 in
2199 2659 2329 2691 ecclesia

1319 2721 1388 2759 ipsa
1410 2719 1546 2758 receptis
1568 2717 1699 2757 preferri
1720 2718 1881 2751 volumus,
1897 2715 2028 2755 aliquod
2044 2713 2258 2753 prejudicium
2277 2719 2330 2751 ge-

1320 2773 1434 2803 nerari.
1471 2772 1547 2802 Dat.
1579 2770 1726 2805 Viterbii,
1761 2770 1868 2800 idibus
1908 2768 2026 2808 aprilis,
2050 2775 2135 2796 anno
2169 2766 2296 2805 quarto.
2318 2775 2332 2792 ι
