2477 3512
1007 317 1285 359 QUATRIEME
1305 316 1468 351 ANNEE
2233 322 2293 352 757

170 425 226 455 ciis
249 426 319 454 tam
343 424 464 453 diurnis
488 433 587 463 quam
611 424 777 454 nocturnis
800 424 897 458 horis,
924 424 1086 454 defectum
1111 433 1174 454 non

169 477 333 506 modicum
361 479 527 515 pateretur
554 476 630 516 quia
659 476 819 507 cotidiane
848 476 1090 507 distributiones
1120 477 1176 506 ho-

169 539 277 559 rarum
303 529 445 568 ipsarum
472 529 565 559 nimis
591 531 685 559 erant
708 531 822 559 tenues
848 532 881 559 et
907 530 1014 564 exiles,
1041 529 1175 559 tandem

169 582 263 611 duxit
282 582 510 611 deliberatione
529 582 664 620 provida
684 582 899 611 ordinandum
918 585 966 616 ut,
986 582 1175 612 cedentibus

167 635 219 665 vel
238 635 498 669 decedentibus...
520 635 558 664 de
576 634 719 668 Viseto..‚
740 634 779 664 de
805 635 1006 669 Laudenes..‚
1029 635 1068 664 de
1098 634 1176 663 Ver-

167 687 253 717 teike
286 687 490 716 ecclesiarum
524 687 711 720 rectoribus,
746 687 930 717 Leodiensis
964 688 1107 721 diocesis,
1142 687 1175 716 in

170 740 286 779 quibus
320 740 372 778 jus
405 742 598 778 patronatus
626 739 763 773 habetis,
793 740 1008 769 instituantur
1031 740 1063 769 in
1098 739 1175 778 ipsis

168 801 301 831 persone
322 793 456 830 ydonee,
480 792 596 830 quibus
619 792 658 821 de
679 792 805 821 illarum
828 792 1007 821 redditibus
1029 801 1086 830 pro
1108 801 1176 821 sus-

166 845 347 875 tentatione
364 853 421 874 sua
439 847 471 874 et
484 844 713 882 supportandis
727 853 837 874 earum
851 845 1000 874 oneribus
1014 845 1175 874 consuetis

167 901 201 927 et
231 898 357 931 debitis,
389 897 593 935 assignentur
623 905 761 935 congrue
792 897 975 935 portiones;
1010 897 1175 927 residuum

165 959 242 980 vero
270 950 429 980 dictorum
456 950 642 979 reddituum
669 952 878 979 convertatur
904 950 936 979 in
963 952 1174 988 augmentum

166 1003 432 1032 distributionum
472 1002 625 1041 ipsarum,
654 1002 794 1032 maxime
822 1012 896 1032 cum
924 1002 1096 1032 facultates
1124 1011 1176 1032 ea-

165 1056 312 1085 rumdem
337 1055 541 1084 ecclesiarum
565 1055 646 1084 adeo
670 1055 887 1084 excrevissent
911 1056 997 1094 quod
1022 1056 1082 1085 hoc
1106 1058 1175 1084 erat

163 1108 280 1150 ‘merito
308 1107 502 1141 faciendum,
531 1109 629 1146 prout
655 1108 688 1136 in
716 1108 905 1146 patentibus
933 1108 1048 1138 litteris
1075 1108 1175 1146 ipsius

165 1161 257 1190 electi
285 1160 439 1190 confectis
468 1160 583 1189 exinde
611 1160 736 1198 plenius
765 1161 883 1190 dicitur
911 1161 1077 1190 contineri.
1108 1161 1175 1190 Nos

163 1213 274 1252 itaque
304 1213 421 1242 vestris
451 1213 742 1251 supplicationibus
773 1213 929 1247 inclinati,
962 1214 1049 1252 quod
1080 1223 1176 1252 super

164 1265 324 1305 premissis
344 1266 477 1304 provide
497 1265 621 1295 factum
641 1268 690 1295 est
709 1268 817 1295 ratum
837 1269 870 1295 et
900 1266 1033 1296 firmum
1053 1267 1174 1296 haben-

163 1321 222 1353 tes,
245 1319 277 1348 id
300 1319 495 1348 auctoritate
517 1318 693 1357 apostolica
716 1318 946 1349 confirmamus
963 1322 996 1348 et
1017 1319 1174 1357 presentis

163 1371 274 1410 scripti
312 1371 491 1410 patrocinio
530 1371 777 1405 communimus,
817 1371 977 1401 diocesani
1008 1374 1041 1401 et
1071 1372 1174 1401 archi-

164 1424 290 1454 diaconi
316 1433 372 1462 per
397 1424 505 1453 omnia
529 1424 600 1462 jure
626 1424 726 1453 salvo.
754 1424 841 1453 Nulli
867 1427 976 1453 nostre
1002 1424 1173 1454 confirma-

162 1477 259 1507 tionis
277 1479 338 1506 etc.
358 1477 434 1506 Dat.
452 1476 599 1510 Viterbii,
619 1476 650 1505 X
668 1476 731 1505 kal.
749 1476 830 1515 julii,
849 1485 934 1506 anno
952 1477 1060 1506 tertio.
1080 1488 1092 1504 n

241 1680 329 1706 2432
756 1680 884 1713 Latran,
896 1681 913 1707 4
925 1682 989 1708 mai
1001 1681 1086 1709 1257.

202 1729 329 1756 Eisdem
357 1729 547 1755 sententiam
569 1728 757 1756 'arbitralem
785 1737 840 1763 per
862 1729 1089 1761 villariensem,
1108 1730 1170 1757 Cis-

160 1766 329 1801 terciensis,
375 1770 407 1795 et
427 1768 661 1800 Floresiensem,
696 1768 997 1796 Premonstratensis
1021 1769 1168 1796 ordinum

161 1808 303 1840 abbates,
337 1815 430 1842 super
462 1808 652 1842 quibusdam
687 1808 827 1835 articulis
859 1808 958 1835 latam
992 1809 1169 1836 confirmat.

160 1847 256 1881 (Bm.
281 1847 330 1879 25,
353 1848 374 1875 f.
400 1847 467 1879 117,
492 1854 541 1875 an.
575 1847 627 1879 IV,
658 1855 682 1875 c.
714 1847 770 1880 22;
795 1846 1023 1880 RODENBERQ
1052 1849 1076 1876 t.
1107 1848 1167 1881 III,

160 1889 199 1913 n⁰
229 1887 312 1921 455).

201 1984 212 1999 α
235 1972 373 2002 Eisdem.
389 1972 436 2001 Ea
451 1981 513 2011 que
526 1972 646 2010 judicio
660 1989 710 2001 —.
727 1972 882 2002 Exhibita
897 1973 1056 2011 siquidem
1074 1973 1166 2002 nobis

158 2027 266 2054 vestra
284 2025 399 2063 petitio
417 2024 605 2055 continebat
623 2025 721 2064 quod,
738 2025 813 2054 licet
831 2026 869 2054 de
887 2026 981 2054 rebus
998 2025 1167 2055 venalibus

158 2077 300 2107 civitatis
335 2077 519 2107 Leodiensis
567 2078 672 2107 nullus
707 2078 830 2117 absque
866 2087 1021 2108 consensu
1057 2081 1166 2108 vestro

158 2130 261 2169 possit
296 2133 330 2160 et
365 2131 482 2160 debeat
519 2130 676 2165 ordinare,
714 2130 796 2160 bone
832 2133 942 2160 tamen
979 2132 1164 2166 memorie..‚

157 2183 340 2212 Leodiensis
370 2183 548 2221 episcopus,
580 2185 672 2212 motu
701 2183 830 2221 proprio
861 2186 973 2213 contra
1003 2184 1165 2222 justitiam

157 2235 274 2265 statuit
301 2238 338 2265 ut
365 2236 403 2265 de
429 2235 561 2274 singulis
587 2236 682 2265 rebus
708 2236 871 2274 predictis¹
904 2239 1010 2274 preter
1039 2237 1165 2275 justum

156 2289 296 2326 pretium
316 2289 402 2327 quod
424 2289 520 2318 datur
539 2297 596 2327 pro
615 2288 670 2322 eis,
691 2291 777 2318 certa
797 2298 923 2318 summa
943 2290 1076 2327 pecunie
1096 2299 1166 2328 per-

156 2341 302 2370 solvatur
325 2341 356 2370 in
371 2344 515 2370 vestrum
532 2341 744 2379 prejudicium
762 2344 795 2370 et
810 2350 984 2380 gravamen
998 2353 1004 2376 ;
1028 2351 1166 2381 cumque

156 2394 374 2432 postmodum,
395 2403 491 2432 super
510 2394 569 2423 hoc
588 2396 621 2423 et
641 2394 774 2423 diversis
794 2395 862 2423 aliis
882 2395 1035 2428 articulis.
1056 2404 1163 2424 coram

155 2447 238 2476 bone
263 2446 447 2481 memorie..‚
473 2447 655 2476 Tusculano
680 2447 828 2485 episcopo
853 2449 885 2476 et
911 2448 957 2481 P„
982 2448 1090 2477 Sancti
1110 2448 1166 2477 Ni-

155 2499 236 2529 colai
258 2499 291 2528 in
315 2499 445 2529 Carcere
469 2499 625 2534 Tulliano,
640 2508 677 2529 ac
702 2500 752 2534 R„
773 2500 889 2529 Sancte
912 2501 1011 2529 Marie
1035 2501 1066 2529 in
1092 2501 1165 2530 Cos-

155 2552 255 2581 midin
274 2552 461 2581 diaconibus
478 2552 704 2586 cardinalibus,
722 2562 802 2591 quos
819 2552 917 2582 felicis
934 2554 1164 2584 recordationis

155 2604 192 2634 G.
213 2613 309 2643 papa,
331 2605 534 2643 predecessor
554 2607 671 2639 noster,
694 2606 866 2643 deputavit
886 2615 982 2644 super
1002 2607 1162 2644 premissis

154 2657 301 2696 partibus
326 2657 500 2691 auditores,
527 2658 652 2695 questio
679 2658 799 2687 diutius
826 2659 948 2696 agitata
976 2658 1098 2693 fuisset,
1125 2669 1161 2689 ac

153 2709 249 2739 iidem
282 2710 445 2739 auditores
477 2712 639 2739 statutum
672 2710 858 2748 hujusmodi
890 2711 988 2749 ipsius
1021 2712 1161 2750 episcopi

154 2761 337 2792 Leodiensis
358 2763 500 2792 revocari
522 2763 740 2797 mandassent,
762 2764 895 2793 tandem
917 2773 1012 2802 super
1033 2765 1161 2803 reliquis

153 2814 295 2844 articulis
311 2815 374 2844 fuit
390 2816 428 2844 de
445 2824 600 2845 consensu
617 2816 801 2845 auditorum
819 2816 961 2854 ipsorum
978 2817 1009 2846 in
1027 2817 1160 2847 dilectos

152 2866 268 2902 filios„
302 2867 532 2902 villariensem,
566 2868 792 2903 Cisterciensis,
826 2871 892 2903 et..,
919 2869 1158 2905 Floresiensem‚

154 2919 459 2950 Premonstratensis
487 2920 635 2950 ordinum
663 2921 808 2955 abbates,
837 2930 875 2951 ac
902 2923 1093 2960 magistrum
1121 2923 1158 2952 G.

153 2972 192 3002 de
215 2972 383 3007 Lauduno,
409 2974 598 3003 canonicum
624 2974 825 3009 Remenscm,
845 2974 886 3004 ab
906 2977 1043 3013 utraque
1067 2978 1159 3014 parte

152 3027 267 3063 sponte
295 3034 332 3055 ac
361 3026 560 3056 concorditer
587 3028 756 3065 tamquam
786 3027 817 3056 in
847 3027 984 3057 arbitros
1013 3037 1158 3066 compro-

1281 424 1433 459 missum;
1458 434 1595 464 quorum
1618 427 1692 460 duo,
1714 426 1812 455 tertio
1835 435 1945 456 eorum
1968 426 2108 464 legitime
2128 428 2292 462 excusato,

1281 477 1365 506 sicut
1400 487 1440 507 ex
1476 478 1662 516 hujusmodi
1698 479 1928 517 compromisso
1965 479 2140 513 habebant,
2170 479 2292 508 dictum

1281 531 1443 559 statutum
1471 531 1565 568 Juxta
1594 531 1787 561 mandatum
1815 532 2003 561 auditorum
2032 532 2174 570 ipsorum
2202 541 2292 561 revo-

1282 584 1402 616 cantes,
1422 592 1459 612 ac
1477 583 1537 612 rite
1556 584 1586 612 in
1607 584 1792 622 huJusmodi
1812 584 1941 623 negotio
1959 584 2179 622 procedentes,
2198 593 2293 622 super

1280 634 1350 664 aliis
1374 635 1525 673 predictis
1550 645 1669 674 equum
1693 637 1840 666 tulerunt
1863 637 2032 666 arbitrium
2056 637 2141 666 inter
2172 639 2290 675 partes,

1281 690 1378 725 prout
1410 688 1441 717 in
1475 688 1664 726 patentibus
1696 689 1812 718 litteris
1845 698 1955 719 eorum
1989 689 2142 719 confectis
2175 689 2291 718 exinde

1280 739 1405 777 plenius
1420 740 1538 769 dicitur
1552 741 1718 774 contineri,
1735 742 1822 779 quod
1837 742 1980 771 roborari
1994 742 2172 780 apostolico
2186 742 2292 771 muni-

1281 792 1366 821 mine
1400 793 1570 830 petivistis.
1605 793 1671 822 Nos
1705 793 1826 832 itaque,
1853 794 1968 823 vestris
2002 794 2292 832 supplicationibus

1280 844 1435 879 inclinati,
1463 845 1632 874 arbitrium
1659 845 1765 884 ipsum
1791 846 1874 875 sicut
1900 849 1949 875 est
1975 856 2093 885 equum
2121 849 2153 876 et
2179 856 2291 885 accep-

1279 899 1387 926 tatum
1417 907 1454 927 ac
1484 898 1702 936 emologatum
1732 899 1803 936 (sic)
1833 908 1851 928 a
1881 899 2040 937 partibus,
2071 902 2103 928 et
2134 900 2290 929 hactenus

1279 950 1413 988 pacifice
1439 951 1657 984 observatum,
1685 953 1792 979 ratum
1819 953 1851 980 et
1876 951 2008 980 firmum
2031 952 2196 986 habentes,
2211 952 2290 981 illud

1279 1003 1474 1032 auctoritate
1497 1003 1673 1041 apostolica
1689 1003 1930 1037 confirmamus,
1953 1006 1986 1033 et
2003 1005 2159 1042 presentis
2179 1005 2289 1042 scripti

1279 1055 1459 1094 patrocinio
1494 1056 1740 1085 communimus.
1777 1056 1864 1085 Nulli
1893 1058 2000 1085 nostre
2036 1056 2290 1086 confirmationis

1279 1110 1340 1137 etc.
1364 1108 1441 1138 Dat.
1464 1109 1627 1143 Laterani,
1654 1108 1703 1137 III
1727 1118 1827 1138 nonas
1851 1109 1937 1143 maii,
1960 1118 2045 1139 anno
2067 1109 2201 1138 tertio.»

1359 1317 1447 1342 2433
1801 1318 1939 1350 Viterbe,
1952 1318 1968 1344 7
1981 1318 2108 1344 octobre
2120 1318 2206 1345 1257.

1317 1366 1422 1392 Aliam
1454 1366 1714 1392 constitutionem
1747 1374 1765 1392 a
1797 1366 1961 1393 Leodiensi
1993 1367 2138 1400 episcopo
2170 1366 2288 1393 factam

1278 1405 1455 1432 confirmat.
1479 1406 1576 1439 (REG.
1600 1406 1648 1437 25,
1670 1406 1691 1433 f.
1716 1406 1772 1432 117
1795 1410 1841 1438 v⁰‚
1865 1413 1914 1432 an.
1941 1406 1992 1438 IV,
2016 1414 2040 1433 c.
2064 1406 2126 1439 23.)

1319 1488 1478 1518 «Eisdem.
1493 1488 1573 1517 Cum
1585 1497 1603 1517 a
1617 1488 1708 1517 nobis
1721 1488 1844 1526 petitur
1855 1491 1915 1518 etc.
1930 1497 2031 1527 usque
2043 1489 2084 1517 ad
2102 1499 2107 1517 :
2121 1488 2286 1518 effectum.

1277 1541 1358 1570 Sane
1376 1541 1459 1570 sicut
1476 1541 1558 1570 lecta
1577 1541 1668 1570 nobis
1679 1543 1787 1571 vestra
1798 1541 1914 1579 petitio
1928 1541 2127 1576 continebat,
2151 1541 2287 1570 dilectus

1275 1593 1382 1628 filius„
1421 1593 1605 1623 Leodiensis
1634 1594 1754 1623 electus
1789 1594 1958 1633 diligenter
1994 1594 2167 1623 attendens
2201 1593 2287 1632 quod

1275 1646 1406 1676 ecclesia
1420 1648 1528 1676 vestra
1542 1656 1600 1685 pro
1613 1656 1650 1676 eo
1663 1647 1695 1676 in
1710 1647 1827 1676 divinis
1841 1646 1956 1676 officiis
1968 1649 2038 1676 tam
2053 1647 2174 1676 diurnis
2188 1655 2286 1685 quam

1275 1699 1441 1728 nocturnis
1462 1699 1547 1729 horis
1569 1699 1731 1729 defectum
1753 1709 1817 1729 non
1838 1699 2001 1729 modicum
2024 1702 2190 1738 pateretur
2210 1699 2285 1738 quia

1275 1752 1436 1781 cotidiane
1462 1752 1705 1781 distributiones
1731 1752 1883 1782 horarum
1908 1753 2051 1791 ipsarum
2077 1752 2171 1782 nimis
2195 1755 2287 1782 erant

1273 1806 1387 1834 tenues
1412 1807 1445 1834 et
1468 1805 1576 1839 exiles,
1603 1805 1698 1834 duxit
1723 1805 1954 1834 deliberatione
1978 1805 2113 1844 provida
2139 1805 2289 1835 ordinan-

1274 1857 1352 1886 dum
1376 1859 1423 1891 ut,
1449 1857 1637 1887 cedentibus
1661 1858 1712 1887 vel
1737 1858 2006 1892 decedentibus„
2032 1858 2071 1887 de
2088 1858 2221 1893 Beck,..,
2247 1858 2288 1888 de

1274 1910 1395 1939 Hedele
1447 1912 1513 1944 et..‚
1559 1910 1599 1939 de
1644 1910 1806 1940 Flawaine
1847 1911 2051 1940 ecclesiarum
2097 1911 2286 1946 rectoribus,

1272 1962 1457 1992 Leodiensis
1483 1963 1626 1997 diocesis,
1652 1963 1684 1991 in
1710 1963 1827 2001 quibus
1850 1964 1902 2002 J'us
1928 1966 2121 2002 patronatus
2146 1964 2284 1998 habetis,

1272 2016 1487 2045 instituantur
1507 2015 1538 2044 in
1560 2015 1636 2053 ipsis
1657 2024 1791 2054 persone
1812 2016 1937 2054 ydonee
1959 2017 2076 2055 quibus
2098 2017 2136 2046 de
2156 2017 2284 2047 illarum

1272 2068 1451 2098 redditibus
1480 2077 1537 2106 pro
1554 2068 1791 2098 sustentatione
1808 2077 1865 2098 sua
1877 2071 1909 2098 et
1926 2069 2156 2107 supportandis
2173 2079 2283 2100 earum

1272 2122 1421 2151 oneribus
1458 2121 1618 2150 consuetis
1664 2123 1697 2150 et
1734 2121 1862 2155 debitis,
1906 2122 2110 2160 assignentur
2145 2130 2282 2161 congrue

1272 2174 1446 2213 portiones,
1470 2174 1633 2203 residuum
1657 2183 1734 2203 vero
1758 2174 1918 2203 dictorum
1942 2175 2127 2204 reddituum
2152 2184 2282 2206 conver-

1271 2230 1362 2256 tatur
1384 2227 1416 2256 in
1439 2229 1650 2265 augmentum
1675 2226 1941 2257 distributionum
1965 2228 2117 2266 ipsarum,
2141 2229 2281 2258 maxime

1272 2289 1345 2309 cum
1364 2279 1535 2309 facultates
1554 2280 1740 2308 earumdem
1759 2280 1963 2309 ecclesiarum
1983 2281 2062 2310 adeo
2081 2282 2281 2311 excreverint

1272 2333 1358 2371 quod
1383 2333 1442 2361 hoc
1466 2334 1536 2361 erat
1558 2332 1673 2361 merito
1696 2332 1891 2367 faciendum,
1917 2336 2013 2371 prout
2036 2333 2067 2362 in
2093 2334 2279 2371 patentibus

1270 2385 1386 2414 litteris
1417 2385 1517 2423 ipsius
1549 2385 1640 2414 electi
1673 2385 1827 2415 confectis
1860 2386 1975 2415 exinde
2007 2386 2130 2424 plenius
2163 2387 2280 2416 dicitur

1271 2438 1437 2467 contineri.
1460 2438 1525 2467 Nos
1547 2438 1667 2476 itaque,
1689 2438 1804 2467 vestris
1820 2438 2109 2477 supplicationibus
2123 2439 2278 2474 inclinati,

1270 2491 1357 2530 quod
1377 2500 1472 2529 super
1491 2490 1651 2529 premissis
1672 2491 1804 2529 provide
1824 2491 1947 2520 factum
1968 2495 2026 2525 est,
2047 2494 2153 2521 ratum
2174 2495 2206 2522 et
2224 2492 2278 2522 fir-

1270 2553 1359 2573 mum
1384 2544 1550 2577 habentes,
1574 2543 1605 2572 id
1629 2544 1824 2573 auctoritate
1849 2545 2023 2582 apostolica
2049 2545 2277 2574 confirmamus

1269 2599 1302 2626 et
1320 2596 1475 2634 presentis
1509 2596 1619 2634 scripti
1647 2597 1825 2634 patrocinio
1844 2597 2090 2631 communimus,
2117 2598 2276 2627 diocesani

1267 2652 1300 2679 et
1318 2649 1534 2678 archidiaconi
1563 2649 1623 2678 loci
1651 2658 1706 2687 per
1724 2649 1830 2678 omnia
1848 2650 1918 2688 jure
1936 2650 2035 2679 salvo.
2064 2650 2149 2679 Nulli
2168 2653 2275 2680 nostre

1268 2702 1522 2732 confirmationis
1567 2704 1627 2730 etc.
1675 2702 1751 2731 Dat.
1800 2702 1945 2736 Viterbfi,
1990 2703 2080 2731 nonis
2124 2703 2275 2738 octobris,

1267 2764 1351 2785 anno
1377 2755 1484 2784 tertio.
1512 2766 1524 2781 »

1345 2941 1435 2967 2434
1848 2944 1983 2975 Viterbe,
1996 2943 2013 2970 9
2023 2944 2091 2977 juin
2104 2944 2189 2972 1257.

1304 2991 1442 3024 Eisdem,
1468 2992 1656 3019 sententiam
1681 3000 1743 3026 qua
1768 2992 1870 3025 Hugo,
1895 2992 2074 3019 Leodiensis
2097 2994 2271 3027 episcopus,

1264 3033 1364 3058 certos
1388 3032 1530 3059 redditus
1555 3032 1756 3059 scholastriae
1782 3031 1928 3058 ecclesiae
1953 3039 2059 3058 eorum
2085 3033 2273 3060 scholastico-
