2477 3512
173 282 231 312 774
892 282 1150 316 REGISTRES
1172 282 1509 317 D'ALEXANDRE
1529 283 1578 317 IV

170 386 343 416 liberaliter
361 387 511 417 duximus
529 388 778 422 concedendam,
797 390 835 417 ut
852 388 955 427 ipsam
973 388 1092 418 eisdem
1110 389 1180 427 jure

171 448 207 469 ae
226 439 375 469 libertate
393 440 452 469 sub
471 440 590 469 ordinis
608 441 656 469 sui
675 440 881 471 observantia
899 441 1064 480 perpetuis
1082 441 1181 480 possi—

171 492 270 521 deant
285 492 485 531 temporibus
501 493 619 531 quibus
635 493 695 531 ipsi
711 493 877 532 possident
892 494 1037 532 ejusdem
1053 502 1181 523 monas-

173 545 245 574 terii
275 545 445 583 prioratus.
475 545 524 574 Ne
553 545 650 583 igitur
679 546 840 575 canonicis
869 546 954 576 dicte
983 546 1112 576 ecclesie
1142 546 1181 576 de

173 597 301 628 Othone
320 597 538 627 dissolutionis
555 598 605 627 vel
623 598 775 637 vagandi,
793 608 833 628 ex
851 599 1053 629 concessione
1070 599 1182 638 hujus-

170 650 257 680 modi
280 659 336 680 sue
359 650 498 685 ecclesie,
522 651 658 680 materia
682 651 864 690 prebeatur,
889 651 966 690 quin
990 652 1098 690 potius
1121 652 1181 681 illis

169 702 230 732 fiat
259 703 299 732 ad
329 703 535 732 commodum
565 706 597 733 et
626 704 774 738 salutem,
804 705 998 734 mandamus
1027 705 1181 744 quatinus

168 764 222 785 eos
239 764 279 785 ex
296 756 448 794 predictis
465 756 626 785 canonicis
645 757 699 795 qui
717 757 877 787 noluerint
895 757 926 787 in
945 757 1031 787 dicta
1049 758 1180 787 ecclesia

171 808 210 838 de
233 808 356 839 Octone
390 809 539 838 habitum
572 818 732 839 assumere
774 810 1007 844 monachalem,
1049 811 1181 840 studeas

166 870 223 900 per
236 863 269 890 te
290 861 340 890 vel
362 870 418 900 per
438 861 537 891 alium
558 862 754 892 auctoritate
776 865 885 892 nostra
906 863 938 892 in
958 862 1027 892 aliis
1044 863 1181 901 predicti

168 914 288 943 ordinis
313 914 423 944 Sancti
443 915 615 953 Augustini
640 915 779 945 ecclesiis
802 916 992 945 Viennensis
1017 916 1180 954 provincie

168 966 334 1001 collocare,
356 967 400 996 eis
421 967 501 996 inibi
522 968 582 997 sub
603 968 748 1006 ejusdem
770 968 890 998 ordinis
920 969 1126 998 observantia
1148 971 1181 998 et

168 1019 351 1049 obedientia
378 1020 493 1058 prelati
519 1021 579 1050 loci
606 1023 761 1059 perpetuo
786 1021 969 1051 moraturis.
994 1021 1180 1051 Contradic-

167 1075 262 1107 tores,
279 1075 339 1102 ete.
356 1073 432 1102 Dat.
444 1073 580 1102 Viterbii
594 1073 661 1102 IIII
672 1075 748 1108 kal„
759 1074 922 1108 februarii,
933 1083 1018 1104 anno
1029 1077 1156 1113 quarto.
1168 1086 1181 1102 »

248 1238 336 1264 2474
684 1240 823 1272 Viterbe,
837 1240 873 1266 12
884 1240 998 1267 fevrier
1010 1241 1096 1268 1258.

208 1286 364 1321 Episcopo
396 1288 607 1314 Maurianensi
636 1289 890 1322 procurationem
919 1290 1041 1316 ratione
1070 1289 1180 1316 visita-

166 1327 262 1354 tionis
293 1327 434 1354 debitam
464 1328 495 1354 in
526 1328 689 1361 praedicta
725 1328 754 1355 S.
787 1328 950 1355 Laurentii
986 1330 1023 1355 de
1054 1329 1179 1356 Ethone

167 1367 305 1398 ecclesia,
331 1367 462 1393 diocesis
487 1367 724 1400 Maurianmsis,
748 1369 938 1395 monasterio
964 1368 992 1396 S.
1019 1369 1180 1396 Michaelis

167 1406 295 1438 Clusini,
326 1407 457 1433 diocesis
486 1407 697 1439 Taurinensis,
727 1415 873 1434 concessa
901 1410 1049 1436 reservat.
1080 1409 1177 1442 (Bm.

166 1446 214 1478 25,
238 1446 259 1473 f.
287 1446 351 1473 125.
378 1453 426 1473 an.
456 1446 507 1479 IV,
532 1454 556 1473 0.
583 1446 643 1473 60⁸.
662 1447 873 1480 BERNOULLI,
891 1446 969 1475 Acta
995 1449 1179 1482 pontificum

166 1485 315 1518 hilvetica,
340 1488 363 1513 t.
388 1486 411 1517 Ι,
428 1490 464 1513 n⁰
489 1486 561 1519 669)
585 1486 640 1520 (1).

207 1588 252 1612 «,.,
281 1577 387 1607 abbati
414 1579 440 1607 et
479 1579 640 1608 conventui
667 1579 848 1609 monasterii
875 1580 983 1610 Sancti
1009 1580 1178 1610 Michaelis

167 1629 295 1660 Clusine
322 1630 394 1668 (sic)
422 1631 542 1661 ordinis
570 1632 678 1662 Sancti
705 1632 875 1667 Benedicti,
903 1633 1033 1663 diocesis
1066 1634 1178 1663 Tauri-

167 1683 283 1712 nensis.
323 1683 379 1712 illa
415 1693 472 1713 nos
507 1685 739 1714 monasterium
774 1688 919 1715 vestrum
955 1687 1179 1725 prosequimur

166 1735 350 1765 sinceritate
375 1736 496 1766 favoris
534 1739 567 1766 et
592 1737 837 1776 complectimur
861 1739 1065 1778 prerogativa
1091 1739 1179 1769 beni—

167 1789 309 1818 volentie
343 1789 488 1827 specialis
523 1792 561 1819 ut
594 1790 711 1820 vestris
745 1793 779 1820 et
813 1791 957 1830 ejusdem
991 1792 1180 1821 monasterii

164 1842 341 1871 commodis
364 1842 523 1880 promptis
555 1843 718 1873 desideriis
746 1852 784 1873 ac
805 1844 914 1882 pronis
937 1844 1110 1874 affectibus
1132 1845 1179 1874 in-

168 1894 349 1928 tendentes,
376 1904 438 1933 que
463 1895 555 1925 vobis
581 1898 614 1925 et
638 1895 765 1935 prefato
790 1897 986 1927 monasterio
1010 1898 1179 1936 perpendi-

165 1955 237 1976 mus
261 1949 294 1976 et
318 1948 539 1986 cognoscimus
570 1948 740 1987 profutura
771 1949 908 1979 libenter
938 1959 976 1979 ac
1005 1950 1179 1980 liberaliter

164 2007 364 2038 peragamus.
386 2000 468 2031 Sane
487 2000 587 2030 felicis
607 2002 837 2032 recordationis
859 2002 881 2032 1.
902 2012 998 2041 papa,
1014 2003 1179 2042 predeces-

164 2061 217 2082 sor
235 2055 352 2087 noster,
373 2053 496 2083 dudum
516 2054 696 2092 prioratum
715 2055 754 2084 de
769 2055 910 2090 Calasco,
926 2055 1059 2085 diocesis
1077 2056 1179 2086 Janu-

163 2105 258 2140 ensis,
285 2106 326 2135 ad
352 2108 498 2136 vestrum
529 2107 761 2137 monasterium
792 2108 1009 2146 pertinentem
1041 2109 1179 2139 contulit

164 2158 294 2187 ecclesie
327 2159 438 2188 Sancti
479 2159 656 2189 Salvaton's
689 2169 787 2199 quam
819 2161 907 2199 apud
947 2161 1127 2191 Lavaniam
1159 2171 1178 2192 a

165 2210 277 2249 primis
313 2210 534 2241 fundamentis
570 2213 673 2242 erexit
709 2222 831 2252 nosque
867 2223 964 2252 super
998 2214 1178 2253 prioratum

162 2265 307 2293 vestrum
343 2264 381 2293 de
417 2264 573 2299 Cucurno,
610 2265 695 2295 dicte
730 2266 873 2301 diocesis,
909 2266 1013 2296 eidem
1048 2267 1178 2298 ecclesie

164 2316 318 2345 duximus
335 2317 574 2347 conferendum.
593 2318 742 2348 Ceterum
760 2319 904 2349 nolentes
922 2322 959 2349 ut
974 2320 1177 2358 prioratuum

163 2368 306 2406 ipsorum
350 2370 519 2400 collatione
570 2373 715 2400 vestrum
758 2371 902 2402 incurrat
944 2373 1177 2402 monasterium

165 2421 408 2456 detrimentum,
444 2423 537 2452 vobis
573 2426 606 2452 et
640 2424 744 2453 eidem
779 2425 975 2454 monasterio
1010 2425 1176 2455 ecclesiam

165 2474 275 2504 Sancti
299 2474 465 2504 Laurentii
489 2476 527 2505 de
551 2476 689 2510 Ethone,
716 2477 835 2506 ordinis
859 2477 969 2507 Sancti
992 2478 1175 2517 Augustini,

165 2526 298 2556 diocesis
324 2527 568 2562 Maurianensis,
595 2529 636 2558 ad
664 2529 847 2559 Romanam
874 2530 1050 2560 Ecclesiam
1078 2531 1175 2566 nullo,

164 2579 248 2608 sicut
265 2579 392 2614 dicitur,
411 2581 517 2610 medio
539 2581 765 2619 pertinentem,
787 2591 860 2611 cum
881 2583 1031 2612 omnibus
1050 2584 1176 2622 jum'bus

164 2634 198 2661 et
224 2632 427 2670 pertinentiis
453 2633 518 2663 suis
545 2634 759 2663 concessimus
785 2635 818 2664 in
845 2636 1175 2674 recompensationem

162 2684 364 2722 prioratuum
395 2686 580 2720 eorundem,
612 2696 630 2716 a
663 2687 754 2716 vobis
782 2690 815 2717 et
839 2688 952 2717 eodem
979 2690 1174 2719 monasterio

164 2737 258 2775 pleno
286 2738 356 2775 jure
384 2738 416 2767 in
445 2739 667 2777 spiritualibus
696 2742 729 2769 et
756 2741 989 2779 temporalibus
1018 2744 1174 2780 perpetuo

164 2790 400 2828 possidendam.
423 2791 477 2821 Set
497 2792 572 2830 quia
592 2791 699 2821 forsan
719 2802 895 2831 proponere
915 2796 1023 2831 posset
1042 2803 1174 2824 venera-

165 2841 236 2871 bilis
266 2842 366 2872 frater
408 2846 549 2876 noster...
581 2845 749 2883 episcopus
779 2846 1011 2875 Maurianensis
1042 2847 1073 2876 in
1105 2847 1174 2885 ipsa

201 2944 224 2967 1.
249 2944 296 2969 Les
322 2948 431 2971 renvois
454 2953 488 2971 en
508 2950 572 2972 note
596 2949 612 2972 a
641 2950 685 2972 cet
702 2954 823 2978 ouvrage
851 2951 942 2974 seront
970 2952 1038 2975 (lans
1061 2952 1086 2974 la
1101 2952 1173 2975 suite

165 2978 289 3009 designes
305 2985 356 3009 par
371 2982 394 3005 le
409 2983 467 3006 seul
485 2988 549 3006 nom
563 2985 595 3008 (1(-
614 2983 732 3009 l'auteur
750 2986 778 3008 et
794 2986 818 3008 le
834 2985 947 3009 numero
963 2986 998 3009 du
1015 2987 1172 3010 document.

1285 389 1416 420 ecclesia
1439 391 1491 429 Jus
1515 391 1646 430 aliquod
1669 399 1703 420 se
1726 391 1854 426 habere,
1879 400 1936 421 nos
1960 394 2028 422 tarn
2052 392 2197 431 ejusdem
2215 393 2297 432 epis-

1285 442 1356 480 copi
1377 452 1475 482 quam
1495 443 1610 473 vestris
1630 443 1662 474 in
1683 443 1743 474 hac
1763 446 1855 482 parte
1883 444 2028 474 volentes
2056 453 2203 476 occurere
2234 445 2298 476 dis-

1286 495 1410 533 pendiis
1432 505 1614 534 precavere,
1637 496 1725 526 dicto
1746 496 1896 535 episcopo
1917 499 1950 526 et
1971 497 2041 535 ejus
2062 499 2296 528 successoribus

1286 547 1317 576 in
1351 548 1463 577 eadem
1496 548 1638 582 ecclesia,
1673 549 1932 587 procurationem
1965 550 2141 580 dumtaxat
2172 551 2297 582 ratione

1285 600 1483 630 visitationis
1503 601 1647 630 debitam
1667 601 1819 631 duximus
1837 602 2080 637 reservandam,
2099 604 2298 634 auctoritate

1286 653 1379 683 vobis
1402 654 1622 692 presentinum
1647 654 1849 693 indulgentes
1873 657 1910 684 ut
1933 655 2067 694 prefatis
2090 656 2240 696 episcopo
2263 659 2297 687 et

1287 706 1523 736 successoribus
1550 707 1582 736 in
1609 707 1696 736 nullo
1716 707 1846 746 penitus
1860 707 1944 738 ultra
1962 709 2223 747 procurationem
2238 709 2297 739 hu·

1286 759 1428 797 jusmodi
1451 759 1624 789 teneamini
1647 760 1746 798 ipsius
1768 760 1897 790 ecclesie
1920 761 2054 791 ratione.
2078 762 2166 791 Nulli
2188 765 2297 792 nostre

1287 812 1498 842 concessionis
1519 815 1579 842 etc.
1602 813 1678 842 Dat.
1700 813 1837 843 Viterbii
1872 813 1903 843 11
1935 814 2007 844 idus
2027 813 2190 850 februarii,
2211 824 2296 845 anno

1286 868 1412 904 quarto.
1441 877 1453 892 n

1368 1067 1457 1093 2475
1784 1069 1922 1101 Viterbe,
1934 1068 1972 1095 22
1982 1069 2105 1102 janvier
2128 1069 2213 1097 1258.

1329 1114 1485 1149 Episcopo
1536 1116 1685 1143 ovetensi
1734 1117 1913 1144 Johannem
1962 1117 2101 1150 Martini,
2150 1118 2296 1145 clericum

1288 1155 1374 1181 chori
1396 1155 1543 1182 ecclesiae
1565 1156 1741 1188 ovetensis,
1763 1157 1935 1191 recipiendi
1955 1157 1988 1184 in
2008 1157 2194 1184 canonicum
2216 1158 2297 1192 eJ'us-

1289 1195 1359 1221 dem
1380 1195 1526 1222 ecclesiae
1545 1196 1636 1229 eique
1650 1196 1837 1230 providendi
1857 1196 1895 1222 de
1905 1196 2085 1230 praehenda
2100 1204 2172 1223 cum
2186 1198 2297 1231 presti-

1288 1235 1402 1261 moniis
1436 1235 1576 1262 cedentis
1622 1235 1671 1262 vel
1706 1236 1886 1263 decedentis
1919 1237 2073 1268 canonici,
2108 1237 2296 1264 facultatem

1288 1274 1442 1301 concedit.
1469 1275 1566 1308 (REG.
1593 1274 1641 1307 25,
1665 1275 1686 1302 f.
1714 1275 1781 1308 125,
1807 1283 1856 1302 an.
1885 1275 1937 1308 1v,
1962 1283 1986 1303 c.
2013 1276 2050 1303 57
2074 1277 2106 1303 et
2124 1273 2205 1310 60¹³.)

1329 1370 1373 1393 «..‚
1403 1359 1546 1398 episcopo
1575 1360 1724 1391 Ovetensi.
1754 1361 1858 1390 Tuam
1886 1361 2031 1391 volentes
2060 1362 2216 1392 honorare
2255 1379 2296 1384 —-

1287 1413 1364 1442 Dat.
1384 1412 1532 1447 Viterbii,
1553 1413 1602 1442 XI
1621 1413 1684 1443 kal.
1704 1413 1867 1448 februarii,
1887 1423 1972 1444 anno
1991 1417 2119 1454 quarto.
2138 1426 2151 1442 »

1366 1628 1455 1655 2476
1762 1629 1900 1662 Viterbe,
1912 1629 1930 1656 8
1942 1629 2106 1656 decembre
2126 1629 2212 1657 1257.

1327 1677 1405 1704 Cum
1430 1677 1584 1704 Hem-icus
1619 1678 1656 1704 de
1691 1678 1911 1710 Phetenshem,
1946 1678 2125 1712 capellanus
2158 1677 2296 1712 episcopi

1285 1716 1533 1750 Argentinensis,
1554 1719 1657 1744 rector
1677 1717 1824 1744 ecclesiae
1845 1718 1883 1744 de
1904 1717 2094 1744 Murrewilre
2114 1718 2147 1744 in
2167 1717 2296 1745 ecclesia

1287 1756 1395 1783 Sancti
1416 1756 1556 1783 Thomae
1578 1757 1825 1791 Argentinensis,
1848 1757 1997 1784 canonice
2017 1759 2162 1792 receptus
2183 1757 2296 1785 suisset

1285 1796 1318 1822 in
1341 1797 1527 1823 canonicum
1550 1798 1582 1823 et
1605 1797 1791 1824 constitutio
1814 1797 1987 1831 apostolica
2009 1797 2082 1824 inde
2102 1797 2169 1824 lata
2190 1804 2295 1831 recep-

1285 1836 1388 1862 tiones
1423 1836 1618 1870 praebendas
1653 1837 1890 1870 expectantium
1924 1838 2093 1864 vacaturas
2127 1837 2228 1864 factas
2261 1837 2294 1864 in

1286 1876 1433 1908 ecclesiis,
1454 1878 1592 1910 quatuor
1612 1876 1781 1903 dumtaxat
1801 1876 1951 1910 exceptis,
1971 1877 2075 1903 irritas
2095 1876 2294 1908 decrevisset,

1286 1915 1419 1942 mandat
1438 1923 1522 1949 papa
1540 1915 1651 1943 abbati
1668 1916 1852 1943 monasterii
1871 1916 1908 1943 de
1928 1916 2160 1950 Gengembach,
2171 1916 2212 1943 ad
2223 1923 2295 1950 sup-

1286 1955 1490 1988 plicationem
1501 1955 1546 1988 Ρ.,
1558 1955 1667 1982 Sancti
1681 1956 1806 1989 Georgii
1820 1956 1861 1982 ad
1875 1955 1987 1982 Velum
2008 1956 2148 1982 Aureum
2171 1955 2296 1983 diaconi

1286 1995 1464 2027 cardinalis,
1497 1997 1533 2022 ut
1564 1995 1665 2022 eidem
1697 1995 1834 2022 Henrico
1866 1995 1904 2022 de
1934 1995 2115 2029 praehenda
2144 1995 2178 2022 in
2209 1995 2295 2022 dicta

1285 2034 1414 2061 ecclesia
1433 2035 1597 2069 providere
1617 2036 1773 2069 procuret,
1792 2042 1857 2062 non
1876 2035 2025 2062 obstante
2044 2034 2189 2069 praefata
2207 2041 2296 2062 cons-

1284 2074 1446 2101 titutione.
1468 2074 1564 2108 (Rea.
1586 2074 1635 2107 25,
1655 2074 1675 2101 f.
1698 2074 1765 2107 125,
1785 2082 1835 2102 an.
1859 2074 1912 2107 IV,
1932 2082 1956 2102 c.
1979 2075 2016 2102 58
2037 2076 2069 2102 et
2090 2074 2167 2108 600.)

1327 2166 1372 2189 «..,
1402 2155 1508 2185 abbati
1536 2155 1716 2185 monasterii
1744 2155 1780 2185 dc
1815 2155 2026 2194 Genyenbahc‚
2055 2155 2296 2194 Arqentinensis

1285 2207 1425 2237 diocesis.
1453 2208 1573 2238 Petitio
1600 2208 1709 2238 dilecti
1734 2208 1793 2238 filii
1819 2226 1869 2237 —.
1898 2208 1974 2238 Dat.
2002 2208 2150 2243 Viterbii,
2176 2208 2224 2238 VI
2249 2207 2294 2238 id.

1285 2261 1473 2295 decembris,
1497 2270 1583 2291 anno
1606 2261 1713 2291 tertio.
1739 2272 1752 2288 n

1365 2457 1453 2483 2477
1801 2457 1939 2489 Viterbe,
1952 2457 1989 2483 13
2000 2456 2114 2484 few-ier
2124 2456 2211 2484 1258.

1326 2505 1420 2532 Petro
1443 2506 1481 2532 de
1500 2505 1646 2537 Abilleio,
1658 2505 1809 2532 residenti
1830 2505 2036 2540 personaliter
2057 2505 2090 2532 in
2112 2505 2241 2532 ecclesia
2261 2504 2291 2532 S.

1285 2545 1415 2572 Martini
1437 2545 1474 2572 de
1495 2545 1687 2578 Precigneio‚
1709 2545 1798 2578 quus
1818 2547 1921 2572 rector
1951 2545 2071 2577 existit,
2092 2545 2236 2578 indulget
2255 2545 2292 2571 ut

1285 2587 1458 2619 proventus
1494 2585 1691 2619 praebendae
1728 2591 1824 2618 quam
1859 2585 1891 2611 in
1927 2584 2056 2611 ecclesia
2092 2584 2293 2616 Candatensi,

1284 2625 1473 2651 Turonensis
1492 2625 1633 2656 (11000515,
1652 2624 1785 2656 obtinet,
1805 2624 1999 2658 quotidianis
2018 2623 2293 2651 distributionibus

1284 2664 1455 2691 dumtaxat
1485 2664 1634 2698 exceptis,
1665 2664 1784 2698 integre
1814 2664 1971 2698 percipere
2002 2664 2118 2695 valeat,
2149 2670 2292 2697 praesen-

1283 2704 1370 2730 tibus
1389 2705 1462 2738 post
1480 2704 1652 2730 triennium
1671 2704 1800 2730 minime
1819 2703 1973 2730 valituris.
1995 2703 2091 2737 (Bm.
2113 2702 2161 2735 25,
2180 2702 2201 2730 f.
2224 2702 2291 2734 125,

1285 2750 1334 2770 an.
1373 2743 1426 2775 IV,
1461 2751 1485 2770 0.
1522 2743 1560 2770 59
1581 2745 1612 2769 et
1634 2741 1714 2776 60⁶.)

1325 2840 1336 2855 «
1366 2828 1456 2858 Petro
1487 2828 1522 2858 de
1552 2828 1698 2863 Abilleio,
1729 2829 1835 2858 rectori
1865 2828 1985 2858 ecclesie
2016 2827 2123 2858 Sancti
2152 2826 2290 2857 Martini

1282 2881 1318 2910 de
1342 2881 1534 2919 Preciqncio,
1561 2882 1707 2911 canonico
1733 2881 1852 2910 ecclesie
1878 2881 1984 2911 Sancti
2008 2880 2148 2910 Martini
2169 2879 2291 2910 Canda-

1281 2933 1386 2967 tensis,
1411 2934 1601 2963 Turonensis
1622 2934 1760 2964 diocesis.
1779 2934 1945 2964 Gratando
1965 2936 2019 2963 tue
2041 2932 2221 2962 devotionis
2240 2948 2290 2960 —.

1227 3013 1230 3032 Ι
1284 2986 1359 3015 Dat.
1386 2986 1532 3019 Viterbii,
1558 2987 1664 3016 idibus
1688 2986 1851 3020 februarii,
1877 2994 1962 3015 anno
1987 2988 2114 3024 quarto.
2140 2996 2152 3012 ›)
