2477 3512
201 231 272 264 834
929 220 1187 255 REGISTRES
1205 217 1542 253 D'ALEXANDRE
1557 216 1605 250 IV

281 327 370 353 2724
655 323 790 357 Anagni‚
809 323 845 349 13
862 322 1026 349 decembre
1042 321 1129 348 1258.

242 380 409 414 Religiosis
428 378 581 413 praedicti
600 376 783 404 monasterii
802 375 943 408 indulget
963 376 999 401 ut
1018 381 1072 408 per
1089 374 1212 400 litteras

203 420 392 454 apostolicas
412 426 473 445 non
494 417 615 452 possint
635 416 717 442 ultra
738 422 832 441 unam
854 415 972 441 dietam
992 415 1082 440 extra
1101 413 1212 439 civita-

204 462 268 486 tem
290 459 495 486 Parisiensem
516 456 686 487 conveniri,
707 454 925 489 praesentibus
945 455 1017 487 post
1037 453 1212 486 quinquen-

203 499 291 526 nium
309 499 437 525 minime
455 496 611 523 valiturls.
630 495 727 528 (Bm.
747 495 795 526 25,
814 494 834 520 f.
856 493 922 525 163,
942 500 991 520 an.
1014 492 1066 524 IV,
1085 500 1110 518 c.
1129 491 1211 524 280.)

243 600 255 616 ι
271 610 300 622 ..,
326 587 431 617 abbati
456 588 483 615 el
506 585 668 615 conventui
691 584 821 623 predicli
845 582 1035 612 monasterii.
1060 581 1213 610 Volentes

201 640 316 670 vestris
340 648 470 678 parcere
494 638 657 668 laboribus
682 640 715 667 et
740 636 886 675 expensis
911 644 949 665 ac
973 634 1214 673 gravaminibus

201 702 383 732 precavere,
406 692 498 721 vobis
521 691 586 730 qui,
609 691 693 719 sicut
715 689 866 722 asseritis,
889 697 945 727 per
966 688 1090 717 litteras
1111 687 1214 725 Apos-

200 746 296 775 tolice
326 745 415 775 Sedis
442 747 475 774 et
502 744 681 782 legatorum
710 743 778 781 ejus
806 742 991 780 frequenter
1017 740 1058 769 ad
1087 740 1212 769 diversa
1267 761 1269 766 .

200 799 270 828 loca
295 797 457 827 vocamini
483 797 523 826 ad
549 796 707 835 judicium
733 804 770 825 ac
796 797 927 833 propter
941 794 1000 823 hoc
1018 792 1212 831 multiplices

201 851 365 881 molestias
383 850 561 883 sustinetis,
581 848 776 878 auctoritate
795 847 992 886 presentium
1011 845 1213 883 indulgemus

201 906 239 934 ut
259 913 316 942 per
335 903 459 932 litteras
473 902 657 941 Apostolice
678 901 767 931 Sedis
787 901 838 929 vel
859 900 1037 938 legatorum
1059 898 1128 936 ejus
1149 906 1212 927 non

178 951 182 957 ’
202 956 331 995 possitis
346 956 430 985 ultra
448 964 545 985 unam
562 955 683 984 dietam
699 956 790 983 extra
807 953 974 982 civitatem
990 951 1211 984 Parisiensem,

200 1018 297 1048 super
322 1009 382 1038 hiis
408 1018 469 1047 que
494 1007 576 1037 infra
603 1008 689 1037 illam
715 1009 747 1035 et
772 1006 871 1045 ipsius
897 1005 1047 1035 diocesim
1074 1003 1211 1037 habetis,

202 1062 336 1092 ulterius
366 1061 540 1095 conveniri,
571 1060 631 1090 nisi
660 1060 765 1089 littere
797 1059 881 1088 dicte
911 1058 1000 1088 Sedis
1022 1058 1149 1095 plenam
1179 1057 1213 1085 et

201 1123 386 1153 expressam
418 1114 456 1143 de
487 1113 613 1143 indulto
645 1111 831 1150 hujusmodi
850 1111 984 1141 iecerint
1003 1109 1211 1142 mentionem,

201 1167 404 1206 presentibus
430 1169 504 1204 post
523 1165 779 1204 quinquennium
799 1164 930 1193 minime
949 1163 1105 1192 valituris.
1126 1161 1213 1191 Nulli

201 1223 309 1250 nostre
323 1219 535 1249 concessionis
550 1221 610 1248 etc.
630 1218 706 1247 Dat.
724 1217 879 1255 Anagnie,
903 1216 1009 1245 idibus
1026 1214 1212 1248 decembris,

200 1282 286 1302 anno
322 1274 448 1311 quarto.
479 1283 490 1298 »

281 1445 370 1470 2725
666 1444 800 1477 Anagni‚
816 1444 851 1470 19
865 1443 1028 1470 decembre
1042 1443 1128 1470 1258.

243 1497 400 1531 Episcopo
427 1496 635 1530 Wigorniensi
660 1497 791 1523 mandat
819 1498 854 1522 ut
881 1496 1034 1522 Riecardo
1061 1496 1098 1522 de
1123 1495 1213 1522 Bolo-

201 1537 287 1568 villa‚
310 1537 430 1567 clerico,
455 1536 685 1569 consanguineo
708 1536 822 1562 nobilis
839 1535 899 1562 viri
919 1535 1066 1562 Willelmi
1089 1536 1127 1561 de
1150 1535 1214 1561 Ho—

202 1577 325 1608 tintoft,
351 1576 473 1605 militis,
489 1576 536 1602 vel
562 1576 757 1610 procuratori
783 1575 859 1608 ejus,
885 1577 916 1601 in
940 1575 1149 1608 Wigorniensi
1173 1575 1215 1600 ci-

203 1616 304 1642 vitate
325 1616 375 1642 vel
397 1615 511 1642 diocesi
534 1616 571 1642 de
593 1615 699 1648 aliquo
721 1615 930 1641 ecclesiastico
952 1615 1105 1641 beneficio
1127 1621 1215 1648 prae·

204 1655 330 1681 bendali
345 1655 394 1681 vel
411 1655 482 1686 alio,
499 1662 570 1681 cum
586 1662 660 1681 cura
675 1655 725 1681 vel
741 1655 806 1681 sine
829 1662 902 1681 cura
926 1655 966 1681 ad
989 1654 1215 1687 cujuscumque

204 1695 405 1722 collationem
433 1696 595 1728 spectante
623 1695 787 1728 providere
815 1696 970 1728 procuret,
998 1694 1115 1720 faciens
1143 1701 1215 1720 eum

206 1734 255 1760 vel
283 1734 404 1760 dictum
432 1736 666 1768 procuratorem
695 1734 726 1760 in
751 1734 937 1760 canonicum
964 1736 996 1760 et
1025 1734 1057 1760 in
1085 1733 1215 1760 fratrem

206 1774 345 1800 admitti.
369 1774 466 1807 (Bm.
489 1774 537 1805 25,
559 1774 580 1799 f.
604 1774 671 1805 163,
694 1781 744 1800 an.
770 1774 822 1805 IV,
845 1782 869 1800 c.
892 1773 974 1807 281.)

247 1875 291 1898 «..,
320 1863 462 1902 episcopo
492 1863 716 1902 Wiyorniensi.
745 1864 897 1893 Volentes
926 1863 1042 1893 dilecto
1069 1863 1137 1892 filio
1164 1880 1214 1891 —.

206 1916 282 1945 Dat.
311 1916 466 1954 Anagnie,
495 1916 599 1945 XIIII
627 1916 690 1945 kal.
717 1917 867 1954 Januarii‚
895 1925 980 1946 anno
1008 1918 1135 1955 quarto.
1164 1927 1175 1942 »

287 2089 376 2115 2726
675 2090 810 2123 Anagni,
825 2090 860 2116 19
874 2090 1036 2116 decembre
1049 2090 1135 2116 1258.

249 2141 426 2173 Guillelmo,
456 2142 566 2168 clerico
596 2142 820 2175 wigorniensis
850 2143 991 2174 diocesis,
1021 2142 1160 2175 indulget
1184 2144 1219 2169 ut

207 2181 300 2207 liceat
330 2181 358 2207 ei
387 2181 599 2207 ecclesiastica
629 2182 792 2213 beneficia,
824 2184 1010 2215 personatus
1040 2182 1090 2209 vel
1121 2182 1220 2215 digni-

208 2222 302 2251 tates,
336 2220 432 2246 etiam
467 2228 537 2247 cum
563 2221 739 2247 animarum
765 2229 848 2253 cura,
875 2229 972 2255 usque
998 2222 1037 2248 ad
1063 2229 1220 2248 summam

208 2261 420 2287 trecentarum
436 2267 613 2287 marcarum
627 2259 871 2294 Sterlingorum:
889 2272 899 2285 «
913 2262 959 2288 ita
972 2261 1119 2288 videlicet
1135 2262 1219 2295 quod

209 2307 317 2325 eorum
346 2301 519 2333 proventus
548 2301 719 2327 secundum
751 2308 949 2327 communem
979 2301 1220 2327 extimationem

210 2339 311 2372 patrie
330 2339 511 2371 hujusmodi
531 2347 687 2367 summam
707 2341 868 2373 attingant
888 2350 898 2364 »
915 2341 1011 2367 libere
1030 2341 1165 2375 recipere
1184 2348 1220 2367 ac

210 2378 337 2404 insimul
362 2378 504 2404 retinere.
531 2379 628 2411 (REG.
655 2379 702 2410 25,
728 2380 748 2405 f.
778 2380 832 2406 163
858 2384 903 2411 v⁰‚
930 2388 979 2407 an.
1009 2380 1060 2409 IV,
1086 2388 1110 2407 c.
1137 2380 1219 2414 282.)

253 2479 266 2494 ι
293 2467 456 2496 Guillelmo
479 2468 594 2501 clerico,
618 2471 690 2498 nalo
712 2469 828 2499 nobilis
851 2470 910 2499 viri
932 2470 1018 2499 Petri
1040 2470 1076 2499 (le
1098 2471 1220 2499 Monte-

211 2520 293 2558 lorli,
314 2520 411 2549 devoti
431 2523 543 2555 nostro,
567 2521 795 2559 Wiqorniensis
814 2523 953 2552 diocesis.
974 2523 1024 2552 Ad
1038 2523 1219 2552 faciendam

211 2572 272 2602 tibi
285 2590 336 2602 —.
351 2573 427 2602 Dat.
442 2573 596 2611 Anagnie,
611 2574 715 2603 XIIII
730 2575 792 2603 kal.
806 2575 955 2613 Januarii,
969 2584 1053 2605 anno
1067 2579 1193 2615 quarto.
1207 2587 1221 2604 n

293 2742 381 2768 2727
680 2744 814 2777 Anagni,
833 2744 850 2769 3
870 2744 1032 2770 decembre
1051 2745 1138 2771 1258.

254 2794 496 2828 Archiepiscopo
523 2794 746 2828 Burdegalensi
774 2797 905 2823 mandat
933 2798 968 2823 ut
997 2797 1034 2823 de
1061 2797 1222 2824 beneficiis

216 2833 255 2859 ad
281 2834 480 2861 collationem
504 2834 616 2868 prioris
641 2835 670 2861 S.
698 2835 805 2862 Savini
831 2837 868 2862 de
905 2836 1089 2869 Taleburgo,
1116 2837 1221 2864 Xanc-

213 2873 354 2899 tenensis
377 2873 517 2905 diocesis,
541 2875 767 2908 spectantibus,
793 2876 832 2901 ad
856 2875 988 2909 aliquus
1011 2877 1221 2910 provisionem

214 2918 278 2938 non
296 2913 456 2945 procedat.
475 2913 572 2946 (ΗΕΘ.
591 2914 639 2945 25,
658 2914 679 2940 f.
700 2914 756 2941 163
774 2919 820 2947 v0,
840 2922 889 2942 an.
911 2915 963 2947 IV,
983 2923 1007 2942 c.
1027 2916 1109 2950 283.)

1361 327 1373 342 α
1388 338 1418 350 ..,
1438 315 1669 353 archiepiscopo
1686 313 1921 352 Burdeyalensi.
1942 312 2086 342 Dilectus
2104 311 2222 344 filius..,
2242 310 2331 349 prior

1320 368 1429 398 Sancti
1455 367 1565 398 Savini
1590 367 1629 396 de
1653 366 1844 404 Taleburgo,
1870 365 1990 395 ordinis
2015 364 2125 395 Sancti
2147 362 2328 397 Benedicti.

1319 420 1558 450 Xanctonensis
1586 419 1730 453 diocesis,
1759 418 1851 448 nobis
1878 417 2058 457 significare
2087 416 2213 446 curavit
2241 414 2328 454 quod

1319 473 1468 513 quamvis
1493 482 1549 502 nos
1573 472 1648 502 olim
1671 472 1732 501 tibi
1755 480 1812 510 pro
1835 471 1980 509 pluribus
2003 470 2123 500 clericis
2146 472 2179 499 et
2201 467 2330 498 scolari-

1319 526 1379 556 bus
1409 525 1551 555 civitatis
1580 527 1614 554 et
1642 524 1805 563 provincie
1832 522 2128 562 Burdegalensium,
2147 530 2254 560 ‘super
2281 521 2330 560 ip-

1319 587 1427 608 sorum
1452 578 1633 617 provisione
1657 577 1695 606 de
1719 576 1882 606 beneficiis
1905 574 2126 606 ecclesiasticis
2148 574 2242 612 juxta
2266 573 2330 604 for-

1319 640 1407 661 mam
1426 640 1490 670 qua
1507 640 1564 669 pro
1583 630 1778 669 pauperibus
1795 629 1931 658 scribere
1949 628 2185 661 consuevimus,
2203 628 2330 656 nostras

1320 684 1445 714 litteras
1480 683 1676 712 misissemus
1710 684 1743 712 et
1784 682 1816 711 in
1858 682 1902 711 eis
1936 681 2141 711 contineatur
2182 687 2330 718 expresse

1321 739 1358 766 ut
1375 737 1493 766 talibus
1509 737 1547 765 de
1563 735 1736 769 beneficiis,
1752 735 1844 774 siqua
1859 735 1901 764 ad
1917 737 2008 763 tuam
2023 733 2228 763 collationem
2241 740 2330 771 spec-

1320 791 1439 823 tarent,
1453 789 1595 828 alioquin
1608 789 1647 818 de
1659 789 1728 818 aliis
1740 789 1780 817 ad
1794 788 2014 826 cujuscunque
2027 786 2230 816 collationem
2241 793 2331 824 spec-

1320 842 1479 876 tantibus,
1500 842 1525 871 si
1544 844 1709 875 vacarent,
1731 841 1762 870 in
1784 843 1839 870 tua
1860 840 1993 870 civitate
2013 839 2063 869 vel
2084 838 2258 878 provincia,
2278 837 2329 868 vel

1321 895 1562 934 quamprimum
1582 895 1623 924 ad
1644 894 1676 923 id
1696 903 1728 923 se
1749 893 1880 923 offerret
1899 892 2114 931 oportunitas,
2135 891 2329 930 provideres.

1320 949 1356 977 tu
1378 950 1488 977 tamen
1510 947 1566 986 qui
1586 947 1677 986 plura
1700 946 1855 976 beneficia
1877 945 2021 975 obtinere
2043 944 2155 974 diceris
2175 944 2217 974 ad
2237 946 2330 973 tuam

1321 1000 1525 1030 collationem
1547 1000 1740 1038 spectantia,
1763 1000 1788 1028 si
1811 999 1942 1038 aliquod
1965 1007 2005 1027 ex
2027 998 2071 1027 eis
2093 1000 2238 1036 tempore
2260 1004 2331 1035 pre-

1321 1052 1512 1083 sentationis
1530 1053 1710 1082 litterarum
1729 1053 1871 1091 ipsarum
1889 1051 1972 1081 forte
1991 1060 2054 1080 non
2073 1053 2180 1084 vacat,
2200 1049 2331 1080 credens

1321 1115 1377 1144 per
1394 1106 1453 1135 hoc
1470 1106 1582 1135 datam
1598 1105 1658 1134 tibi
1674 1114 1730 1144 per
1745 1105 1869 1134 litteras
1884 1104 1970 1142 ipsas
1986 1105 2185 1142 potestatem
2200 1103 2242 1132 ad
2258 1110 2331 1141 pro-

1320 1158 1498 1188 videndum
1530 1159 1568 1187 de
1598 1158 1668 1188 aliis
1699 1157 1862 1187 beneficiis
1892 1157 2066 1195 prorogari,
2099 1157 2137 1186 de
2168 1154 2331 1186 beneficiis

1321 1212 1362 1241 ad
1399 1211 1603 1240 collationem
1638 1220 1693 1240 seu
1729 1210 2002 1249 presentationem
2038 1209 2183 1247 ejusdem
2217 1208 2332 1247 prioris

1321 1265 1556 1303 spectantibus,
1612 1264 1808 1293 auctoritate
1838 1263 2023 1302 hujusmodi
2052 1262 2233 1292 litterarum
2262 1271 2332 1301 pre-

1321 1317 1398 1346 fatis
1435 1317 1554 1346 clericis
1578 1317 1675 1346 modo
1700 1326 1755 1355 per
1780 1318 1822 1350 te,
1847 1316 1944 1346 modo
1968 1325 2024 1354 per
2047 1315 2147 1345 alium
2170 1315 2330 1354 provides,

1321 1370 1354 1399 in
1372 1370 1471 1408 ipsius
1489 1379 1552 1399 non
1570 1369 1734 1399 modicum
1752 1369 1965 1408 prejudicium
1983 1371 2015 1398 et
2032 1376 2217 1407 gravamen.
2246 1367 2327 1398 Cum

1321 1423 1432 1461 itaque
1453 1432 1510 1452 nec
1530 1422 1633 1452 forma
1654 1422 1828 1452 earundem
1848 1422 2040 1455 litterarum,
2056 1430 2113 1450 nec
2130 1420 2331 1460 propositum

1323 1478 1431 1505 nostre
1447 1475 1635 1505 intentionis
1649 1475 1682 1504 id
1698 1475 1817 1504 habeat
1832 1477 1869 1504 ut
1884 1475 2051 1513 providere
2066 1474 2186 1504 talibus
2201 1473 2332 1512 quando

1320 1529 1416 1567 juxta
1443 1528 1624 1567 predictum
1650 1528 1784 1558 modum
1810 1527 1988 1561 scribimus,
2015 1527 2124 1556 valeas
2150 1527 2189 1556 de
2213 1525 2336 1556 benefi-

1322 1582 1377 1611 ciis
1414 1581 1535 1615 alienis,
1566 1581 1742 1610 dummodo
1772 1581 1891 1610 habeas
1919 1580 2027 1619 aliqua
2053 1580 2095 1609 ad
2120 1582 2212 1609 tuam
2241 1579 2336 1609 colla-

1322 1635 1445 1664 tionem
1477 1634 1659 1672 spectantia
1692 1633 1791 1663 etiam
1823 1633 1849 1662 si
1882 1642 1945 1663 non
1978 1635 2107 1668 vacent,
2140 1632 2334 1662 mandamus

1323 1688 1477 1726 quatinus
1502 1688 1541 1716 de
1564 1686 1728 1716 beneficiis
1751 1686 1792 1715 ad
1817 1686 2020 1716 collationem
2044 1695 2099 1715 seu
2123 1684 2336 1724 presentatio-

1323 1749 1396 1770 nem
1431 1740 1509 1770 dicti
1543 1739 1656 1779 prioris
1679 1739 1912 1778 spectantibus,
1932 1739 2000 1768 sive
2019 1741 2147 1773 vacent,
2181 1738 2249 1768 sive
2271 1746 2335 1768 non

1322 1795 1451 1827 vacent,
1474 1802 1529 1832 per
1548 1792 1674 1822 litteras
1694 1792 1881 1830 hujusmodi
1900 1792 1942 1821 ad
1962 1791 2178 1830 provisionem
2198 1791 2335 1830 alicujus

1323 1846 1529 1884 aliquatenus
1553 1854 1617 1874 non
1641 1845 1806 1884 procedas.
1831 1845 1898 1874 Nos
1920 1844 2050 1883 insuper
2073 1844 2273 1874 decernimus
2294 1843 2336 1874 ir-

1323 1899 1423 1929 ritum
1448 1901 1481 1928 et
1504 1899 1599 1927 inane
1622 1898 1648 1927 si
1672 1907 1762 1927 secus
1786 1899 1896 1927 actum
1920 1897 2018 1927 fuerit
2041 1897 2198 1927 hactenus
2220 1897 2272 1927 vel
2295 1897 2335 1927 de

1325 1954 1431 1982 cetero
1456 1951 1627 1990 contigerit
1649 1951 1851 1989 attemptari.
1876 1951 1953 1980 Dat.
1975 1950 2132 1989 Anagnie,
2160 1949 2210 1980 ΙΙΙ
2232 1958 2334 1980 nonas

1326 2005 1513 2038 decembris,
1542 2013 1627 2033 anno
1655 2006 1782 2042 quarto.
1812 2015 1823 2030 »

1408 2175 1497 2201 2728
1813 2177 1946 2211 Anagni‚
1968 2177 2005 2204 13
2024 2177 2147 2210 janvier
2167 2177 2254 2204 1259.

1368 2217 1466 2249 Adae,
1503 2217 1613 2244 abbati
1648 2218 1831 2244 monasterii
1866 2217 1895 2244 S.
1932 2217 2097 2244 Maximini
2132 2216 2336 2249 Miciacensis,

1328 2257 1560 2283 Aurelianensis
1592 2257 1732 2289 diocesis,
1764 2257 1949 2284 facultatem
1981 2257 2137 2283 retinendi
2167 2263 2266 2290 usque
2295 2256 2336 2283 ad

1328 2297 1498 2323 triennium
1532 2294 1707 2330 prioratum
1742 2297 1779 2323 de
1803 2297 1921 2331 Dyaco,
1957 2296 2162 2330 Lingonensis
2195 2295 2336 2327 diocesis.

1329 2336 1482 2363 concedit.
1503 2336 1600 2369 (Rea.
1620 2336 1668 2368 25,
1688 2337 1708 2362 r.
1730 2336 1786 2363 163
1804 2341 1851 2368 v0,
1871 2344 1920 2363 an.
1944 2336 1995 2367 IV,
2015 2344 2040 2362 c.
2059 2336 2142 2369 284.)

1369 2450 1381 2466 «
1412 2439 1490 2472 Ade,
1523 2438 1628 2468 abbati
1659 2439 1839 2469 monasterii
1871 2439 1978 2469 Sancti
2010 2439 2186 2469 Maximini
2217 2438 2336 2468 Micia-

1327 2491 1437 2525 censis,
1462 2491 1582 2521 ordinis
1607 2492 1714 2521 Sancti
1738 2492 1907 2526 Benedicti,
1932 2492 2172 2522 Aurelianensis
2195 2491 2335 2522 diocesis.

1331 2543 1494 2573 Inducunt
1519 2553 1576 2574 nos
1601 2546 1657 2574 tue
1684 2545 1864 2574 devotionis
1890 2545 2003 2574 merita
2031 2548 2068 2574 ut
2093 2547 2125 2574 te
2150 2545 2203 2574 illa
2229 2552 2334 2583 prose-

1328 2605 1466 2635 quamur
1483 2597 1587 2635 gratia
1608 2606 1705 2636 quam
1725 2598 1785 2627 tibi
1804 2597 1871 2627 fore
1893 2598 2113 2636 cognoscimus
2129 2599 2335 2636 oportunam.

1328 2650 1410 2679 Sane
1438 2650 1553 2688 petitio
1581 2652 1638 2679 tua
1668 2651 1759 2680 nobis
1787 2651 1932 2680 exhibita
1960 2650 2149 2680 continebat
2176 2651 2273 2689 quod,
2301 2652 2334 2680 te

1328 2703 1480 2732 canonice
1498 2705 1664 2741 assumpte
1681 2703 1713 2733 in
1724 2704 1878 2733 abbatem
1895 2703 2080 2733 monasterii
2106 2703 2216 2734 Sancti
2233 2702 2336 2733 Maxi-

1329 2755 1407 2784 mini
1424 2755 1633 2790 Miciacensis‚
1646 2756 1753 2786 dilecti
1762 2756 1853 2791 filii..‚
1865 2757 1966 2786 abbas
1976 2759 2009 2786 et
2019 2759 2197 2786 conventus
2207 2763 2333 2786 monas--

1328 2808 1400 2838 terii
1412 2808 1521 2838 Sancti
1539 2808 1708 2838 Benedicti
1724 2809 1944 2843 Floriacensis,
1969 2809 2089 2839 ordinis
2105 2809 2213 2839 Sancti
2230 2808 2334 2838 Bene-

1329 2861 1407 2891 dicti
1418 2861 1467 2899 cuj
1474 2870 1510 2890 us
1519 2870 1588 2891 eras
1597 2862 1785 2896 monachus,
1794 2862 2001 2891 attendentes
2009 2862 2143 2900 provide
2151 2861 2237 2901 quod
2247 2861 2332 2892 bona

1329 2913 1491 2953 prioratus
1517 2915 1557 2944 de
1582 2914 1706 2954 Dyaco,
1733 2914 1943 2954 Lingonensis
1969 2914 2113 2950 diocesis,
2138 2914 2181 2945 ad
2207 2920 2333 2944 monaa-
