<?xml version="1.0" encoding="UTF-8"?>
<!DOCTYPE html PUBLIC "-//W3C//DTD XHTML 1.0 Transitional//EN"
    "http://www.w3.org/TR/xhtml1/DTD/xhtml1-transitional.dtd">
<html xmlns="http://www.w3.org/1999/xhtml" xml:lang="en" lang="en">
 <head>
  <title>
</title>
<meta http-equiv="Content-Type" content="text/html;charset=utf-8" />
  <meta name='ocr-system' content='tesseract 3.04.00' />
  <meta name='ocr-capabilities' content='ocr_page ocr_carea ocr_par ocr_line ocrx_word'/>
</head>
<body>
  <div class='ocr_page' id='page_1' title='image "./lesregistresdegr02cathuoft_0404.png"; bbox 0 0 2477 3512; ppageno 0'>
   <div class='ocr_carea' id='block_1_1' title="bbox 187 280 1609 317">
    <p class='ocr_par' dir='ltr' id='par_1_1' title="bbox 187 280 1609 317">
     <span class='ocr_line' id='line_1_1' title="bbox 187 280 1609 317; baseline -0.004 0"><span class='ocrx_word' id='word_1_1' title='bbox 187 284 232 317; x_wconf 90' lang='lat'>20</span> <span class='ocrx_word' id='word_1_2' title='bbox 886 281 1154 315; x_wconf 84' lang='lat' dir='ltr'><strong>REGISTRES</strong></span> <span class='ocrx_word' id='word_1_3' title='bbox 1181 280 1532 314; x_wconf 81' lang='lat' dir='ltr'>D&#39;ALEXANDRE</span> <span class='ocrx_word' id='word_1_4' title='bbox 1561 280 1609 312; x_wconf 94' lang='lat' dir='ltr'>IV</span> 
     </span>
    </p>
   </div>
   <div class='ocr_carea' id='block_1_2' title="bbox 190 386 1197 695">
    <p class='ocr_par' dir='ltr' id='par_1_2' title="bbox 190 386 1197 695">
     <span class='ocr_line' id='line_1_2' title="bbox 192 386 1195 429; baseline 0.003 -13"><span class='ocrx_word' id='word_1_5' title='bbox 192 386 469 429; x_wconf 86' lang='lat' dir='ltr'>«plicationibus</span> <span class='ocrx_word' id='word_1_6' title='bbox 494 386 665 424; x_wconf 85' lang='lat' dir='ltr'>inclinati,</span> <span class='ocrx_word' id='word_1_7' title='bbox 694 387 758 418; x_wconf 91' lang='lat' dir='ltr'>hoc</span> <span class='ocrx_word' id='word_1_8' title='bbox 785 386 937 418; x_wconf 89' lang='lat' dir='ltr'>faciendi</span> <span class='ocrx_word' id='word_1_9' title='bbox 963 387 1105 429; x_wconf 84' lang='lat' dir='ltr'>plenam</span> <span class='ocrx_word' id='word_1_10' title='bbox 1132 387 1195 419; x_wconf 90' lang='lat' dir='ltr'>tibi</span> 
     </span>
     <span class='ocr_line' id='line_1_3' title="bbox 191 439 1194 482; baseline 0 -10"><span class='ocrx_word' id='word_1_11' title='bbox 191 440 433 473; x_wconf 88' lang='lat' dir='ltr'>«auctoritate</span> <span class='ocrx_word' id='word_1_12' title='bbox 465 440 680 482; x_wconf 88' lang='lat' dir='ltr'>presentium</span> <span class='ocrx_word' id='word_1_13' title='bbox 715 439 942 472; x_wconf 79' lang='lat' dir='ltr'>concedimus</span> <span class='ocrx_word' id='word_1_14' title='bbox 973 440 1194 477; x_wconf 80' lang='lat' dir='ltr'>facultatem,</span> 
     </span>
     <span class='ocr_line' id='line_1_4' title="bbox 193 493 1196 536; baseline -0.001 -10"><span class='ocrx_word' id='word_1_15' title='bbox 193 494 398 526; x_wconf 81' lang='lat' dir='ltr'>«defectum</span> <span class='ocrx_word' id='word_1_16' title='bbox 431 493 491 536; x_wconf 88' lang='lat' dir='ltr'>qui</span> <span class='ocrx_word' id='word_1_17' title='bbox 522 493 557 524; x_wconf 91' lang='lat' dir='ltr'>in</span> <span class='ocrx_word' id='word_1_18' title='bbox 590 493 837 534; x_wconf 72' lang='lat' dir='ltr'>procuratione</span> <span class='ocrx_word' id='word_1_19' title='bbox 869 495 931 525; x_wconf 87' lang='lat' dir='ltr'>tua</span> <span class='ocrx_word' id='word_1_20' title='bbox 964 493 999 524; x_wconf 92' lang='lat' dir='ltr'>in</span> <span class='ocrx_word' id='word_1_21' title='bbox 1031 494 1096 526; x_wconf 91' lang='lat' dir='ltr'>hoc</span> <span class='ocrx_word' id='word_1_22' title='bbox 1128 494 1196 525; x_wconf 84' lang='lat' dir='ltr'>suit</span> 
     </span>
     <span class='ocr_line' id='line_1_5' title="bbox 195 546 1197 590; baseline 0.003 -14"><span class='ocrx_word' id='word_1_23' title='bbox 195 547 426 590; x_wconf 83' lang='lat' dir='ltr'>«supplentes</span> <span class='ocrx_word' id='word_1_24' title='bbox 452 547 494 578; x_wconf 90' lang='lat' dir='ltr'>de</span> <span class='ocrx_word' id='word_1_25' title='bbox 519 546 738 588; x_wconf 78' lang='lat' dir='ltr'>plenitudine</span> <span class='ocrx_word' id='word_1_26' title='bbox 765 546 965 588; x_wconf 86' lang='lat' dir='ltr'>potestatis.</span> <span class='ocrx_word' id='word_1_27' title='bbox 992 546 1076 578; x_wconf 87' lang='lat' dir='ltr'>Dat.</span> <span class='ocrx_word' id='word_1_28' title='bbox 1103 547 1197 579; x_wconf 83' lang='lat' dir='ltr'>Aua—</span> 
     </span>
     <span class='ocr_line' id='line_1_6' title="bbox 190 598 1196 641; baseline 0.003 -13"><span class='ocrx_word' id='word_1_29' title='bbox 190 600 306 641; x_wconf 82' lang='lat' dir='ltr'>«gnie,</span> <span class='ocrx_word' id='word_1_30' title='bbox 334 600 400 631; x_wconf 86' lang='lat' dir='ltr'>XV</span> <span class='ocrx_word' id='word_1_31' title='bbox 425 599 494 631; x_wconf 86' lang='lat' dir='ltr'>kal.</span> <span class='ocrx_word' id='word_1_32' title='bbox 519 598 683 641; x_wconf 83' lang='lat' dir='ltr'>januarii,</span> <span class='ocrx_word' id='word_1_33' title='bbox 711 599 943 641; x_wconf 71' lang='lat' dir='ltr'>pontificatus</span> <span class='ocrx_word' id='word_1_34' title='bbox 968 599 1079 631; x_wconf 88' lang='lat' dir='ltr'>nostri</span> <span class='ocrx_word' id='word_1_35' title='bbox 1104 609 1196 632; x_wconf 90' lang='lat' dir='ltr'>anno</span> 
     </span>
     <span class='ocr_line' id='line_1_7' title="bbox 192 655 400 695; baseline 0.014 -13"><span class='ocrx_word' id='word_1_36' title='bbox 192 655 358 695; x_wconf 88' lang='lat' dir='ltr'>«quarto.</span> <span class='ocrx_word' id='word_1_37' title='bbox 388 666 400 681; x_wconf 88' lang='lat'>»</span> 
     </span>
    </p>
   </div>
   <div class='ocr_carea' id='block_1_3' title="bbox 794 762 1115 790">
    <p class='ocr_par' dir='ltr' id='par_1_3' title="bbox 794 762 1115 790">
     <span class='ocr_line' id='line_1_8' title="bbox 794 762 1115 790; baseline 0.003 -1"><span class='ocrx_word' id='word_1_38' title='bbox 794 762 830 790; x_wconf 91' lang='lat'>21</span> <span class='ocrx_word' id='word_1_39' title='bbox 849 763 1012 790; x_wconf 77' lang='lat' dir='ltr'>decembre</span> <span class='ocrx_word' id='word_1_40' title='bbox 1029 762 1115 790; x_wconf 90' lang='lat'>1258.</span> 
     </span>
    </p>
   </div>
   <div class='ocr_carea' id='block_1_4' title="bbox 188 816 1199 3036">
    <p class='ocr_par' dir='ltr' id='par_1_4' title="bbox 188 816 1199 3036">
     <span class='ocr_line' id='line_1_9' title="bbox 235 816 1198 859; baseline -0.001 -10"><span class='ocrx_word' id='word_1_41' title='bbox 235 830 246 845; x_wconf 91' lang='lat'>«</span> <span class='ocrx_word' id='word_1_42' title='bbox 280 817 430 849; x_wconf 84' lang='lat' dir='ltr'>Nomine</span> <span class='ocrx_word' id='word_1_43' title='bbox 463 817 705 859; x_wconf 86' lang='lat' dir='ltr'>predictarum</span> <span class='ocrx_word' id='word_1_44' title='bbox 738 816 899 859; x_wconf 87' lang='lat' dir='ltr'>priorisse</span> <span class='ocrx_word' id='word_1_45' title='bbox 932 819 964 848; x_wconf 88' lang='lat' dir='ltr'>et</span> <span class='ocrx_word' id='word_1_46' title='bbox 1000 819 1198 848; x_wconf 84' lang='lat' dir='ltr'>conventus</span> 
     </span>
     <span class='ocr_line' id='line_1_10' title="bbox 191 870 1197 912; baseline 0.002 -13"><span class='ocrx_word' id='word_1_47' title='bbox 191 884 203 900; x_wconf 88' lang='lat'>«</span> <span class='ocrx_word' id='word_1_48' title='bbox 218 870 455 903; x_wconf 86' lang='lat' dir='ltr'>Andeciarum</span> <span class='ocrx_word' id='word_1_49' title='bbox 478 880 522 902; x_wconf 89' lang='lat' dir='ltr'>ex</span> <span class='ocrx_word' id='word_1_50' title='bbox 544 870 665 907; x_wconf 88' lang='lat' dir='ltr'>altera,</span> <span class='ocrx_word' id='word_1_51' title='bbox 691 870 1008 912; x_wconf 85' lang='lat' dir='ltr'>compromiserunt</span> <span class='ocrx_word' id='word_1_52' title='bbox 1031 870 1075 901; x_wconf 87' lang='lat' dir='ltr'>ad</span> <span class='ocrx_word' id='word_1_53' title='bbox 1107 870 1197 902; x_wconf 88' lang='lat' dir='ltr'>invi—</span> 
     </span>
     <span class='ocr_line' id='line_1_11' title="bbox 193 923 1196 965; baseline -0.002 -9"><span class='ocrx_word' id='word_1_54' title='bbox 193 933 295 956; x_wconf 89' lang='lat' dir='ltr'>«cem</span> <span class='ocrx_word' id='word_1_55' title='bbox 332 923 367 955; x_wconf 91' lang='lat' dir='ltr'>in</span> <span class='ocrx_word' id='word_1_56' title='bbox 406 933 469 955; x_wconf 92' lang='lat' dir='ltr'>nos</span> <span class='ocrx_word' id='word_1_57' title='bbox 506 923 652 955; x_wconf 86' lang='lat' dir='ltr'>fratrem</span> <span class='ocrx_word' id='word_1_58' title='bbox 691 923 893 965; x_wconf 83' lang='lat' dir='ltr'>Ilugonem,</span> <span class='ocrx_word' id='word_1_59' title='bbox 934 923 1029 954; x_wconf 86' lang='lat' dir='ltr'>tituli</span> <span class='ocrx_word' id='word_1_60' title='bbox 1069 924 1196 955; x_wconf 83' lang='lat' dir='ltr'>Sancte</span> 
     </span>
     <span class='ocr_line' id='line_1_12' title="bbox 191 976 1197 1020; baseline 0.002 -13"><span class='ocrx_word' id='word_1_61' title='bbox 191 990 203 1006; x_wconf 91' lang='lat'>«</span> <span class='ocrx_word' id='word_1_62' title='bbox 219 977 346 1009; x_wconf 85' lang='lat' dir='ltr'>Sabine</span> <span class='ocrx_word' id='word_1_63' title='bbox 363 977 608 1020; x_wconf 89' lang='lat' dir='ltr'>presbiterum,</span> <span class='ocrx_word' id='word_1_64' title='bbox 627 979 662 1009; x_wconf 88' lang='lat' dir='ltr'>et</span> <span class='ocrx_word' id='word_1_65' title='bbox 681 976 915 1012; x_wconf 87' lang='lat' dir='ltr'>Ottobouum,</span> <span class='ocrx_word' id='word_1_66' title='bbox 936 976 1056 1008; x_wconf 84' lang='lat' dir='ltr'>Sancti</span> <span class='ocrx_word' id='word_1_67' title='bbox 1074 976 1197 1009; x_wconf 85' lang='lat' dir='ltr'>Adria-</span> 
     </span>
     <span class='ocr_line' id='line_1_13' title="bbox 195 1029 1198 1072; baseline 0.002 -13"><span class='ocrx_word' id='word_1_68' title='bbox 195 1030 257 1062; x_wconf 84' lang='lat' dir='ltr'>«ni</span> <span class='ocrx_word' id='word_1_69' title='bbox 284 1030 472 1062; x_wconf 84' lang='lat' dir='ltr'>diaconum</span> <span class='ocrx_word' id='word_1_70' title='bbox 498 1030 703 1067; x_wconf 83' lang='lat' dir='ltr'>cardinales,</span> <span class='ocrx_word' id='word_1_71' title='bbox 731 1030 773 1061; x_wconf 83' lang='lat' dir='ltr'>de</span> <span class='ocrx_word' id='word_1_72' title='bbox 799 1029 939 1072; x_wconf 84' lang='lat' dir='ltr'>speciali</span> <span class='ocrx_word' id='word_1_73' title='bbox 966 1030 1136 1061; x_wconf 87' lang='lat' dir='ltr'>mandato</span> <span class='ocrx_word' id='word_1_74' title='bbox 1163 1032 1198 1061; x_wconf 87' lang='lat' dir='ltr'>et</span> 
     </span>
     <span class='ocr_line' id='line_1_14' title="bbox 194 1083 1198 1126; baseline -0.001 -11"><span class='ocrx_word' id='word_1_75' title='bbox 194 1083 436 1115; x_wconf 86' lang='lat' dir='ltr'>«auctoritate</span> <span class='ocrx_word' id='word_1_76' title='bbox 481 1083 629 1126; x_wconf 83' lang='lat' dir='ltr'>predicti</span> <span class='ocrx_word' id='word_1_77' title='bbox 676 1083 809 1115; x_wconf 91' lang='lat' dir='ltr'>domini</span> <span class='ocrx_word' id='word_1_78' title='bbox 854 1093 945 1125; x_wconf 88' lang='lat' dir='ltr'>pape</span> <span class='ocrx_word' id='word_1_79' title='bbox 991 1083 1198 1125; x_wconf 76' lang='lat' dir='ltr'>recipientes</span> 
     </span>
     <span class='ocr_line' id='line_1_15' title="bbox 201 1136 1198 1178; baseline 0 -11"><span class='ocrx_word' id='word_1_80' title='bbox 201 1139 414 1178; x_wconf 77' lang='lat' dir='ltr'>«tamquam</span> <span class='ocrx_word' id='word_1_81' title='bbox 440 1136 474 1168; x_wconf 93' lang='lat' dir='ltr'>in</span> <span class='ocrx_word' id='word_1_82' title='bbox 502 1136 653 1168; x_wconf 81' lang='lat' dir='ltr'>arbitros</span> <span class='ocrx_word' id='word_1_83' title='bbox 679 1136 909 1168; x_wconf 87' lang='lat' dir='ltr'>arbitratores</span> <span class='ocrx_word' id='word_1_84' title='bbox 935 1139 969 1168; x_wconf 88' lang='lat' dir='ltr'>et</span> <span class='ocrx_word' id='word_1_85' title='bbox 996 1136 1198 1168; x_wconf 83' lang='lat' dir='ltr'>amicabiles</span> 
     </span>
     <span class='ocr_line' id='line_1_16' title="bbox 197 1189 1196 1233; baseline 0.002 -15"><span class='ocrx_word' id='word_1_86' title='bbox 197 1189 477 1233; x_wconf 86' lang='lat' dir='ltr'>«compositores</span> <span class='ocrx_word' id='word_1_87' title='bbox 527 1189 569 1221; x_wconf 92' lang='lat' dir='ltr'>de</span> <span class='ocrx_word' id='word_1_88' title='bbox 615 1189 778 1221; x_wconf 87' lang='lat' dir='ltr'>omnibus</span> <span class='ocrx_word' id='word_1_89' title='bbox 824 1189 956 1227; x_wconf 90' lang='lat' dir='ltr'>litibus,</span> <span class='ocrx_word' id='word_1_90' title='bbox 1004 1189 1196 1227; x_wconf 85' lang='lat' dir='ltr'>discordiis,</span> 
     </span>
     <span class='ocr_line' id='line_1_17' title="bbox 194 1241 1196 1284; baseline 0 -10"><span class='ocrx_word' id='word_1_91' title='bbox 194 1242 468 1275; x_wconf 88' lang='lat' dir='ltr'>«controversiis</span> <span class='ocrx_word' id='word_1_92' title='bbox 490 1245 526 1274; x_wconf 85' lang='lat' dir='ltr'>et</span> <span class='ocrx_word' id='word_1_93' title='bbox 549 1241 697 1284; x_wconf 80' lang='lat' dir='ltr'>querelis</span> <span class='ocrx_word' id='word_1_94' title='bbox 720 1252 787 1284; x_wconf 87' lang='lat' dir='ltr'>quc</span> <span class='ocrx_word' id='word_1_95' title='bbox 810 1244 1001 1274; x_wconf 88' lang='lat' dir='ltr'>vertuntur</span> <span class='ocrx_word' id='word_1_96' title='bbox 1023 1252 1082 1274; x_wconf 91' lang='lat' dir='ltr'>seu</span> <span class='ocrx_word' id='word_1_97' title='bbox 1106 1242 1196 1274; x_wconf 77' lang='lat' dir='ltr'>verti</span> 
     </span>
     <span class='ocr_line' id='line_1_18' title="bbox 196 1295 1197 1338; baseline 0.001 -12"><span class='ocrx_word' id='word_1_98' title='bbox 196 1298 364 1338; x_wconf 79' lang='lat' dir='ltr'>«possent</span> <span class='ocrx_word' id='word_1_99' title='bbox 387 1295 479 1327; x_wconf 91' lang='lat' dir='ltr'>inter</span> <span class='ocrx_word' id='word_1_100' title='bbox 502 1295 597 1337; x_wconf 90' lang='lat' dir='ltr'>ipsos</span> <span class='ocrx_word' id='word_1_101' title='bbox 621 1295 802 1333; x_wconf 80' lang='lat' dir='ltr'>abbatem,</span> <span class='ocrx_word' id='word_1_102' title='bbox 829 1295 1031 1337; x_wconf 86' lang='lat' dir='ltr'>priorissam</span> <span class='ocrx_word' id='word_1_103' title='bbox 1056 1298 1090 1327; x_wconf 92' lang='lat' dir='ltr'>et</span> <span class='ocrx_word' id='word_1_104' title='bbox 1116 1306 1197 1327; x_wconf 91' lang='lat' dir='ltr'>con-</span> 
     </span>
     <span class='ocr_line' id='line_1_19' title="bbox 194 1348 1198 1390; baseline 0 -10"><span class='ocrx_word' id='word_1_105' title='bbox 194 1362 207 1377; x_wconf 90' lang='lat'>«</span> <span class='ocrx_word' id='word_1_106' title='bbox 221 1351 349 1381; x_wconf 88' lang='lat' dir='ltr'>ventus</span> <span class='ocrx_word' id='word_1_107' title='bbox 368 1358 473 1390; x_wconf 87' lang='lat' dir='ltr'>super</span> <span class='ocrx_word' id='word_1_108' title='bbox 491 1348 710 1390; x_wconf 87' lang='lat' dir='ltr'>subjectione</span> <span class='ocrx_word' id='word_1_109' title='bbox 729 1348 838 1390; x_wconf 90' lang='lat' dir='ltr'>ipsius</span> <span class='ocrx_word' id='word_1_110' title='bbox 857 1349 1062 1380; x_wconf 89' lang='lat' dir='ltr'>monasterii</span> <span class='ocrx_word' id='word_1_111' title='bbox 1080 1349 1198 1380; x_wconf 80' lang='lat' dir='ltr'>Ande-</span> 
     </span>
     <span class='ocr_line' id='line_1_20' title="bbox 202 1401 1199 1444; baseline -0.001 -10"><span class='ocrx_word' id='word_1_112' title='bbox 202 1402 372 1439; x_wconf 82' lang='lat' dir='ltr'>«ciarum,</span> <span class='ocrx_word' id='word_1_113' title='bbox 409 1404 484 1433; x_wconf 92' lang='lat' dir='ltr'>tam</span> <span class='ocrx_word' id='word_1_114' title='bbox 520 1401 707 1444; x_wconf 90' lang='lat' dir='ltr'>temporali</span> <span class='ocrx_word' id='word_1_115' title='bbox 744 1412 851 1443; x_wconf 90' lang='lat' dir='ltr'>quam</span> <span class='ocrx_word' id='word_1_116' title='bbox 887 1401 1061 1444; x_wconf 84' lang='lat' dir='ltr'>spirituali</span> <span class='ocrx_word' id='word_1_117' title='bbox 1096 1402 1199 1443; x_wconf 86' lang='lat' dir='ltr'>juris—</span> 
     </span>
     <span class='ocr_line' id='line_1_21' title="bbox 192 1455 1199 1496; baseline 0.001 -10"><span class='ocrx_word' id='word_1_118' title='bbox 192 1468 205 1484; x_wconf 88' lang='lat'>«</span> <span class='ocrx_word' id='word_1_119' title='bbox 220 1455 383 1492; x_wconf 84' lang='lat' dir='ltr'>dictione,</span> <span class='ocrx_word' id='word_1_120' title='bbox 403 1455 490 1496; x_wconf 85' lang='lat' dir='ltr'>jure,</span> <span class='ocrx_word' id='word_1_121' title='bbox 511 1455 661 1496; x_wconf 89' lang='lat' dir='ltr'>justitia,</span> <span class='ocrx_word' id='word_1_122' title='bbox 683 1455 1004 1487; x_wconf 86' lang='lat' dir='ltr'>amministratione</span> <span class='ocrx_word' id='word_1_123' title='bbox 1024 1458 1059 1487; x_wconf 90' lang='lat' dir='ltr'>et</span> <span class='ocrx_word' id='word_1_124' title='bbox 1086 1455 1199 1487; x_wconf 90' lang='lat' dir='ltr'>omni-</span> 
     </span>
     <span class='ocr_line' id='line_1_22' title="bbox 190 1508 1198 1550; baseline 0.003 -13"><span class='ocrx_word' id='word_1_125' title='bbox 190 1521 203 1538; x_wconf 88' lang='lat'>«</span> <span class='ocrx_word' id='word_1_126' title='bbox 218 1509 284 1541; x_wconf 87' lang='lat' dir='ltr'>bus</span> <span class='ocrx_word' id='word_1_127' title='bbox 303 1508 378 1540; x_wconf 92' lang='lat' dir='ltr'>aliis</span> <span class='ocrx_word' id='word_1_128' title='bbox 399 1518 467 1550; x_wconf 90' lang='lat' dir='ltr'>que</span> <span class='ocrx_word' id='word_1_129' title='bbox 487 1508 571 1540; x_wconf 90' lang='lat' dir='ltr'>dicti</span> <span class='ocrx_word' id='word_1_130' title='bbox 592 1508 703 1540; x_wconf 84' lang='lat' dir='ltr'>abbas</span> <span class='ocrx_word' id='word_1_131' title='bbox 723 1510 759 1540; x_wconf 91' lang='lat' dir='ltr'>et</span> <span class='ocrx_word' id='word_1_132' title='bbox 779 1511 976 1540; x_wconf 77' lang='lat' dir='ltr'>conventus</span> <span class='ocrx_word' id='word_1_133' title='bbox 997 1518 1036 1540; x_wconf 89' lang='lat' dir='ltr'>ac</span> <span class='ocrx_word' id='word_1_134' title='bbox 1058 1518 1198 1541; x_wconf 92' lang='lat' dir='ltr'>monas-</span> 
     </span>
     <span class='ocr_line' id='line_1_23' title="bbox 189 1561 1197 1604; baseline 0.001 -12"><span class='ocrx_word' id='word_1_135' title='bbox 189 1561 344 1593; x_wconf 87' lang='lat' dir='ltr'>«terium</span> <span class='ocrx_word' id='word_1_136' title='bbox 428 1561 668 1593; x_wconf 84' lang='lat' dir='ltr'>Molismenses</span> <span class='ocrx_word' id='word_1_137' title='bbox 739 1564 900 1604; x_wconf 84' lang='lat' dir='ltr'>peterent.</span> <span class='ocrx_word' id='word_1_138' title='bbox 965 1561 1020 1593; x_wconf 83' lang='lat' dir='ltr'>vel</span> <span class='ocrx_word' id='word_1_139' title='bbox 1080 1565 1197 1604; x_wconf 88' lang='lat' dir='ltr'>petere</span> 
     </span>
     <span class='ocr_line' id='line_1_24' title="bbox 188 1614 1197 1656; baseline 0.002 -12"><span class='ocrx_word' id='word_1_140' title='bbox 188 1617 360 1656; x_wconf 82' lang='lat' dir='ltr'>«possent</span> <span class='ocrx_word' id='word_1_141' title='bbox 387 1614 423 1646; x_wconf 92' lang='lat' dir='ltr'>in</span> <span class='ocrx_word' id='word_1_142' title='bbox 454 1614 592 1656; x_wconf 81' lang='lat' dir='ltr'>prefato</span> <span class='ocrx_word' id='word_1_143' title='bbox 623 1615 838 1646; x_wconf 83' lang='lat' dir='ltr'>monasterio</span> <span class='ocrx_word' id='word_1_144' title='bbox 868 1615 1107 1646; x_wconf 85' lang='lat' dir='ltr'>Andeciarum</span> <span class='ocrx_word' id='word_1_145' title='bbox 1137 1625 1197 1646; x_wconf 88' lang='lat' dir='ltr'>seu</span> 
     </span>
     <span class='ocr_line' id='line_1_25' title="bbox 191 1666 1198 1709; baseline 0.002 -12"><span class='ocrx_word' id='word_1_146' title='bbox 191 1679 204 1696; x_wconf 91' lang='lat'>«</span> <span class='ocrx_word' id='word_1_147' title='bbox 218 1666 421 1704; x_wconf 74' lang='lat' dir='ltr'>Vivifontis‚</span> <span class='ocrx_word' id='word_1_148' title='bbox 445 1670 481 1699; x_wconf 92' lang='lat' dir='ltr'>et</span> <span class='ocrx_word' id='word_1_149' title='bbox 501 1667 658 1709; x_wconf 90' lang='lat' dir='ltr'>personis</span> <span class='ocrx_word' id='word_1_150' title='bbox 679 1670 715 1699; x_wconf 85' lang='lat' dir='ltr'>et</span> <span class='ocrx_word' id='word_1_151' title='bbox 737 1667 838 1699; x_wconf 89' lang='lat' dir='ltr'>bouis</span> <span class='ocrx_word' id='word_1_152' title='bbox 859 1668 1018 1709; x_wconf 87' lang='lat' dir='ltr'>ejusdem</span> <span class='ocrx_word' id='word_1_153' title='bbox 1041 1677 1198 1709; x_wconf 88' lang='lat' dir='ltr'>quacun-</span> 
     </span>
     <span class='ocr_line' id='line_1_26' title="bbox 190 1720 1198 1762; baseline 0.003 -12"><span class='ocrx_word' id='word_1_154' title='bbox 190 1730 286 1762; x_wconf 88' lang='lat' dir='ltr'>«que</span> <span class='ocrx_word' id='word_1_155' title='bbox 310 1720 502 1758; x_wconf 90' lang='lat' dir='ltr'>occasione,</span> <span class='ocrx_word' id='word_1_156' title='bbox 528 1723 564 1752; x_wconf 87' lang='lat' dir='ltr'>et</span> <span class='ocrx_word' id='word_1_157' title='bbox 588 1720 787 1762; x_wconf 85' lang='lat' dir='ltr'>specialiter</span> <span class='ocrx_word' id='word_1_158' title='bbox 811 1721 994 1752; x_wconf 86' lang='lat' dir='ltr'>occasione</span> <span class='ocrx_word' id='word_1_159' title='bbox 1009 1721 1198 1762; x_wconf 87' lang='lat' dir='ltr'>cujuslibet</span> 
     </span>
     <span class='ocr_line' id='line_1_27' title="bbox 190 1773 1198 1816; baseline 0.004 -14"><span class='ocrx_word' id='word_1_160' title='bbox 190 1773 388 1816; x_wconf 81' lang='lat' dir='ltr'>«privilegii</span> <span class='ocrx_word' id='word_1_161' title='bbox 416 1773 491 1805; x_wconf 88' lang='lat' dir='ltr'>sive</span> <span class='ocrx_word' id='word_1_162' title='bbox 520 1773 565 1806; x_wconf 90' lang='lat' dir='ltr'>ab</span> <span class='ocrx_word' id='word_1_163' title='bbox 593 1773 799 1815; x_wconf 87' lang='lat' dir='ltr'>Apostolica</span> <span class='ocrx_word' id='word_1_164' title='bbox 830 1773 927 1810; x_wconf 84' lang='lat' dir='ltr'>Sede,</span> <span class='ocrx_word' id='word_1_165' title='bbox 958 1774 1033 1805; x_wconf 84' lang='lat' dir='ltr'>sive</span> <span class='ocrx_word' id='word_1_166' title='bbox 1063 1784 1082 1805; x_wconf 90' lang='lat' dir='ltr'>a</span> <span class='ocrx_word' id='word_1_167' title='bbox 1113 1784 1198 1816; x_wconf 87' lang='lat' dir='ltr'>qua-</span> 
     </span>
     <span class='ocr_line' id='line_1_28' title="bbox 190 1826 1197 1868; baseline 0.001 -10"><span class='ocrx_word' id='word_1_168' title='bbox 190 1838 203 1855; x_wconf 93' lang='lat'>«</span> <span class='ocrx_word' id='word_1_169' title='bbox 218 1836 356 1868; x_wconf 86' lang='lat' dir='ltr'>cunque</span> <span class='ocrx_word' id='word_1_170' title='bbox 379 1836 528 1868; x_wconf 88' lang='lat' dir='ltr'>persona</span> <span class='ocrx_word' id='word_1_171' title='bbox 551 1826 785 1858; x_wconf 88' lang='lat' dir='ltr'>ecclesiastica</span> <span class='ocrx_word' id='word_1_172' title='bbox 810 1829 845 1858; x_wconf 92' lang='lat' dir='ltr'>et</span> <span class='ocrx_word' id='word_1_173' title='bbox 869 1826 1015 1858; x_wconf 86' lang='lat' dir='ltr'>seculari</span> <span class='ocrx_word' id='word_1_174' title='bbox 1039 1826 1197 1868; x_wconf 86' lang='lat' dir='ltr'>ejusdem</span> 
     </span>
     <span class='ocr_line' id='line_1_29' title="bbox 190 1879 1198 1912; baseline 0.001 -1"><span class='ocrx_word' id='word_1_175' title='bbox 190 1879 341 1911; x_wconf 87' lang='lat' dir='ltr'>«abbati</span> <span class='ocrx_word' id='word_1_176' title='bbox 359 1882 394 1911; x_wconf 86' lang='lat' dir='ltr'>et</span> <span class='ocrx_word' id='word_1_177' title='bbox 413 1879 605 1911; x_wconf 88' lang='lat' dir='ltr'>conventui</span> <span class='ocrx_word' id='word_1_178' title='bbox 624 1882 660 1911; x_wconf 89' lang='lat' dir='ltr'>et</span> <span class='ocrx_word' id='word_1_179' title='bbox 679 1879 893 1911; x_wconf 90' lang='lat' dir='ltr'>monasterio</span> <span class='ocrx_word' id='word_1_180' title='bbox 913 1879 1198 1912; x_wconf 88' lang='lat' dir='ltr'>Molismensibus</span> 
     </span>
     <span class='ocr_line' id='line_1_30' title="bbox 191 1931 1198 1976; baseline 0.002 -13"><span class='ocrx_word' id='word_1_181' title='bbox 191 1932 382 1969; x_wconf 88' lang='lat' dir='ltr'>«concessi,</span> <span class='ocrx_word' id='word_1_182' title='bbox 404 1935 440 1964; x_wconf 89' lang='lat' dir='ltr'>et</span> <span class='ocrx_word' id='word_1_183' title='bbox 459 1931 624 1975; x_wconf 86' lang='lat' dir='ltr'>precipue</span> <span class='ocrx_word' id='word_1_184' title='bbox 645 1932 828 1964; x_wconf 90' lang='lat' dir='ltr'>occasione</span> <span class='ocrx_word' id='word_1_185' title='bbox 849 1933 1023 1964; x_wconf 87' lang='lat' dir='ltr'>sententie</span> <span class='ocrx_word' id='word_1_186' title='bbox 1043 1933 1115 1965; x_wconf 85' lang='lat' dir='ltr'>late</span> <span class='ocrx_word' id='word_1_187' title='bbox 1137 1944 1198 1976; x_wconf 88' lang='lat' dir='ltr'>per</span> 
     </span>
     <span class='ocr_line' id='line_1_31' title="bbox 189 1984 1198 2027; baseline 0.002 -12"><span class='ocrx_word' id='word_1_188' title='bbox 189 1997 202 2014; x_wconf 88' lang='lat'>«</span> <span class='ocrx_word' id='word_1_189' title='bbox 217 1985 307 2017; x_wconf 89' lang='lat' dir='ltr'>bone</span> <span class='ocrx_word' id='word_1_190' title='bbox 327 1984 493 2017; x_wconf 91' lang='lat' dir='ltr'>memorie</span> <span class='ocrx_word' id='word_1_191' title='bbox 513 1985 699 2017; x_wconf 90' lang='lat' dir='ltr'>dominum</span> <span class='ocrx_word' id='word_1_192' title='bbox 719 1985 952 2027; x_wconf 84' lang='lat' dir='ltr'>Stephanum,</span> <span class='ocrx_word' id='word_1_193' title='bbox 974 1985 1071 2017; x_wconf 90' lang='lat' dir='ltr'>tituli</span> <span class='ocrx_word' id='word_1_194' title='bbox 1093 1985 1198 2018; x_wconf 88' lang='lat' dir='ltr'>Sanc-</span> 
     </span>
     <span class='ocr_line' id='line_1_32' title="bbox 192 2038 1196 2080; baseline 0.003 -12"><span class='ocrx_word' id='word_1_195' title='bbox 192 2041 254 2070; x_wconf 87' lang='lat' dir='ltr'>«te</span> <span class='ocrx_word' id='word_1_196' title='bbox 282 2038 391 2070; x_wconf 89' lang='lat' dir='ltr'>Marie</span> <span class='ocrx_word' id='word_1_197' title='bbox 419 2038 674 2070; x_wconf 82' lang='lat' dir='ltr'>Transtiberim</span> <span class='ocrx_word' id='word_1_198' title='bbox 704 2038 940 2080; x_wconf 89' lang='lat' dir='ltr'>presbiterum</span> <span class='ocrx_word' id='word_1_199' title='bbox 969 2039 1196 2077; x_wconf 87' lang='lat' dir='ltr'>cardinalem,</span> 
     </span>
     <span class='ocr_line' id='line_1_33' title="bbox 190 2091 1198 2134; baseline 0.004 -14"><span class='ocrx_word' id='word_1_200' title='bbox 190 2092 259 2123; x_wconf 89' lang='lat' dir='ltr'>«de</span> <span class='ocrx_word' id='word_1_201' title='bbox 286 2092 456 2124; x_wconf 88' lang='lat' dir='ltr'>mandato</span> <span class='ocrx_word' id='word_1_202' title='bbox 482 2094 604 2124; x_wconf 91' lang='lat' dir='ltr'>sancte</span> <span class='ocrx_word' id='word_1_203' title='bbox 630 2091 884 2123; x_wconf 89' lang='lat' dir='ltr'>recordationis</span> <span class='ocrx_word' id='word_1_204' title='bbox 914 2091 1111 2123; x_wconf 89' lang='lat' dir='ltr'>Inuocentii</span> <span class='ocrx_word' id='word_1_205' title='bbox 1138 2102 1198 2134; x_wconf 87' lang='lat' dir='ltr'>pa-</span> 
     </span>
     <span class='ocr_line' id='line_1_34' title="bbox 189 2144 1197 2187; baseline 0.002 -12"><span class='ocrx_word' id='word_1_206' title='bbox 189 2155 260 2187; x_wconf 86' lang='lat' dir='ltr'>«pe</span> <span class='ocrx_word' id='word_1_207' title='bbox 288 2144 374 2182; x_wconf 92' lang='lat' dir='ltr'>IIII,</span> <span class='ocrx_word' id='word_1_208' title='bbox 400 2147 436 2176; x_wconf 88' lang='lat' dir='ltr'>et</span> <span class='ocrx_word' id='word_1_209' title='bbox 461 2144 570 2176; x_wconf 88' lang='lat' dir='ltr'>etiam</span> <span class='ocrx_word' id='word_1_210' title='bbox 596 2154 701 2186; x_wconf 90' lang='lat' dir='ltr'>super</span> <span class='ocrx_word' id='word_1_211' title='bbox 725 2155 765 2176; x_wconf 92' lang='lat' dir='ltr'>eo</span> <span class='ocrx_word' id='word_1_212' title='bbox 792 2145 887 2186; x_wconf 92' lang='lat' dir='ltr'>quod</span> <span class='ocrx_word' id='word_1_213' title='bbox 914 2155 995 2187; x_wconf 86' lang='lat' dir='ltr'>pars</span> <span class='ocrx_word' id='word_1_214' title='bbox 1021 2145 1197 2177; x_wconf 89' lang='lat' dir='ltr'>dictorum</span> 
     </span>
     <span class='ocr_line' id='line_1_35' title="bbox 188 2198 1197 2240; baseline 0.004 -14"><span class='ocrx_word' id='word_1_215' title='bbox 188 2198 358 2229; x_wconf 89' lang='lat' dir='ltr'>«abbatis</span> <span class='ocrx_word' id='word_1_216' title='bbox 387 2200 423 2229; x_wconf 91' lang='lat' dir='ltr'>et</span> <span class='ocrx_word' id='word_1_217' title='bbox 453 2200 651 2230; x_wconf 84' lang='lat' dir='ltr'>conventus</span> <span class='ocrx_word' id='word_1_218' title='bbox 683 2198 858 2239; x_wconf 86' lang='lat' dir='ltr'>quosdam</span> <span class='ocrx_word' id='word_1_219' title='bbox 890 2198 1056 2230; x_wconf 89' lang='lat' dir='ltr'>articulos</span> <span class='ocrx_word' id='word_1_220' title='bbox 1088 2199 1197 2240; x_wconf 89' lang='lat' dir='ltr'>ipsius</span> 
     </span>
     <span class='ocr_line' id='line_1_36' title="bbox 189 2251 1195 2293; baseline 0.001 -11"><span class='ocrx_word' id='word_1_221' title='bbox 189 2251 390 2283; x_wconf 84' lang='lat' dir='ltr'>«sententie</span> <span class='ocrx_word' id='word_1_222' title='bbox 415 2260 502 2292; x_wconf 88' lang='lat' dir='ltr'>quos</span> <span class='ocrx_word' id='word_1_223' title='bbox 526 2251 653 2282; x_wconf 89' lang='lat' dir='ltr'>dubios</span> <span class='ocrx_word' id='word_1_224' title='bbox 677 2254 713 2282; x_wconf 88' lang='lat' dir='ltr'>et</span> <span class='ocrx_word' id='word_1_225' title='bbox 736 2251 921 2293; x_wconf 81' lang='lat' dir='ltr'>ambiguos</span> <span class='ocrx_word' id='word_1_226' title='bbox 945 2261 1019 2283; x_wconf 90' lang='lat' dir='ltr'>esse</span> <span class='ocrx_word' id='word_1_227' title='bbox 1043 2252 1195 2290; x_wconf 88' lang='lat' dir='ltr'>(licebat,</span> 
     </span>
     <span class='ocr_line' id='line_1_37' title="bbox 188 2304 1197 2346; baseline 0.002 -12"><span class='ocrx_word' id='word_1_228' title='bbox 188 2304 363 2346; x_wconf 89' lang='lat' dir='ltr'>«petebat</span> <span class='ocrx_word' id='word_1_229' title='bbox 399 2313 461 2346; x_wconf 87' lang='lat' dir='ltr'>per</span> <span class='ocrx_word' id='word_1_230' title='bbox 498 2304 623 2336; x_wconf 89' lang='lat' dir='ltr'>Sedem</span> <span class='ocrx_word' id='word_1_231' title='bbox 660 2304 903 2346; x_wconf 82' lang='lat' dir='ltr'>Apostolicam</span> <span class='ocrx_word' id='word_1_232' title='bbox 941 2305 1121 2342; x_wconf 87' lang='lat' dir='ltr'>declarari,</span> <span class='ocrx_word' id='word_1_233' title='bbox 1161 2308 1197 2337; x_wconf 91' lang='lat' dir='ltr'>et</span> 
     </span>
     <span class='ocr_line' id='line_1_38' title="bbox 190 2357 1197 2399; baseline 0.002 -12"><span class='ocrx_word' id='word_1_234' title='bbox 190 2366 323 2399; x_wconf 90' lang='lat' dir='ltr'>«super</span> <span class='ocrx_word' id='word_1_235' title='bbox 349 2366 389 2388; x_wconf 89' lang='lat' dir='ltr'>eo</span> <span class='ocrx_word' id='word_1_236' title='bbox 418 2357 512 2398; x_wconf 91' lang='lat' dir='ltr'>quod</span> <span class='ocrx_word' id='word_1_237' title='bbox 541 2357 753 2388; x_wconf 79' lang='lat' dir='ltr'>beneficium</span> <span class='ocrx_word' id='word_1_238' title='bbox 781 2357 1016 2389; x_wconf 89' lang='lat' dir='ltr'>restitutionis</span> <span class='ocrx_word' id='word_1_239' title='bbox 1044 2358 1078 2389; x_wconf 92' lang='lat' dir='ltr'>in</span> <span class='ocrx_word' id='word_1_240' title='bbox 1107 2358 1197 2390; x_wconf 88' lang='lat' dir='ltr'>inte—</span> 
     </span>
     <span class='ocr_line' id='line_1_39' title="bbox 191 2409 1196 2451; baseline 0.002 -11"><span class='ocrx_word' id='word_1_241' title='bbox 191 2418 319 2451; x_wconf 86' lang='lat' dir='ltr'>«grum</span> <span class='ocrx_word' id='word_1_242' title='bbox 343 2419 405 2451; x_wconf 90' lang='lat' dir='ltr'>pro</span> <span class='ocrx_word' id='word_1_243' title='bbox 429 2413 530 2451; x_wconf 89' lang='lat' dir='ltr'>parte</span> <span class='ocrx_word' id='word_1_244' title='bbox 555 2409 731 2441; x_wconf 83' lang='lat' dir='ltr'>dictarum</span> <span class='ocrx_word' id='word_1_245' title='bbox 755 2410 916 2451; x_wconf 90' lang='lat' dir='ltr'>priorisse</span> <span class='ocrx_word' id='word_1_246' title='bbox 940 2413 975 2442; x_wconf 89' lang='lat' dir='ltr'>et</span> <span class='ocrx_word' id='word_1_247' title='bbox 999 2414 1196 2443; x_wconf 74' lang='lat' dir='ltr'>conventus</span> 
     </span>
     <span class='ocr_line' id='line_1_40' title="bbox 191 2462 1196 2506; baseline 0.003 -13"><span class='ocrx_word' id='word_1_248' title='bbox 191 2465 341 2494; x_wconf 87' lang='lat' dir='ltr'>«contra</span> <span class='ocrx_word' id='word_1_249' title='bbox 376 2462 508 2494; x_wconf 90' lang='lat' dir='ltr'>dictam</span> <span class='ocrx_word' id='word_1_250' title='bbox 541 2463 756 2494; x_wconf 89' lang='lat' dir='ltr'>sententiam</span> <span class='ocrx_word' id='word_1_251' title='bbox 788 2463 990 2504; x_wconf 83' lang='lat' dir='ltr'>petebatur,</span> <span class='ocrx_word' id='word_1_252' title='bbox 1024 2467 1059 2495; x_wconf 91' lang='lat' dir='ltr'>et</span> <span class='ocrx_word' id='word_1_253' title='bbox 1092 2474 1196 2506; x_wconf 87' lang='lat' dir='ltr'>super</span> 
     </span>
     <span class='ocr_line' id='line_1_41' title="bbox 191 2515 1196 2558; baseline 0.003 -13"><span class='ocrx_word' id='word_1_254' title='bbox 191 2515 432 2558; x_wconf 87' lang='lat' dir='ltr'>«quibusdam</span> <span class='ocrx_word' id='word_1_255' title='bbox 470 2515 670 2553; x_wconf 87' lang='lat' dir='ltr'>amotionis,</span> <span class='ocrx_word' id='word_1_256' title='bbox 710 2516 1099 2554; x_wconf 88' lang='lat' dir='ltr'>excommunicationis,</span> <span class='ocrx_word' id='word_1_257' title='bbox 1140 2527 1196 2548; x_wconf 86' lang='lat' dir='ltr'>su-</span> 
     </span>
     <span class='ocr_line' id='line_1_42' title="bbox 190 2568 1196 2612; baseline 0.002 -12"><span class='ocrx_word' id='word_1_258' title='bbox 190 2568 395 2611; x_wconf 88' lang='lat' dir='ltr'>«pensionis</span> <span class='ocrx_word' id='word_1_259' title='bbox 424 2571 460 2600; x_wconf 91' lang='lat' dir='ltr'>et</span> <span class='ocrx_word' id='word_1_260' title='bbox 488 2569 668 2600; x_wconf 82' lang='lat' dir='ltr'>interdicti</span> <span class='ocrx_word' id='word_1_261' title='bbox 698 2569 894 2606; x_wconf 84' lang='lat' dir='ltr'>sententiis,</span> <span class='ocrx_word' id='word_1_262' title='bbox 926 2579 1060 2601; x_wconf 85' lang='lat' dir='ltr'>necnon</span> <span class='ocrx_word' id='word_1_263' title='bbox 1091 2580 1196 2612; x_wconf 87' lang='lat' dir='ltr'>super</span> 
     </span>
     <span class='ocr_line' id='line_1_43' title="bbox 191 2621 1195 2664; baseline 0.002 -11"><span class='ocrx_word' id='word_1_264' title='bbox 191 2621 294 2654; x_wconf 85' lang='lat' dir='ltr'>«aliis</span> <span class='ocrx_word' id='word_1_265' title='bbox 332 2621 496 2653; x_wconf 90' lang='lat' dir='ltr'>omnibus</span> <span class='ocrx_word' id='word_1_266' title='bbox 534 2624 570 2656; x_wconf 89' lang='lat' dir='ltr'>et</span> <span class='ocrx_word' id='word_1_267' title='bbox 608 2622 752 2662; x_wconf 79' lang='lat' dir='ltr'>singulis</span> <span class='ocrx_word' id='word_1_268' title='bbox 791 2622 958 2664; x_wconf 83' lang='lat' dir='ltr'>predictis</span> <span class='ocrx_word' id='word_1_269' title='bbox 998 2623 1121 2655; x_wconf 87' lang='lat' dir='ltr'>abbati</span> <span class='ocrx_word' id='word_1_270' title='bbox 1159 2626 1195 2655; x_wconf 91' lang='lat' dir='ltr'>et</span> 
     </span>
     <span class='ocr_line' id='line_1_44' title="bbox 191 2675 1195 2718; baseline 0.001 -11"><span class='ocrx_word' id='word_1_271' title='bbox 191 2675 409 2707; x_wconf 84' lang='lat' dir='ltr'>«conventui</span> <span class='ocrx_word' id='word_1_272' title='bbox 453 2675 659 2706; x_wconf 90' lang='lat' dir='ltr'>monasterii</span> <span class='ocrx_word' id='word_1_273' title='bbox 704 2675 937 2707; x_wconf 80' lang='lat' dir='ltr'>Molismensis</span> <span class='ocrx_word' id='word_1_274' title='bbox 982 2686 1195 2718; x_wconf 86' lang='lat' dir='ltr'>quocunque</span> 
     </span>
     <span class='ocr_line' id='line_1_45' title="bbox 190 2728 1195 2770; baseline 0.002 -12"><span class='ocrx_word' id='word_1_275' title='bbox 190 2729 322 2760; x_wconf 91' lang='lat' dir='ltr'>«modo</span> <span class='ocrx_word' id='word_1_276' title='bbox 355 2728 410 2760; x_wconf 90' lang='lat' dir='ltr'>vel</span> <span class='ocrx_word' id='word_1_277' title='bbox 439 2728 516 2770; x_wconf 92' lang='lat' dir='ltr'>jure</span> <span class='ocrx_word' id='word_1_278' title='bbox 547 2728 833 2770; x_wconf 84' lang='lat' dir='ltr'>competentibus</span> <span class='ocrx_word' id='word_1_279' title='bbox 863 2729 898 2760; x_wconf 91' lang='lat' dir='ltr'>in</span> <span class='ocrx_word' id='word_1_280' title='bbox 931 2729 1024 2760; x_wconf 90' lang='lat' dir='ltr'>dicto</span> <span class='ocrx_word' id='word_1_281' title='bbox 1057 2739 1195 2761; x_wconf 87' lang='lat' dir='ltr'>monas—</span> 
     </span>
     <span class='ocr_line' id='line_1_46' title="bbox 190 2781 1193 2823; baseline 0.001 -10"><span class='ocrx_word' id='word_1_282' title='bbox 190 2781 304 2813; x_wconf 85' lang='lat' dir='ltr'>«terio</span> <span class='ocrx_word' id='word_1_283' title='bbox 335 2781 584 2818; x_wconf 84' lang='lat' dir='ltr'>Andeciarum,</span> <span class='ocrx_word' id='word_1_284' title='bbox 618 2784 653 2813; x_wconf 90' lang='lat' dir='ltr'>et</span> <span class='ocrx_word' id='word_1_285' title='bbox 685 2781 794 2823; x_wconf 92' lang='lat' dir='ltr'>ipsius</span> <span class='ocrx_word' id='word_1_286' title='bbox 826 2782 983 2823; x_wconf 90' lang='lat' dir='ltr'>personis</span> <span class='ocrx_word' id='word_1_287' title='bbox 1015 2785 1049 2814; x_wconf 90' lang='lat' dir='ltr'>et</span> <span class='ocrx_word' id='word_1_288' title='bbox 1082 2782 1193 2819; x_wconf 87' lang='lat' dir='ltr'>bonis,</span> 
     </span>
     <span class='ocr_line' id='line_1_47' title="bbox 190 2834 1194 2872; baseline 0 -6"><span class='ocrx_word' id='word_1_289' title='bbox 190 2847 203 2863; x_wconf 89' lang='lat'>«</span> <span class='ocrx_word' id='word_1_290' title='bbox 217 2837 253 2866; x_wconf 92' lang='lat' dir='ltr'>et</span> <span class='ocrx_word' id='word_1_291' title='bbox 296 2834 537 2867; x_wconf 90' lang='lat' dir='ltr'>submiserunt</span> <span class='ocrx_word' id='word_1_292' title='bbox 581 2837 617 2866; x_wconf 86' lang='lat' dir='ltr'>et</span> <span class='ocrx_word' id='word_1_293' title='bbox 661 2835 915 2866; x_wconf 86' lang='lat' dir='ltr'>commiserunt</span> <span class='ocrx_word' id='word_1_294' title='bbox 959 2845 1005 2872; x_wconf 88' lang='lat' dir='ltr'>se,</span> <span class='ocrx_word' id='word_1_295' title='bbox 1053 2835 1194 2867; x_wconf 89' lang='lat' dir='ltr'>nomine</span> 
     </span>
     <span class='ocr_line' id='line_1_48' title="bbox 193 2887 1194 2929; baseline 0.003 -12"><span class='ocrx_word' id='word_1_296' title='bbox 193 2887 395 2919; x_wconf 85' lang='lat' dir='ltr'>«dictorum</span> <span class='ocrx_word' id='word_1_297' title='bbox 426 2887 579 2924; x_wconf 84' lang='lat' dir='ltr'>abbatis,</span> <span class='ocrx_word' id='word_1_298' title='bbox 613 2887 774 2929; x_wconf 89' lang='lat' dir='ltr'>priorisse</span> <span class='ocrx_word' id='word_1_299' title='bbox 805 2890 841 2919; x_wconf 88' lang='lat' dir='ltr'>et</span> <span class='ocrx_word' id='word_1_300' title='bbox 872 2891 1125 2926; x_wconf 83' lang='lat' dir='ltr'>conventuum,</span> <span class='ocrx_word' id='word_1_301' title='bbox 1158 2891 1194 2920; x_wconf 90' lang='lat' dir='ltr'>et</span> 
     </span>
     <span class='ocr_line' id='line_1_49' title="bbox 194 2940 1194 2982; baseline 0 -10"><span class='ocrx_word' id='word_1_302' title='bbox 194 2940 313 2982; x_wconf 84' lang='lat' dir='ltr'>«ipsos</span> <span class='ocrx_word' id='word_1_303' title='bbox 337 2940 516 2977; x_wconf 86' lang='lat' dir='ltr'>abbatem,</span> <span class='ocrx_word' id='word_1_304' title='bbox 540 2940 742 2982; x_wconf 88' lang='lat' dir='ltr'>priorissam</span> <span class='ocrx_word' id='word_1_305' title='bbox 765 2943 800 2972; x_wconf 90' lang='lat' dir='ltr'>et</span> <span class='ocrx_word' id='word_1_306' title='bbox 823 2944 1030 2978; x_wconf 84' lang='lat' dir='ltr'>conventus,</span> <span class='ocrx_word' id='word_1_307' title='bbox 1055 2941 1194 2973; x_wconf 91' lang='lat' dir='ltr'>ordina—</span> 
     </span>
     <span class='ocr_line' id='line_1_50' title="bbox 192 2992 1194 3036; baseline 0.003 -13"><span class='ocrx_word' id='word_1_308' title='bbox 192 2992 317 3031; x_wconf 75' lang='lat' dir='ltr'>utioni,</span> <span class='ocrx_word' id='word_1_309' title='bbox 358 2993 550 3031; x_wconf 89' lang='lat' dir='ltr'>voluntati,</span> <span class='ocrx_word' id='word_1_310' title='bbox 593 2993 826 3036; x_wconf 90' lang='lat' dir='ltr'>dispositioni,</span> <span class='ocrx_word' id='word_1_311' title='bbox 869 2996 1019 3031; x_wconf 88' lang='lat' dir='ltr'>statuto,</span> <span class='ocrx_word' id='word_1_312' title='bbox 1064 2994 1194 3026; x_wconf 86' lang='lat' dir='ltr'>diffini-</span> 
     </span>
    </p>
   </div>
   <div class='ocr_carea' id='block_1_5' title="bbox 1243 1725 1251 3027">
    <p class='ocr_par' dir='ltr' id='par_1_5' title="bbox 1243 1725 1251 3027">
     <span class='ocr_line' id='line_1_51' title="bbox 1243 1725 1251 3027; baseline 0 0"><span class='ocrx_word' id='word_1_313' title='bbox 1243 1725 1251 3027; x_wconf 95' lang='lat' dir='ltr'> </span> 
     </span>
    </p>
   </div>
   <div class='ocr_carea' id='block_1_6' title="bbox 1300 385 2311 3035">
    <p class='ocr_par' dir='ltr' id='par_1_6' title="bbox 1300 385 2311 3035">
     <span class='ocr_line' id='line_1_52' title="bbox 1301 385 2310 428; baseline -0.001 -9"><span class='ocrx_word' id='word_1_314' title='bbox 1301 399 1314 415; x_wconf 71' lang='lat'>«</span> <span class='ocrx_word' id='word_1_315' title='bbox 1332 387 1428 424; x_wconf 89' lang='lat' dir='ltr'>tioni,</span> <span class='ocrx_word' id='word_1_316' title='bbox 1458 387 1610 424; x_wconf 85' lang='lat' dir='ltr'>decreto,</span> <span class='ocrx_word' id='word_1_317' title='bbox 1639 385 1797 424; x_wconf 83' lang='lat' dir='ltr'>arbitrio,</span> <span class='ocrx_word' id='word_1_318' title='bbox 1827 386 1998 418; x_wconf 90' lang='lat' dir='ltr'>mandato</span> <span class='ocrx_word' id='word_1_319' title='bbox 2025 388 2061 418; x_wconf 89' lang='lat' dir='ltr'>et</span> <span class='ocrx_word' id='word_1_320' title='bbox 2087 385 2310 428; x_wconf 88' lang='lat' dir='ltr'>providentie</span> 
     </span>
     <span class='ocr_line' id='line_1_53' title="bbox 1301 438 2307 481; baseline 0.001 -12"><span class='ocrx_word' id='word_1_321' title='bbox 1301 440 1458 472; x_wconf 86' lang='lat' dir='ltr'>«uostris</span> <span class='ocrx_word' id='word_1_322' title='bbox 1492 440 1562 471; x_wconf 89' lang='lat' dir='ltr'>alte</span> <span class='ocrx_word' id='word_1_323' title='bbox 1597 442 1633 471; x_wconf 88' lang='lat' dir='ltr'>et</span> <span class='ocrx_word' id='word_1_324' title='bbox 1667 439 1779 477; x_wconf 86' lang='lat' dir='ltr'>basse,</span> <span class='ocrx_word' id='word_1_325' title='bbox 1815 439 1859 471; x_wconf 93' lang='lat' dir='ltr'>de</span> <span class='ocrx_word' id='word_1_326' title='bbox 1893 439 2059 471; x_wconf 88' lang='lat' dir='ltr'>omnibus</span> <span class='ocrx_word' id='word_1_327' title='bbox 2092 441 2129 471; x_wconf 90' lang='lat' dir='ltr'>et</span> <span class='ocrx_word' id='word_1_328' title='bbox 2162 438 2307 481; x_wconf 85' lang='lat' dir='ltr'>singulis</span> 
     </span>
     <span class='ocr_line' id='line_1_54' title="bbox 1302 491 2307 535; baseline 0.001 -13"><span class='ocrx_word' id='word_1_329' title='bbox 1302 493 1542 535; x_wconf 79' lang='lat' dir='ltr'>«supradictis</span> <span class='ocrx_word' id='word_1_330' title='bbox 1580 495 1616 524; x_wconf 84' lang='lat' dir='ltr'>et</span> <span class='ocrx_word' id='word_1_331' title='bbox 1654 502 1694 524; x_wconf 90' lang='lat' dir='ltr'>ea</span> <span class='ocrx_word' id='word_1_332' title='bbox 1735 492 2034 533; x_wconf 84' lang='lat' dir='ltr'>contingentibus,</span> <span class='ocrx_word' id='word_1_333' title='bbox 2073 491 2233 524; x_wconf 89' lang='lat' dir='ltr'>volentes</span> <span class='ocrx_word' id='word_1_334' title='bbox 2270 494 2307 524; x_wconf 89' lang='lat' dir='ltr'>et</span> 
     </span>
     <span class='ocr_line' id='line_1_55' title="bbox 1302 545 2309 587; baseline 0.002 -12"><span class='ocrx_word' id='word_1_335' title='bbox 1302 546 1591 578; x_wconf 85' lang='lat' dir='ltr'>«consentientes</span> <span class='ocrx_word' id='word_1_336' title='bbox 1615 546 1709 587; x_wconf 90' lang='lat' dir='ltr'>quod</span> <span class='ocrx_word' id='word_1_337' title='bbox 1734 545 1948 582; x_wconf 90' lang='lat' dir='ltr'>ordinemus,</span> <span class='ocrx_word' id='word_1_338' title='bbox 1974 545 2213 587; x_wconf 85' lang='lat' dir='ltr'>disponamus,</span> <span class='ocrx_word' id='word_1_339' title='bbox 2238 547 2309 577; x_wconf 87' lang='lat' dir='ltr'>sta-</span> 
     </span>
     <span class='ocr_line' id='line_1_56' title="bbox 1302 598 2308 636; baseline 0.001 -7"><span class='ocrx_word' id='word_1_340' title='bbox 1302 603 1484 636; x_wconf 74' lang='lat' dir='ltr'>«mamus,</span> <span class='ocrx_word' id='word_1_341' title='bbox 1527 599 1758 636; x_wconf 81' lang='lat' dir='ltr'>diffiniamus,</span> <span class='ocrx_word' id='word_1_342' title='bbox 1800 598 2025 636; x_wconf 88' lang='lat' dir='ltr'>arbitremur,</span> <span class='ocrx_word' id='word_1_343' title='bbox 2067 598 2308 635; x_wconf 88' lang='lat' dir='ltr'>decernamus,</span> 
     </span>
     <span class='ocr_line' id='line_1_57' title="bbox 1303 651 2310 694; baseline -0.001 -10"><span class='ocrx_word' id='word_1_344' title='bbox 1303 653 1540 685; x_wconf 89' lang='lat' dir='ltr'>«mandemus</span> <span class='ocrx_word' id='word_1_345' title='bbox 1566 655 1602 684; x_wconf 91' lang='lat' dir='ltr'>et</span> <span class='ocrx_word' id='word_1_346' title='bbox 1628 652 1880 694; x_wconf 89' lang='lat' dir='ltr'>provideamus</span> <span class='ocrx_word' id='word_1_347' title='bbox 1907 652 2000 684; x_wconf 89' lang='lat' dir='ltr'>inter</span> <span class='ocrx_word' id='word_1_348' title='bbox 2025 651 2120 693; x_wconf 90' lang='lat' dir='ltr'>ipsos</span> <span class='ocrx_word' id='word_1_349' title='bbox 2145 660 2310 694; x_wconf 90' lang='lat' dir='ltr'>procura-</span> 
     </span>
     <span class='ocr_line' id='line_1_58' title="bbox 1303 705 2310 747; baseline -0.002 -9"><span class='ocrx_word' id='word_1_350' title='bbox 1303 719 1316 735; x_wconf 88' lang='lat'>«</span> <span class='ocrx_word' id='word_1_351' title='bbox 1331 709 1424 739; x_wconf 89' lang='lat' dir='ltr'>tores</span> <span class='ocrx_word' id='word_1_352' title='bbox 1451 706 1591 737; x_wconf 90' lang='lat' dir='ltr'>nomine</span> <span class='ocrx_word' id='word_1_353' title='bbox 1617 705 1774 747; x_wconf 91' lang='lat' dir='ltr'>ipsorum</span> <span class='ocrx_word' id='word_1_354' title='bbox 1800 705 1952 742; x_wconf 87' lang='lat' dir='ltr'>abbatis,</span> <span class='ocrx_word' id='word_1_355' title='bbox 1980 705 2142 747; x_wconf 86' lang='lat' dir='ltr'>priorisse</span> <span class='ocrx_word' id='word_1_356' title='bbox 2166 706 2203 737; x_wconf 90' lang='lat' dir='ltr'>et</span> <span class='ocrx_word' id='word_1_357' title='bbox 2228 714 2310 737; x_wconf 93' lang='lat' dir='ltr'>con—</span> 
     </span>
     <span class='ocr_line' id='line_1_59' title="bbox 1303 757 2310 800; baseline -0.001 -9"><span class='ocrx_word' id='word_1_358' title='bbox 1303 762 1515 796; x_wconf 82' lang='lat' dir='ltr'>«ventuum,</span> <span class='ocrx_word' id='word_1_359' title='bbox 1556 761 1591 791; x_wconf 87' lang='lat' dir='ltr'>et</span> <span class='ocrx_word' id='word_1_360' title='bbox 1631 758 1772 790; x_wconf 86' lang='lat' dir='ltr'>eosdem</span> <span class='ocrx_word' id='word_1_361' title='bbox 1811 758 1993 796; x_wconf 87' lang='lat' dir='ltr'>abbatem,</span> <span class='ocrx_word' id='word_1_362' title='bbox 2034 757 2236 800; x_wconf 89' lang='lat' dir='ltr'>priorissam</span> <span class='ocrx_word' id='word_1_363' title='bbox 2273 760 2310 790; x_wconf 87' lang='lat' dir='ltr'>et</span> 
     </span>
     <span class='ocr_line' id='line_1_60' title="bbox 1303 810 2310 853; baseline -0.003 -8"><span class='ocrx_word' id='word_1_364' title='bbox 1303 816 1528 845; x_wconf 71' lang='lat' dir='ltr'>«conventus</span> <span class='ocrx_word' id='word_1_365' title='bbox 1554 822 1593 844; x_wconf 84' lang='lat' dir='ltr'>ac</span> <span class='ocrx_word' id='word_1_366' title='bbox 1621 822 1742 844; x_wconf 88' lang='lat' dir='ltr'>eorum</span> <span class='ocrx_word' id='word_1_367' title='bbox 1771 811 1985 844; x_wconf 86' lang='lat' dir='ltr'>monasteria</span> <span class='ocrx_word' id='word_1_368' title='bbox 2012 821 2118 853; x_wconf 91' lang='lat' dir='ltr'>super</span> <span class='ocrx_word' id='word_1_369' title='bbox 2142 810 2310 853; x_wconf 88' lang='lat' dir='ltr'>predictis</span> 
     </span>
     <span class='ocr_line' id='line_1_61' title="bbox 1304 864 2310 906; baseline -0.002 -8"><span class='ocrx_word' id='word_1_370' title='bbox 1304 880 1316 895; x_wconf 84' lang='lat'>«</span> <span class='ocrx_word' id='word_1_371' title='bbox 1331 866 1496 898; x_wconf 89' lang='lat' dir='ltr'>omnibus</span> <span class='ocrx_word' id='word_1_372' title='bbox 1519 868 1555 897; x_wconf 87' lang='lat' dir='ltr'>et</span> <span class='ocrx_word' id='word_1_373' title='bbox 1578 865 1722 906; x_wconf 74' lang='lat' dir='ltr'>singulis</span> <span class='ocrx_word' id='word_1_374' title='bbox 1746 867 1779 897; x_wconf 84' lang='lat' dir='ltr'>et</span> <span class='ocrx_word' id='word_1_375' title='bbox 1805 874 1844 897; x_wconf 85' lang='lat' dir='ltr'>ea</span> <span class='ocrx_word' id='word_1_376' title='bbox 1869 864 2168 906; x_wconf 85' lang='lat' dir='ltr'>contingentibus,</span> <span class='ocrx_word' id='word_1_377' title='bbox 2192 872 2310 896; x_wconf 90' lang='lat' dir='ltr'>serva-</span> 
     </span>
     <span class='ocr_line' id='line_1_62' title="bbox 1304 917 2309 961; baseline 0.002 -14"><span class='ocrx_word' id='word_1_378' title='bbox 1304 922 1368 951; x_wconf 90' lang='lat' dir='ltr'>«to</span> <span class='ocrx_word' id='word_1_379' title='bbox 1399 919 1486 961; x_wconf 86' lang='lat' dir='ltr'>juris</span> <span class='ocrx_word' id='word_1_380' title='bbox 1519 918 1639 950; x_wconf 89' lang='lat' dir='ltr'>ordine</span> <span class='ocrx_word' id='word_1_381' title='bbox 1671 921 1707 950; x_wconf 90' lang='lat' dir='ltr'>et</span> <span class='ocrx_word' id='word_1_382' title='bbox 1740 928 1809 949; x_wconf 86' lang='lat' dir='ltr'>non</span> <span class='ocrx_word' id='word_1_383' title='bbox 1841 920 1994 955; x_wconf 87' lang='lat' dir='ltr'>servato,</span> <span class='ocrx_word' id='word_1_384' title='bbox 2028 917 2083 949; x_wconf 91' lang='lat' dir='ltr'>die</span> <span class='ocrx_word' id='word_1_385' title='bbox 2114 917 2241 950; x_wconf 86' lang='lat' dir='ltr'>feriato</span> <span class='ocrx_word' id='word_1_386' title='bbox 2272 919 2309 949; x_wconf 85' lang='lat' dir='ltr'>et</span> 
     </span>
     <span class='ocr_line' id='line_1_63' title="bbox 1303 969 2309 1013; baseline 0.001 -12"><span class='ocrx_word' id='word_1_387' title='bbox 1303 974 1315 1001; x_wconf 76' lang='lat'>‹‘‹</span> <span class='ocrx_word' id='word_1_388' title='bbox 1331 982 1400 1003; x_wconf 92' lang='lat' dir='ltr'>non</span> <span class='ocrx_word' id='word_1_389' title='bbox 1432 971 1569 1009; x_wconf 84' lang='lat' dir='ltr'>feriato,</span> <span class='ocrx_word' id='word_1_390' title='bbox 1601 971 1636 1002; x_wconf 91' lang='lat' dir='ltr'>in</span> <span class='ocrx_word' id='word_1_391' title='bbox 1668 971 1808 1013; x_wconf 89' lang='lat' dir='ltr'>scriptis</span> <span class='ocrx_word' id='word_1_392' title='bbox 1838 973 1874 1003; x_wconf 89' lang='lat' dir='ltr'>et</span> <span class='ocrx_word' id='word_1_393' title='bbox 1904 970 1978 1002; x_wconf 91' lang='lat' dir='ltr'>sine</span> <span class='ocrx_word' id='word_1_394' title='bbox 2008 969 2158 1012; x_wconf 88' lang='lat' dir='ltr'>scriptis,</span> <span class='ocrx_word' id='word_1_395' title='bbox 2189 969 2309 1002; x_wconf 88' lang='lat' dir='ltr'>citatis</span> 
     </span>
     <span class='ocr_line' id='line_1_64' title="bbox 1304 1022 2309 1067; baseline -0.001 -11"><span class='ocrx_word' id='word_1_396' title='bbox 1304 1025 1493 1067; x_wconf 86' lang='lat' dir='ltr'>«partibus</span> <span class='ocrx_word' id='word_1_397' title='bbox 1519 1027 1555 1056; x_wconf 88' lang='lat' dir='ltr'>et</span> <span class='ocrx_word' id='word_1_398' title='bbox 1582 1034 1651 1056; x_wconf 91' lang='lat' dir='ltr'>uon</span> <span class='ocrx_word' id='word_1_399' title='bbox 1679 1024 1808 1061; x_wconf 88' lang='lat' dir='ltr'>citatis,</span> <span class='ocrx_word' id='word_1_400' title='bbox 1837 1023 2060 1066; x_wconf 87' lang='lat' dir='ltr'>presentibus</span> <span class='ocrx_word' id='word_1_401' title='bbox 2086 1022 2247 1065; x_wconf 91' lang='lat' dir='ltr'>partibus</span> <span class='ocrx_word' id='word_1_402' title='bbox 2272 1025 2309 1055; x_wconf 84' lang='lat' dir='ltr'>et</span> 
     </span>
     <span class='ocr_line' id='line_1_65' title="bbox 1305 1075 2309 1120; baseline 0.001 -13"><span class='ocrx_word' id='word_1_403' title='bbox 1305 1077 1549 1115; x_wconf 85' lang='lat' dir='ltr'>«absentibus,</span> <span class='ocrx_word' id='word_1_404' title='bbox 1571 1087 1640 1109; x_wconf 88' lang='lat' dir='ltr'>una</span> <span class='ocrx_word' id='word_1_405' title='bbox 1660 1080 1822 1120; x_wconf 88' lang='lat' dir='ltr'>presente</span> <span class='ocrx_word' id='word_1_406' title='bbox 1840 1079 1876 1109; x_wconf 88' lang='lat' dir='ltr'>et</span> <span class='ocrx_word' id='word_1_407' title='bbox 1895 1077 2005 1109; x_wconf 88' lang='lat' dir='ltr'>altera</span> <span class='ocrx_word' id='word_1_408' title='bbox 2025 1076 2182 1114; x_wconf 88' lang='lat' dir='ltr'>absente,</span> <span class='ocrx_word' id='word_1_409' title='bbox 2202 1075 2309 1108; x_wconf 86' lang='lat' dir='ltr'>semel</span> 
     </span>
     <span class='ocr_line' id='line_1_66' title="bbox 1304 1128 2311 1173; baseline -0.002 -10"><span class='ocrx_word' id='word_1_410' title='bbox 1304 1134 1367 1163; x_wconf 77' lang='lat' dir='ltr'>«et</span> <span class='ocrx_word' id='word_1_411' title='bbox 1404 1130 1544 1173; x_wconf 87' lang='lat' dir='ltr'>pluries,</span> <span class='ocrx_word' id='word_1_412' title='bbox 1582 1130 1674 1162; x_wconf 89' lang='lat' dir='ltr'>sicut</span> <span class='ocrx_word' id='word_1_413' title='bbox 1711 1130 1812 1162; x_wconf 89' lang='lat' dir='ltr'>nobis</span> <span class='ocrx_word' id='word_1_414' title='bbox 1850 1130 2021 1172; x_wconf 87' lang='lat' dir='ltr'>placuerit</span> <span class='ocrx_word' id='word_1_415' title='bbox 2058 1132 2094 1161; x_wconf 89' lang='lat' dir='ltr'>et</span> <span class='ocrx_word' id='word_1_416' title='bbox 2129 1128 2311 1162; x_wconf 87' lang='lat' dir='ltr'>videbitur</span> 
     </span>
     <span class='ocr_line' id='line_1_67' title="bbox 1304 1182 2311 1227; baseline -0.002 -11"><span class='ocrx_word' id='word_1_417' title='bbox 1304 1184 1506 1227; x_wconf 85' lang='lat' dir='ltr'>«expedire.</span> <span class='ocrx_word' id='word_1_418' title='bbox 1532 1183 1582 1216; x_wconf 91' lang='lat' dir='ltr'>Ut</span> <span class='ocrx_word' id='word_1_419' title='bbox 1606 1186 1726 1215; x_wconf 89' lang='lat' dir='ltr'>autem</span> <span class='ocrx_word' id='word_1_420' title='bbox 1751 1183 1870 1215; x_wconf 89' lang='lat' dir='ltr'>omnia</span> <span class='ocrx_word' id='word_1_421' title='bbox 1894 1186 1930 1215; x_wconf 93' lang='lat' dir='ltr'>et</span> <span class='ocrx_word' id='word_1_422' title='bbox 1953 1182 2090 1224; x_wconf 86' lang='lat' dir='ltr'>singula</span> <span class='ocrx_word' id='word_1_423' title='bbox 2115 1192 2182 1224; x_wconf 89' lang='lat' dir='ltr'>que</span> <span class='ocrx_word' id='word_1_424' title='bbox 2205 1191 2311 1225; x_wconf 89' lang='lat' dir='ltr'>super</span> 
     </span>
     <span class='ocr_line' id='line_1_68' title="bbox 1304 1235 2310 1280; baseline -0.001 -11"><span class='ocrx_word' id='word_1_425' title='bbox 1304 1251 1316 1266; x_wconf 91' lang='lat'>«</span> <span class='ocrx_word' id='word_1_426' title='bbox 1332 1237 1498 1280; x_wconf 89' lang='lat' dir='ltr'>predictis</span> <span class='ocrx_word' id='word_1_427' title='bbox 1516 1247 1659 1279; x_wconf 91' lang='lat' dir='ltr'>quoquo</span> <span class='ocrx_word' id='word_1_428' title='bbox 1678 1237 1783 1269; x_wconf 92' lang='lat' dir='ltr'>modo</span> <span class='ocrx_word' id='word_1_429' title='bbox 1803 1236 2006 1268; x_wconf 80' lang='lat' dir='ltr'>duxerimus</span> <span class='ocrx_word' id='word_1_430' title='bbox 2024 1235 2185 1268; x_wconf 88' lang='lat' dir='ltr'>facienda</span> <span class='ocrx_word' id='word_1_431' title='bbox 2203 1235 2310 1268; x_wconf 87' lang='lat' dir='ltr'>robur</span> 
     </span>
     <span class='ocr_line' id='line_1_69' title="bbox 1304 1288 2310 1333; baseline 0 -13"><span class='ocrx_word' id='word_1_432' title='bbox 1304 1293 1500 1333; x_wconf 88' lang='lat' dir='ltr'>«perpetue</span> <span class='ocrx_word' id='word_1_433' title='bbox 1537 1290 1721 1322; x_wconf 79' lang='lat' dir='ltr'>firmitatis</span> <span class='ocrx_word' id='word_1_434' title='bbox 1759 1289 1957 1327; x_wconf 88' lang='lat' dir='ltr'>obtineant,</span> <span class='ocrx_word' id='word_1_435' title='bbox 1997 1289 2146 1331; x_wconf 85' lang='lat' dir='ltr'>predicti</span> <span class='ocrx_word' id='word_1_436' title='bbox 2181 1288 2310 1321; x_wconf 87' lang='lat' dir='ltr'>fratres</span> 
     </span>
     <span class='ocr_line' id='line_1_70' title="bbox 1303 1341 2310 1384; baseline 0 -11"><span class='ocrx_word' id='word_1_437' title='bbox 1303 1344 1513 1376; x_wconf 67' lang='lat' dir='ltr'>«dohannes</span> <span class='ocrx_word' id='word_1_438' title='bbox 1543 1346 1578 1375; x_wconf 89' lang='lat' dir='ltr'>et</span> <span class='ocrx_word' id='word_1_439' title='bbox 1609 1343 1788 1375; x_wconf 83' lang='lat' dir='ltr'>Robertus</span> <span class='ocrx_word' id='word_1_440' title='bbox 1818 1352 1858 1375; x_wconf 86' lang='lat' dir='ltr'>ac</span> <span class='ocrx_word' id='word_1_441' title='bbox 1888 1342 2057 1384; x_wconf 83' lang='lat' dir='ltr'>magister</span> <span class='ocrx_word' id='word_1_442' title='bbox 2086 1341 2200 1374; x_wconf 86' lang='lat' dir='ltr'>Guido</span> <span class='ocrx_word' id='word_1_443' title='bbox 2230 1351 2310 1384; x_wconf 89' lang='lat' dir='ltr'>pro—</span> 
     </span>
     <span class='ocr_line' id='line_1_71' title="bbox 1304 1394 2310 1437; baseline 0.001 -11"><span class='ocrx_word' id='word_1_444' title='bbox 1304 1397 1503 1429; x_wconf 88' lang='lat' dir='ltr'>«miserunt</span> <span class='ocrx_word' id='word_1_445' title='bbox 1533 1396 1599 1428; x_wconf 87' lang='lat' dir='ltr'>sibi</span> <span class='ocrx_word' id='word_1_446' title='bbox 1629 1396 1674 1428; x_wconf 89' lang='lat' dir='ltr'>ad</span> <span class='ocrx_word' id='word_1_447' title='bbox 1704 1396 1856 1428; x_wconf 78' lang='lat' dir='ltr'>invicem</span> <span class='ocrx_word' id='word_1_448' title='bbox 1886 1398 1923 1428; x_wconf 90' lang='lat' dir='ltr'>et</span> <span class='ocrx_word' id='word_1_449' title='bbox 1950 1395 2172 1437; x_wconf 87' lang='lat' dir='ltr'>juraverunt,</span> <span class='ocrx_word' id='word_1_450' title='bbox 2203 1394 2310 1427; x_wconf 85' lang='lat' dir='ltr'>tactis</span> 
     </span>
     <span class='ocr_line' id='line_1_72' title="bbox 1304 1448 2311 1491; baseline -0.003 -8"><span class='ocrx_word' id='word_1_451' title='bbox 1304 1450 1564 1483; x_wconf 85' lang='lat' dir='ltr'>«sacrosanctis</span> <span class='ocrx_word' id='word_1_452' title='bbox 1597 1449 1798 1491; x_wconf 81' lang='lat' dir='ltr'>evangeliis,</span> <span class='ocrx_word' id='word_1_453' title='bbox 1833 1459 1869 1481; x_wconf 93' lang='lat' dir='ltr'>se</span> <span class='ocrx_word' id='word_1_454' title='bbox 1903 1451 2022 1480; x_wconf 89' lang='lat' dir='ltr'>ratum</span> <span class='ocrx_word' id='word_1_455' title='bbox 2056 1448 2241 1480; x_wconf 88' lang='lat' dir='ltr'>habituros</span> <span class='ocrx_word' id='word_1_456' title='bbox 2273 1450 2311 1480; x_wconf 87' lang='lat' dir='ltr'>et</span> 
     </span>
     <span class='ocr_line' id='line_1_73' title="bbox 1304 1501 2309 1544; baseline -0.003 -8"><span class='ocrx_word' id='word_1_457' title='bbox 1304 1504 1486 1541; x_wconf 89' lang='lat' dir='ltr'>«firmum,</span> <span class='ocrx_word' id='word_1_458' title='bbox 1525 1506 1561 1535; x_wconf 93' lang='lat' dir='ltr'>et</span> <span class='ocrx_word' id='word_1_459' title='bbox 1597 1503 1756 1535; x_wconf 87' lang='lat' dir='ltr'>facturos</span> <span class='ocrx_word' id='word_1_460' title='bbox 1793 1505 1828 1534; x_wconf 88' lang='lat' dir='ltr'>et</span> <span class='ocrx_word' id='word_1_461' title='bbox 1866 1504 2051 1534; x_wconf 87' lang='lat' dir='ltr'>curaturos</span> <span class='ocrx_word' id='word_1_462' title='bbox 2090 1501 2185 1544; x_wconf 90' lang='lat' dir='ltr'>quod</span> <span class='ocrx_word' id='word_1_463' title='bbox 2223 1501 2309 1534; x_wconf 90' lang='lat' dir='ltr'>dicti</span> 
     </span>
     <span class='ocr_line' id='line_1_74' title="bbox 1305 1554 2309 1599; baseline 0 -13"><span class='ocrx_word' id='word_1_464' title='bbox 1305 1557 1453 1594; x_wconf 88' lang='lat' dir='ltr'>«abbas,</span> <span class='ocrx_word' id='word_1_465' title='bbox 1482 1556 1646 1599; x_wconf 89' lang='lat' dir='ltr'>priorissa</span> <span class='ocrx_word' id='word_1_466' title='bbox 1673 1559 1709 1588; x_wconf 91' lang='lat' dir='ltr'>et</span> <span class='ocrx_word' id='word_1_467' title='bbox 1735 1558 1933 1588; x_wconf 76' lang='lat' dir='ltr'>conventus</span> <span class='ocrx_word' id='word_1_468' title='bbox 1958 1558 2078 1587; x_wconf 89' lang='lat' dir='ltr'>ratum</span> <span class='ocrx_word' id='word_1_469' title='bbox 2104 1557 2140 1587; x_wconf 86' lang='lat' dir='ltr'>et</span> <span class='ocrx_word' id='word_1_470' title='bbox 2165 1554 2309 1587; x_wconf 90' lang='lat' dir='ltr'>firmum</span> 
     </span>
     <span class='ocr_line' id='line_1_75' title="bbox 1306 1607 2310 1652; baseline 0.001 -13"><span class='ocrx_word' id='word_1_471' title='bbox 1306 1610 1517 1642; x_wconf 82' lang='lat' dir='ltr'>«habebunt</span> <span class='ocrx_word' id='word_1_472' title='bbox 1556 1612 1727 1652; x_wconf 91' lang='lat' dir='ltr'>perpetuo</span> <span class='ocrx_word' id='word_1_473' title='bbox 1768 1609 1937 1651; x_wconf 88' lang='lat' dir='ltr'>quicquid</span> <span class='ocrx_word' id='word_1_474' title='bbox 1977 1618 2038 1650; x_wconf 89' lang='lat' dir='ltr'>per</span> <span class='ocrx_word' id='word_1_475' title='bbox 2077 1618 2140 1640; x_wconf 92' lang='lat' dir='ltr'>nos</span> <span class='ocrx_word' id='word_1_476' title='bbox 2177 1607 2310 1640; x_wconf 86' lang='lat' dir='ltr'>totiens</span> 
     </span>
     <span class='ocr_line' id='line_1_76' title="bbox 1305 1661 2310 1705; baseline 0.001 -13"><span class='ocrx_word' id='word_1_477' title='bbox 1305 1663 1496 1705; x_wconf 90' lang='lat' dir='ltr'>«quotiens</span> <span class='ocrx_word' id='word_1_478' title='bbox 1516 1662 1732 1695; x_wconf 80' lang='lat' dir='ltr'>volucrimus</span> <span class='ocrx_word' id='word_1_479' title='bbox 1754 1662 1969 1699; x_wconf 87' lang='lat' dir='ltr'>ordinatum,</span> <span class='ocrx_word' id='word_1_480' title='bbox 1993 1661 2216 1704; x_wconf 90' lang='lat' dir='ltr'>dispositum,</span> <span class='ocrx_word' id='word_1_481' title='bbox 2238 1663 2310 1693; x_wconf 86' lang='lat' dir='ltr'>sta-</span> 
     </span>
     <span class='ocr_line' id='line_1_77' title="bbox 1305 1715 2311 1754; baseline 0 -8"><span class='ocrx_word' id='word_1_482' title='bbox 1305 1720 1464 1754; x_wconf 86' lang='lat' dir='ltr'>«tutum,</span> <span class='ocrx_word' id='word_1_483' title='bbox 1495 1716 1702 1753; x_wconf 80' lang='lat' dir='ltr'>diffinitum,</span> <span class='ocrx_word' id='word_1_484' title='bbox 1733 1716 1926 1752; x_wconf 88' lang='lat' dir='ltr'>decretum,</span> <span class='ocrx_word' id='word_1_485' title='bbox 1956 1715 2181 1752; x_wconf 89' lang='lat' dir='ltr'>arbitratum,</span> <span class='ocrx_word' id='word_1_486' title='bbox 2211 1723 2311 1747; x_wconf 92' lang='lat' dir='ltr'>man-</span> 
     </span>
     <span class='ocr_line' id='line_1_78' title="bbox 1305 1768 2310 1812; baseline -0.002 -11"><span class='ocrx_word' id='word_1_487' title='bbox 1305 1771 1458 1802; x_wconf 87' lang='lat' dir='ltr'>«datum</span> <span class='ocrx_word' id='word_1_488' title='bbox 1487 1772 1522 1801; x_wconf 91' lang='lat' dir='ltr'>et</span> <span class='ocrx_word' id='word_1_489' title='bbox 1551 1769 1733 1812; x_wconf 88' lang='lat' dir='ltr'>provisum</span> <span class='ocrx_word' id='word_1_490' title='bbox 1763 1778 1906 1810; x_wconf 89' lang='lat' dir='ltr'>quoquo</span> <span class='ocrx_word' id='word_1_491' title='bbox 1936 1769 2042 1800; x_wconf 90' lang='lat' dir='ltr'>modo</span> <span class='ocrx_word' id='word_1_492' title='bbox 2070 1768 2178 1800; x_wconf 89' lang='lat' dir='ltr'>fuerit</span> <span class='ocrx_word' id='word_1_493' title='bbox 2205 1777 2310 1810; x_wconf 89' lang='lat' dir='ltr'>super</span> 
     </span>
     <span class='ocr_line' id='line_1_79' title="bbox 1304 1822 2311 1865; baseline 0.001 -13"><span class='ocrx_word' id='word_1_494' title='bbox 1304 1823 1508 1865; x_wconf 86' lang='lat' dir='ltr'>«premissis</span> <span class='ocrx_word' id='word_1_495' title='bbox 1548 1826 1584 1855; x_wconf 89' lang='lat' dir='ltr'>et</span> <span class='ocrx_word' id='word_1_496' title='bbox 1625 1822 1784 1864; x_wconf 88' lang='lat' dir='ltr'>quolibet</span> <span class='ocrx_word' id='word_1_497' title='bbox 1825 1822 2087 1864; x_wconf 89' lang='lat' dir='ltr'>premissorum,</span> <span class='ocrx_word' id='word_1_498' title='bbox 2129 1823 2165 1853; x_wconf 86' lang='lat' dir='ltr'>et</span> <span class='ocrx_word' id='word_1_499' title='bbox 2205 1830 2311 1864; x_wconf 90' lang='lat' dir='ltr'>super</span> 
     </span>
     <span class='ocr_line' id='line_1_80' title="bbox 1304 1874 2308 1918; baseline -0.003 -9"><span class='ocrx_word' id='word_1_500' title='bbox 1304 1876 1620 1918; x_wconf 83' lang='lat' dir='ltr'>«contingentibus</span> <span class='ocrx_word' id='word_1_501' title='bbox 1648 1876 1817 1918; x_wconf 89' lang='lat' dir='ltr'>premissa</span> <span class='ocrx_word' id='word_1_502' title='bbox 1846 1878 1882 1907; x_wconf 89' lang='lat' dir='ltr'>et</span> <span class='ocrx_word' id='word_1_503' title='bbox 1911 1875 2028 1918; x_wconf 91' lang='lat' dir='ltr'>aliqua</span> <span class='ocrx_word' id='word_1_504' title='bbox 2057 1874 2308 1917; x_wconf 88' lang='lat' dir='ltr'>premissorum</span> 
     </span>
     <span class='ocr_line' id='line_1_81' title="bbox 1304 1928 2306 1972; baseline -0.003 -10"><span class='ocrx_word' id='word_1_505' title='bbox 1304 1930 1396 1962; x_wconf 87' lang='lat' dir='ltr'>«sub</span> <span class='ocrx_word' id='word_1_506' title='bbox 1428 1939 1519 1972; x_wconf 90' lang='lat' dir='ltr'>pena</span> <span class='ocrx_word' id='word_1_507' title='bbox 1550 1929 1643 1961; x_wconf 88' lang='lat' dir='ltr'>mille</span> <span class='ocrx_word' id='word_1_508' title='bbox 1675 1939 1874 1961; x_wconf 85' lang='lat' dir='ltr'>marcarum</span> <span class='ocrx_word' id='word_1_509' title='bbox 1906 1928 1989 1960; x_wconf 90' lang='lat' dir='ltr'>boni</span> <span class='ocrx_word' id='word_1_510' title='bbox 2020 1928 2156 1970; x_wconf 87' lang='lat' dir='ltr'>argenti</span> <span class='ocrx_word' id='word_1_511' title='bbox 2187 1937 2306 1970; x_wconf 89' lang='lat' dir='ltr'>quam,</span> 
     </span>
     <span class='ocr_line' id='line_1_82' title="bbox 1304 1981 2308 2024; baseline -0.002 -9"><span class='ocrx_word' id='word_1_512' title='bbox 1304 1983 1589 2015; x_wconf 80' lang='lat' dir='ltr'>«interveniente</span> <span class='ocrx_word' id='word_1_513' title='bbox 1625 1982 1855 2024; x_wconf 86' lang='lat' dir='ltr'>stipulatione</span> <span class='ocrx_word' id='word_1_514' title='bbox 1891 1981 2086 2024; x_wconf 88' lang='lat' dir='ltr'>sollempni,</span> <span class='ocrx_word' id='word_1_515' title='bbox 2123 1990 2205 2023; x_wconf 89' lang='lat' dir='ltr'>pars</span> <span class='ocrx_word' id='word_1_516' title='bbox 2241 1990 2308 2023; x_wconf 90' lang='lat' dir='ltr'>que</span> 
     </span>
     <span class='ocr_line' id='line_1_83' title="bbox 1304 2035 2308 2073; baseline -0.003 -4"><span class='ocrx_word' id='word_1_517' title='bbox 1304 2039 1455 2069; x_wconf 86' lang='lat' dir='ltr'>«contra</span> <span class='ocrx_word' id='word_1_518' title='bbox 1497 2036 1767 2073; x_wconf 87' lang='lat' dir='ltr'>ordinationem,</span> <span class='ocrx_word' id='word_1_519' title='bbox 1811 2035 2074 2072; x_wconf 83' lang='lat' dir='ltr'>diffinitionem,</span> <span class='ocrx_word' id='word_1_520' title='bbox 2117 2036 2308 2071; x_wconf 90' lang='lat' dir='ltr'>statutum,</span> 
     </span>
     <span class='ocr_line' id='line_1_84' title="bbox 1304 2088 2309 2130; baseline -0.002 -9"><span class='ocrx_word' id='word_1_521' title='bbox 1304 2091 1523 2127; x_wconf 86' lang='lat' dir='ltr'>«decretum,</span> <span class='ocrx_word' id='word_1_522' title='bbox 1559 2090 1771 2121; x_wconf 88' lang='lat' dir='ltr'>mandatum</span> <span class='ocrx_word' id='word_1_523' title='bbox 1805 2091 1840 2121; x_wconf 91' lang='lat' dir='ltr'>et</span> <span class='ocrx_word' id='word_1_524' title='bbox 1878 2088 2117 2130; x_wconf 88' lang='lat' dir='ltr'>provisionem</span> <span class='ocrx_word' id='word_1_525' title='bbox 2150 2090 2309 2120; x_wconf 92' lang='lat' dir='ltr'>nostram</span> 
     </span>
     <span class='ocr_line' id='line_1_85' title="bbox 1304 2141 2309 2185; baseline -0.002 -11"><span class='ocrx_word' id='word_1_526' title='bbox 1304 2144 1365 2174; x_wconf 87' lang='lat' dir='ltr'>«in</span> <span class='ocrx_word' id='word_1_527' title='bbox 1405 2143 1523 2185; x_wconf 88' lang='lat' dir='ltr'>aliquo</span> <span class='ocrx_word' id='word_1_528' title='bbox 1561 2142 1709 2179; x_wconf 69' lang='lat' dir='ltr'>venerit,</span> <span class='ocrx_word' id='word_1_529' title='bbox 1750 2142 1844 2184; x_wconf 88' lang='lat' dir='ltr'>parti</span> <span class='ocrx_word' id='word_1_530' title='bbox 1882 2142 1991 2173; x_wconf 91' lang='lat' dir='ltr'>fidem</span> <span class='ocrx_word' id='word_1_531' title='bbox 2030 2141 2187 2173; x_wconf 88' lang='lat' dir='ltr'>servanti</span> <span class='ocrx_word' id='word_1_532' title='bbox 2225 2141 2309 2173; x_wconf 90' lang='lat' dir='ltr'>dare</span> 
     </span>
     <span class='ocr_line' id='line_1_86' title="bbox 1303 2194 2306 2238; baseline 0.001 -13"><span class='ocrx_word' id='word_1_533' title='bbox 1303 2197 1493 2238; x_wconf 87' lang='lat' dir='ltr'>«promisit</span> <span class='ocrx_word' id='word_1_534' title='bbox 1532 2199 1567 2228; x_wconf 87' lang='lat' dir='ltr'>et</span> <span class='ocrx_word' id='word_1_535' title='bbox 1607 2196 1751 2232; x_wconf 80' lang='lat' dir='ltr'>solvere,</span> <span class='ocrx_word' id='word_1_536' title='bbox 1794 2205 1863 2237; x_wconf 88' lang='lat' dir='ltr'>qua</span> <span class='ocrx_word' id='word_1_537' title='bbox 1904 2195 2031 2232; x_wconf 88' lang='lat' dir='ltr'>soluta,</span> <span class='ocrx_word' id='word_1_538' title='bbox 2073 2194 2306 2231; x_wconf 89' lang='lat' dir='ltr'>ordinatione,</span> 
     </span>
     <span class='ocr_line' id='line_1_87' title="bbox 1304 2248 2308 2290; baseline 0.001 -12"><span class='ocrx_word' id='word_1_539' title='bbox 1304 2249 1556 2287; x_wconf 84' lang='lat' dir='ltr'>«diffinitione,</span> <span class='ocrx_word' id='word_1_540' title='bbox 1590 2252 1739 2286; x_wconf 90' lang='lat' dir='ltr'>statuto,</span> <span class='ocrx_word' id='word_1_541' title='bbox 1775 2249 1925 2285; x_wconf 80' lang='lat' dir='ltr'>decreto,</span> <span class='ocrx_word' id='word_1_542' title='bbox 1959 2248 2130 2280; x_wconf 90' lang='lat' dir='ltr'>mandato</span> <span class='ocrx_word' id='word_1_543' title='bbox 2161 2250 2198 2279; x_wconf 88' lang='lat' dir='ltr'>et</span> <span class='ocrx_word' id='word_1_544' title='bbox 2229 2256 2308 2290; x_wconf 89' lang='lat' dir='ltr'>pro-</span> 
     </span>
     <span class='ocr_line' id='line_1_88' title="bbox 1303 2300 2307 2343; baseline -0.003 -8"><span class='ocrx_word' id='word_1_545' title='bbox 1303 2303 1464 2335; x_wconf 84' lang='lat' dir='ltr'>«visione</span> <span class='ocrx_word' id='word_1_546' title='bbox 1491 2302 1619 2334; x_wconf 88' lang='lat' dir='ltr'>nostris</span> <span class='ocrx_word' id='word_1_547' title='bbox 1645 2302 1756 2334; x_wconf 86' lang='lat' dir='ltr'>firmis</span> <span class='ocrx_word' id='word_1_548' title='bbox 1783 2304 1818 2333; x_wconf 89' lang='lat' dir='ltr'>et</span> <span class='ocrx_word' id='word_1_549' title='bbox 1844 2301 1930 2333; x_wconf 90' lang='lat' dir='ltr'>ratis</span> <span class='ocrx_word' id='word_1_550' title='bbox 1957 2300 2204 2333; x_wconf 90' lang='lat' dir='ltr'>nichilominus</span> <span class='ocrx_word' id='word_1_551' title='bbox 2230 2310 2307 2343; x_wconf 90' lang='lat' dir='ltr'>per-</span> 
     </span>
     <span class='ocr_line' id='line_1_89' title="bbox 1303 2353 2307 2398; baseline -0.003 -10"><span class='ocrx_word' id='word_1_552' title='bbox 1303 2359 1438 2398; x_wconf 87' lang='lat' dir='ltr'>«petuo</span> <span class='ocrx_word' id='word_1_553' title='bbox 1472 2355 1720 2398; x_wconf 89' lang='lat' dir='ltr'>permansuris,</span> <span class='ocrx_word' id='word_1_554' title='bbox 1755 2355 1945 2396; x_wconf 81' lang='lat' dir='ltr'>obligando</span> <span class='ocrx_word' id='word_1_555' title='bbox 1979 2354 2044 2386; x_wconf 90' lang='lat' dir='ltr'>sibi</span> <span class='ocrx_word' id='word_1_556' title='bbox 2077 2354 2122 2386; x_wconf 91' lang='lat' dir='ltr'>ad</span> <span class='ocrx_word' id='word_1_557' title='bbox 2155 2353 2307 2386; x_wconf 89' lang='lat' dir='ltr'>invicem</span> 
     </span>
     <span class='ocr_line' id='line_1_90' title="bbox 1303 2408 2306 2450; baseline -0.004 -8"><span class='ocrx_word' id='word_1_558' title='bbox 1303 2419 1364 2442; x_wconf 86' lang='lat' dir='ltr'>«se</span> <span class='ocrx_word' id='word_1_559' title='bbox 1394 2409 1506 2441; x_wconf 91' lang='lat' dir='ltr'>dictos</span> <span class='ocrx_word' id='word_1_560' title='bbox 1536 2409 1715 2446; x_wconf 87' lang='lat' dir='ltr'>abbatem,</span> <span class='ocrx_word' id='word_1_561' title='bbox 1747 2408 1948 2450; x_wconf 86' lang='lat' dir='ltr'>priorissam</span> <span class='ocrx_word' id='word_1_562' title='bbox 1976 2410 2012 2439; x_wconf 90' lang='lat' dir='ltr'>et</span> <span class='ocrx_word' id='word_1_563' title='bbox 2040 2410 2238 2439; x_wconf 89' lang='lat' dir='ltr'>conventus</span> <span class='ocrx_word' id='word_1_564' title='bbox 2265 2416 2306 2439; x_wconf 90' lang='lat' dir='ltr'>ac</span> 
     </span>
     <span class='ocr_line' id='line_1_91' title="bbox 1301 2459 2306 2504; baseline 0 -13"><span class='ocrx_word' id='word_1_565' title='bbox 1301 2475 1314 2491; x_wconf 92' lang='lat'>‹&lt;</span> <span class='ocrx_word' id='word_1_566' title='bbox 1329 2473 1449 2494; x_wconf 86' lang='lat' dir='ltr'>eorum</span> <span class='ocrx_word' id='word_1_567' title='bbox 1469 2462 1682 2494; x_wconf 86' lang='lat' dir='ltr'>monasteria</span> <span class='ocrx_word' id='word_1_568' title='bbox 1703 2472 1764 2504; x_wconf 91' lang='lat' dir='ltr'>pro</span> <span class='ocrx_word' id='word_1_569' title='bbox 1785 2461 1948 2493; x_wconf 86' lang='lat' dir='ltr'>omnibus</span> <span class='ocrx_word' id='word_1_570' title='bbox 1967 2464 2002 2492; x_wconf 92' lang='lat' dir='ltr'>et</span> <span class='ocrx_word' id='word_1_571' title='bbox 2021 2459 2165 2502; x_wconf 82' lang='lat' dir='ltr'>singulis</span> <span class='ocrx_word' id='word_1_572' title='bbox 2183 2469 2306 2502; x_wconf 88' lang='lat' dir='ltr'>supra-</span> 
     </span>
     <span class='ocr_line' id='line_1_92' title="bbox 1302 2512 2306 2556; baseline -0.001 -11"><span class='ocrx_word' id='word_1_573' title='bbox 1302 2515 1433 2547; x_wconf 88' lang='lat' dir='ltr'>«dictis</span> <span class='ocrx_word' id='word_1_574' title='bbox 1472 2515 1607 2556; x_wconf 82' lang='lat' dir='ltr'>integre</span> <span class='ocrx_word' id='word_1_575' title='bbox 1647 2512 1882 2556; x_wconf 87' lang='lat' dir='ltr'>adimplendis</span> <span class='ocrx_word' id='word_1_576' title='bbox 1922 2517 1958 2545; x_wconf 91' lang='lat' dir='ltr'>et</span> <span class='ocrx_word' id='word_1_577' title='bbox 1998 2513 2150 2545; x_wconf 87' lang='lat' dir='ltr'>fideliter</span> <span class='ocrx_word' id='word_1_578' title='bbox 2189 2512 2306 2545; x_wconf 87' lang='lat' dir='ltr'>obser-</span> 
     </span>
     <span class='ocr_line' id='line_1_93' title="bbox 1301 2566 2305 2608; baseline -0.002 -8"><span class='ocrx_word' id='word_1_579' title='bbox 1301 2569 1465 2605; x_wconf 84' lang='lat' dir='ltr'>«vandis,</span> <span class='ocrx_word' id='word_1_580' title='bbox 1500 2571 1535 2600; x_wconf 90' lang='lat' dir='ltr'>et</span> <span class='ocrx_word' id='word_1_581' title='bbox 1568 2568 1805 2599; x_wconf 89' lang='lat' dir='ltr'>renuntiando</span> <span class='ocrx_word' id='word_1_582' title='bbox 1839 2567 1934 2599; x_wconf 91' lang='lat' dir='ltr'>omni</span> <span class='ocrx_word' id='word_1_583' title='bbox 1966 2567 2035 2608; x_wconf 90' lang='lat' dir='ltr'>juri</span> <span class='ocrx_word' id='word_1_584' title='bbox 2068 2566 2236 2598; x_wconf 91' lang='lat' dir='ltr'>canonico</span> <span class='ocrx_word' id='word_1_585' title='bbox 2269 2568 2305 2598; x_wconf 88' lang='lat' dir='ltr'>et</span> 
     </span>
     <span class='ocr_line' id='line_1_94' title="bbox 1301 2619 2306 2662; baseline -0.003 -9"><span class='ocrx_word' id='word_1_586' title='bbox 1301 2621 1433 2659; x_wconf 75' lang='lat' dir='ltr'>«civili,</span> <span class='ocrx_word' id='word_1_587' title='bbox 1460 2622 1571 2653; x_wconf 90' lang='lat' dir='ltr'>tacito</span> <span class='ocrx_word' id='word_1_588' title='bbox 1597 2624 1633 2652; x_wconf 89' lang='lat' dir='ltr'>et</span> <span class='ocrx_word' id='word_1_589' title='bbox 1659 2631 1834 2662; x_wconf 85' lang='lat' dir='ltr'>expresso,</span> <span class='ocrx_word' id='word_1_590' title='bbox 1862 2619 2079 2662; x_wconf 86' lang='lat' dir='ltr'>competenti</span> <span class='ocrx_word' id='word_1_591' title='bbox 2105 2622 2140 2651; x_wconf 88' lang='lat' dir='ltr'>et</span> <span class='ocrx_word' id='word_1_592' title='bbox 2166 2628 2306 2662; x_wconf 89' lang='lat' dir='ltr'>compe-</span> 
     </span>
     <span class='ocr_line' id='line_1_95' title="bbox 1301 2672 2305 2716; baseline -0.003 -10"><span class='ocrx_word' id='word_1_593' title='bbox 1301 2678 1420 2712; x_wconf 91' lang='lat' dir='ltr'>«turo,</span> <span class='ocrx_word' id='word_1_594' title='bbox 1447 2684 1516 2716; x_wconf 91' lang='lat' dir='ltr'>quo</span> <span class='ocrx_word' id='word_1_595' title='bbox 1541 2684 1575 2706; x_wconf 88' lang='lat' dir='ltr'>se</span> <span class='ocrx_word' id='word_1_596' title='bbox 1603 2674 1690 2706; x_wconf 90' lang='lat' dir='ltr'>tueri</span> <span class='ocrx_word' id='word_1_597' title='bbox 1716 2676 1860 2716; x_wconf 89' lang='lat' dir='ltr'>possent</span> <span class='ocrx_word' id='word_1_598' title='bbox 1885 2683 1946 2715; x_wconf 90' lang='lat' dir='ltr'>per</span> <span class='ocrx_word' id='word_1_599' title='bbox 1970 2673 2182 2704; x_wconf 89' lang='lat' dir='ltr'>beneficium</span> <span class='ocrx_word' id='word_1_600' title='bbox 2206 2672 2305 2704; x_wconf 88' lang='lat' dir='ltr'>resti-</span> 
     </span>
     <span class='ocr_line' id='line_1_96' title="bbox 1302 2726 2304 2769; baseline 0 -12"><span class='ocrx_word' id='word_1_601' title='bbox 1302 2728 1477 2759; x_wconf 87' lang='lat' dir='ltr'>«tutionis</span> <span class='ocrx_word' id='word_1_602' title='bbox 1518 2728 1552 2759; x_wconf 91' lang='lat' dir='ltr'>in</span> <span class='ocrx_word' id='word_1_603' title='bbox 1594 2727 1771 2769; x_wconf 81' lang='lat' dir='ltr'>integrum</span> <span class='ocrx_word' id='word_1_604' title='bbox 1812 2727 1867 2758; x_wconf 81' lang='lat' dir='ltr'>vel</span> <span class='ocrx_word' id='word_1_605' title='bbox 1909 2726 2016 2758; x_wconf 88' lang='lat' dir='ltr'>alium</span> <span class='ocrx_word' id='word_1_606' title='bbox 2058 2734 2304 2767; x_wconf 88' lang='lat' dir='ltr'>quemcunque</span> 
     </span>
     <span class='ocr_line' id='line_1_97' title="bbox 1301 2778 2304 2822; baseline -0.004 -9"><span class='ocrx_word' id='word_1_607' title='bbox 1301 2781 1474 2813; x_wconf 86' lang='lat' dir='ltr'>«modum</span> <span class='ocrx_word' id='word_1_608' title='bbox 1504 2791 1523 2812; x_wconf 92' lang='lat' dir='ltr'>a</span> <span class='ocrx_word' id='word_1_609' title='bbox 1553 2781 1719 2822; x_wconf 82' lang='lat' dir='ltr'>predictis</span> <span class='ocrx_word' id='word_1_610' title='bbox 1749 2780 1803 2811; x_wconf 77' lang='lat' dir='ltr'>vel</span> <span class='ocrx_word' id='word_1_611' title='bbox 1833 2779 1950 2821; x_wconf 88' lang='lat' dir='ltr'>aliquo</span> <span class='ocrx_word' id='word_1_612' title='bbox 1980 2779 2230 2821; x_wconf 83' lang='lat' dir='ltr'>predictorum.</span> <span class='ocrx_word' id='word_1_613' title='bbox 2264 2778 2304 2809; x_wconf 92' lang='lat' dir='ltr'>In</span> 
     </span>
     <span class='ocr_line' id='line_1_98' title="bbox 1301 2833 2304 2876; baseline 0 -13"><span class='ocrx_word' id='word_1_614' title='bbox 1301 2834 1429 2876; x_wconf 87' lang='lat' dir='ltr'>«cujus</span> <span class='ocrx_word' id='word_1_615' title='bbox 1470 2834 1517 2865; x_wconf 86' lang='lat' dir='ltr'>rei</span> <span class='ocrx_word' id='word_1_616' title='bbox 1558 2833 1802 2865; x_wconf 87' lang='lat' dir='ltr'>testimonium</span> <span class='ocrx_word' id='word_1_617' title='bbox 1845 2843 1986 2875; x_wconf 90' lang='lat' dir='ltr'>presens</span> <span class='ocrx_word' id='word_1_618' title='bbox 2027 2833 2304 2864; x_wconf 87' lang='lat' dir='ltr'>instrumentum</span> 
     </span>
     <span class='ocr_line' id='line_1_99' title="bbox 1301 2884 2304 2928; baseline -0.004 -9"><span class='ocrx_word' id='word_1_619' title='bbox 1301 2887 1431 2919; x_wconf 88' lang='lat' dir='ltr'>«scribi</span> <span class='ocrx_word' id='word_1_620' title='bbox 1457 2890 1493 2918; x_wconf 88' lang='lat' dir='ltr'>et</span> <span class='ocrx_word' id='word_1_621' title='bbox 1519 2887 1690 2928; x_wconf 87' lang='lat' dir='ltr'>publicari</span> <span class='ocrx_word' id='word_1_622' title='bbox 1716 2886 1862 2918; x_wconf 86' lang='lat' dir='ltr'>fecimus</span> <span class='ocrx_word' id='word_1_623' title='bbox 1889 2895 1950 2928; x_wconf 91' lang='lat' dir='ltr'>per</span> <span class='ocrx_word' id='word_1_624' title='bbox 1976 2885 2154 2917; x_wconf 87' lang='lat' dir='ltr'>notarium</span> <span class='ocrx_word' id='word_1_625' title='bbox 2180 2884 2304 2916; x_wconf 84' lang='lat' dir='ltr'>infras-</span> 
     </span>
     <span class='ocr_line' id='line_1_100' title="bbox 1300 2938 2304 2982; baseline 0 -13"><span class='ocrx_word' id='word_1_626' title='bbox 1300 2940 1481 2982; x_wconf 90' lang='lat' dir='ltr'>«criptum</span> <span class='ocrx_word' id='word_1_627' title='bbox 1506 2943 1541 2972; x_wconf 89' lang='lat' dir='ltr'>et</span> <span class='ocrx_word' id='word_1_628' title='bbox 1567 2940 1695 2972; x_wconf 89' lang='lat' dir='ltr'>nostris</span> <span class='ocrx_word' id='word_1_629' title='bbox 1719 2939 1875 2971; x_wconf 87' lang='lat' dir='ltr'>roborari</span> <span class='ocrx_word' id='word_1_630' title='bbox 1899 2939 2028 2979; x_wconf 78' lang='lat' dir='ltr'>sigillis.</span> <span class='ocrx_word' id='word_1_631' title='bbox 2054 2938 2185 2970; x_wconf 80' lang='lat' dir='ltr'>Actum</span> <span class='ocrx_word' id='word_1_632' title='bbox 2210 2938 2304 2969; x_wconf 87' lang='lat' dir='ltr'>Ana-</span> 
     </span>
     <span class='ocr_line' id='line_1_101' title="bbox 1300 2990 2302 3035; baseline -0.003 -10"><span class='ocrx_word' id='word_1_633' title='bbox 1300 2993 1416 3035; x_wconf 74' lang='lat' dir='ltr'>«gnie,</span> <span class='ocrx_word' id='word_1_634' title='bbox 1448 3003 1566 3025; x_wconf 89' lang='lat' dir='ltr'>coram</span> <span class='ocrx_word' id='word_1_635' title='bbox 1597 3003 1652 3025; x_wconf 91' lang='lat' dir='ltr'>me</span> <span class='ocrx_word' id='word_1_636' title='bbox 1684 2993 1864 3025; x_wconf 83' lang='lat' dir='ltr'>Gifredino</span> <span class='ocrx_word' id='word_1_637' title='bbox 1896 2993 1937 3023; x_wconf 89' lang='lat' dir='ltr'>dc</span> <span class='ocrx_word' id='word_1_638' title='bbox 1969 2992 2120 3028; x_wconf 81' lang='lat' dir='ltr'>Vezano,</span> <span class='ocrx_word' id='word_1_639' title='bbox 2153 2990 2302 3028; x_wconf 88' lang='lat' dir='ltr'>notario,</span> 
     </span>
    </p>
   </div>
   <div class='ocr_carea' id='block_1_7' title="bbox 2438 0 2477 3512">
    <p class='ocr_par' dir='ltr' id='par_1_7' title="bbox 2438 0 2477 3512">
     <span class='ocr_line' id='line_1_102' title="bbox 2438 0 2477 3512; baseline 0 0"><span class='ocrx_word' id='word_1_640' title='bbox 2438 0 2477 3512; x_wconf 95' lang='lat' dir='ltr'> </span> 
     </span>
    </p>
   </div>
  </div>
 </body>
</html>
