2477 3512
299 268 363 298 61⁸
998 266 1229 299 REGISTRES
1256 265 1558 300 D'ALEXANDRE
1580 270 1619 301 [Υ

372 335 471 361 2009
870 335 993 365 Viterbe,
1008 337 1040 360 22
1053 335 1117 369 juin
1135 336 1213 361 1257.

336 422 560 455 Archiepiscopo
584 422 724 448 'tranensi
755 425 855 448 notum
884 423 951 449 l'acit
970 430 999 449 se
1016 424 1192 449 contii-mare
1214 431 1285 449 non-

299 468 391 495 nullus
404 469 610 494 concessiones
628 471 656 495 et
676 469 851 496 donationes
867 470 999 504 Philippo
1018 470 1053 496 de
1073 471 1179 496 Sancta
1193 471 1283 497 Cruce

297 516 387 542 saclas
399 516 433 541 ab
452 537 469 541 ..
486 516 668 542 Anconitano
685 517 832 551 episcopo,
850 520 919 544 tunc
937 517 1108 551 [octaviani]
1127 519 1153 545 S.
1178 519 1283 545 Mariae

297 564 325 589 in
347 563 395 589 Via
414 564 480 589 Lata
501 563 617 590 diaconi
639 564 797 591 cardinalis
818 565 845 590 in
867 564 924 591 illis
945 566 1077 600 partibus
1099 566 1282 600 Apostolicae

295 610 377 636 Sedis
397 610 482 643 legati
504 610 623 638 vicario.
645 611 731 645 eique
753 612 882 644 mandat,
903 615 1049 646 quatenus
1067 613 1194 640 eundem
1215 614 1282 640 Phi—

295 657 405 691 lippum
430 658 458 683 in
483 658 628 684 dictorum
651 659 796 685 bonorum
821 660 846 685 ei
870 667 1080 686 concessorum
1097 661 1279 695 corporalem

295 705 512 738 possessionem
530 706 651 732 inducat
664 709 691 731 et
702 707 844 733 defendat
857 707 1020 734 inductum.
1038 709 1115 734 (unc.
1131 710 1174 737 25.
1187 717 1212 735 a.
1233 710 1279 737 ΙΙΙ,

294 762 318 777 c.
336 754 397 781 392,
415 753 431 778 s.
451 755 505 779 tw:

339 858 351 868 ιι
384 867 403 872 ..
435 841 684 886 archiepiscopo
718 844 890 875 Tranmesi.
921 846 1054 877 Sincere
1082 846 1277 885 devotionis,

292 908 384 938 quam
400 898 513 929 nobilis
526 899 574 930 vir
585 900 753 942 Philippus
766 901 804 932 do
815 902 936 932 Sancta
948 901 1062 936 Cruce,
1075 904 1278 944 protontinus

293 954 399 986 Baroli
412 957 445 986 et
457 956 630 998 Mouopoli,
645 957 731 988 circa
749 958 924 989 Romanam
942 959 1026 999 gerit
1040 959 1230 997 Ecclesiam,
1244 965 1279 990 et

292 1011 481 1043 inconcusse
494 1014 688 1049 constantie,
699 1024 759 1053 qua
770 1014 822 1045 ille
834 1018 947 1046 contra
957 1025 1032 1045 suos
1041 1015 1068 1056 as
1078 1015 1095 1045 d
1105 1015 1277 1056 Jversarios

290 1068 408 1105 astitit,
425 1079 487 1100 non
504 1080 611 1101 sumus
633 1071 847 1108 immemores,
865 1082 922 1101 nec
943 1071 1155 1113 dampnorum
1174 1072 1276 1113 pluri-

290 1125 432 1155 morum¹
455 1125 653 1167 aliorumque
671 1128 906 1167 gravaminum.
922 1138 983 1168 que
1002 1138 1058 1169 pro
1079 1129 1147 1169 ipsa
1167 1128 1276 1160 dinos-
1301 1144 1303 1146 ·

289 1181 372 1212 citur
398 1183 600 1219 sustinuisse,
628 1194 796 1224 possumus
819 1184 978 1223 oblivisci,
1003 1184 1058 1215 secl
1087 1185 1145 1216 hec
1167 1186 1275 1216 omnia

289 1238 471 1269 recolentes
492 1242 525 1270 et
554 1239 740 1280 Apostolice
763 1240 855 1271 Sedis
881 1242 993 1271 favore
1019 1241 1121 1283 ipsum
1142 1241 1274 1283 dignum

286 1295 493 1335 agnoscimus
514 1300 546 1326 ct
575 1295 646 1336 ejus
666 1296 829 1327 beneficiis
853 1308 1023 1328 censemus
1043 1298 1179 1329 eundem
1203 1309 1276 1340 spe-

286 1350 415 1381 cialiter
444 1351 672 1390 attollendum,
695 1352 785 1383 firmo
814 1354 1020 1385 intendentes
1047 1355 1212 1396 proposito
1242 1357 1275 1386 et
1300 1374 1301 1380 κ

286 1407 463 1438 intentione
479 1407 586 1438 stabili
607 1412 835 1450 proponentes,
848 1413 879 1441 ut
897 1411 983 1441 circa
1000 1412 1047 1441 sui
1065 1411 1223 1442 commodi
1242 1414 1275 1443 et

285 1464 413 1494 honoris
433 1467 643 1505 augn'ientum
664 1465 793 1497 solliciti
815 1472 849 1497 et
865 1467 982 1508 vigiles
999 1468 1193 1505 existamus,
1215 1468 1274 1500 sibi
1300 1493 1301 1499 ,

289 1519 358 1550 loco
379 1524 411 1551 et
432 1523 577 1562 tempore
601 1532 657 1563 pro
684 1523 809 1553 meritis
826 1524 1034 1564 respondere.
1055 1524 1133 1556 Cum
1159 1525 1270 1566 igitur,

283 1577 365 1607 sicut
381 1577 464 1608 idem
486 1578 601 1608 nobilis
627 1579 783 1610 innostra
803 1581 966 1621 proposuit
986 1581 1152 1622 presentia
1173 1592 1274 1612 cons—

283 1634 410 1669 titutus,
436 1634 629 1665 venerabilis
649 1636 753 1667 frater
786 1639 921 1667 noster..
945 1638 1167 1668 Anconitanus
1187 1639 1271 1680 epis-

282 1699 392 1730 copus,
417 1694 489 1721 tunc
517 1692 655 1723 vicarius
681 1693 710 1722 in
727 1693 984 1733 justitiaratibus
1015 1696 1102 1725 terre
1136 1695 1213 1725 Bari
1238 1696 1271 1726 et
1296 1709 1297 1717 ¹

283 1750 369 1777 terre
393 1747 524 1786 ldronti,
541 1748 651 1779 dilecti
672 1748 725 1779 filii
745 1750 846 1780 nostri
859 1750 896 1781 O.
910 1750 1034 1781 Sancte
1047 1752 1147 1782 Marie
1166 1752 1197 1782 iu
1210 1752 1270 1783 Via

282 1803 361 1833 Lata
375 1802 696 1843 diaconicardinalis,
711 1808 787 1836 tunc
799 1806 828 1836 in
845 1806 907 1837 illis
921 1807 1066 1847 partibus
1077 1808 1269 1849 Apostolice

285 1858 376 1889 Sedis
395 1859 508 1900 legati,
532 1863 652 1892 terram
665 1860 845 1893 Cannarum
868 1863 964 1894 sitam
978 1874 1076 1904 prope
1095 1864 1265 1897 Barulum.

280 1925 351 1946 cum
377 1916 523 1947 omnihus
544 1917 737 1955 hominibus,
766 1919 877 1950 salinis
902 1920 1019 1951 casalis
1046 1920 1157 1952 Sancti
1186 1921 1267 1952 Eus-
1292 1960 1293 1965 ¹

281 1972 366 2003 tachi
402 1982 438 2002 ar
469 1974 577 2006 terris.
615 1974 751 2015 juribus,
786 1975 960 2007 honoribus
991 1981 1023 2008 ot
1058 1978 1293 2018 pertinentiis¹

280 2029 357 2065 suis,
380 2038 504 2060 necnon
524 2030 632 2061 casale
652 2042 708 2062 seu
723 2031 833 2063 villam
854 2032 984 2064 Caurati
1005 2033 1044 2064 de
1065 2040 1153 2065 terra
1173 2034 1262 2073 Bari,

278 2094 349 2115 cum
369 2085 521 2118 dominio.
542 2086 689 2118 omnibus
705 2087 896 2128 hominibus,
909 2090 1037 2130 juribus
1053 2093 1086 2121 et
1101 2091 1265 2131 pertinen-

279 2141 331 2171 tiis
351 2141 429 2179 suis,
447 2141 503 2172 sub
525 2143 624 2173 certis
645 2145 787 2175 servitiis
805 2145 895 2176 nobis
912 2148 943 2177 et
960 2147 1105 2178 Romane
1119 2147 1265 2178 Ecclesie

281 2197 448 2236 faciendis,
473 2198 530 2229 sihi
550 2200 678 2240 suisque
699 2201 871 2233 heredibus
888 2203 919 2233 in
930 2205 1122 2244 perpetuum
1135 2204 1265 2235 duxerit

278 2254 516 2293 concedendas,
539 2260 628 2296 prout
658 2257 689 2288 in
718 2258 836 2289 litteris
865 2259 963 2300 ipsius
993 2261 1135 2301 episcopi
1168 2271 1265 2301 super

278 2310 337 2340 hor
358 2310 530 2344 confectis.
555 2316 665 2343 nostro
685 2314 817 2345 insertis
837 2316 1020 2357 privilegio,
1038 2316 1164 2357 plenius
1183 2327 1265 2347 con-

278 2365 411 2403 tinetur,
429 2378 496 2405 nos,
511 2369 576 2399 suis
597 2370 882 2411 supplicationibus
902 2372 1059 2405 inclinati.
1078 2374 1264 2404 concessio-

278 2432 348 2452 nem
363 2422 547 2463 liujusmodi
565 2430 668 2457 ratam
686 2426 844 2458 habentes
864 2434 897 2459 et
919 2432 1058 2469 gratam,
1081 2429 1169 2460 illam
1190 2439 1264 2460 auc—

276 2479 409 2509 toritate
444 2480 624 2521 apostolica
661 2482 812 2514 duximus
850 2484 1114 2519 confirmandam,
1150 2488 1194 2519 et.
1231 2488 1264 2517 ut

277 2535 390 2575 majori
412 2545 492 2577 erga
507 2547 562 2567 nos
580 2540 613 2569 et
627 2539 803 2570 Romanam
819 2540 999 2572 Ecclesiam
1016 2541 1187 2573 devotione
1199 2543 1264 2574 fer-

277 2593 363 2626 veat,
376 2592 523 2632 predicta
534 2594 604 2625 loca
623 2595 706 2626 sicut
720 2596 778 2627 illa
797 2596 855 2627 sibi
872 2597 980 2628 dictus
999 2599 1164 2629 concessit
1178 2599 1264 2640 epis-

275 2656 386 2687 copus,
403 2647 462 2678 sibi
482 2650 671 2691 eisdemque
685 2652 858 2684 heredibus
872 2654 902 2684 in
917 2653 1088 2685 devotione
1112 2655 1208 2686 Eccle
1217 2656 1264 2686 sie

276 2703 491 2735 existentibus
510 2706 539 2736 in
560 2707 688 2738 feudum
709 2708 748 2740 (le
768 2720 861 2748 novo,
885 2710 942 2741 sub
963 2711 1082 2742 eisdem
1105 2712 1262 2751 servitiis,
1290 2738 1291 2748 ,

275 2760 390 2798 gratiis
410 2763 442 2791 et
469 2762 717 2802 conditionibus,
749 2766 779 2796 in
808 2768 1143 2808 recompensationem
1168 2767 1263 2799 dam-
1289 2760 1291 2769 Α

274 2825 419 2855 puerum,
434 2827 494 2857 que
519 2829 575 2859 pro
592 2819 659 2861 ipsa
681 2821 828 2853 Ecclesia
849 2823 879 2854 in
903 2823 998 2854 rebus
1013 2824 1078 2854 suis
1095 2824 1263 2855 stabilibus
1288 2825 1289 2829 ’

272 2872 524 2905 consistentibus
546 2875 576 2906 in
610 2878 774 2908 territorio
796 2879 956 2920 Monopoli
988 2882 1019 2911 et
1041 2881 1069 2910 in
1093 2880 1262 2912 mobilibus

307 2963 324 2984 1,
346 2963 388 2986 ⁴tls.
401 2971 408 2986 .·
423 2964 580 2994 plurimum.

1310 337 1313 358 ἲ
1336 337 1510 378 pertulisse
1548 338 1738 374 dinoscitur.
1775 350 1835 380 que
1874 340 2002 372 mobilia
2036 351 2192 373 summam
2231 343 2260 374 M
2292 347 2326 375 et

1335 393 1584 433 quingentarum
1607 396 1772 426 unciarum
1794 396 1864 427 auri
1885 397 2064 438 attingunt,
2087 398 2172 430 sicut
2189 409 2232 430 ex
2251 410 2325 440 pre-

1309 444 1311 494 :
1335 449 1411 481 dicti
1431 450 1604 482 cardinalis
1621 453 1803 484 assertione
1823 456 1856 483 et
1877 453 1958 484 alias
1979 453 2069 484 nobis
2089 455 2238 487 constitit
2256 466 2324 487 ma-

1308 499 1310 560 i
1335 507 1469 545 niseste,
1490 507 1530 538 dc
1555 508 1669 547 quibus
1693 508 1841 550 dampnis
1863 509 2036 540 cardinalis
2064 513 2096 541 et
2125 511 2320 554 episcopus¹

1308 561 1309 581 ¹
1333 564 1502 594 memorati
1523 574 1580 605 per
1610 574 1685 596 suas
1711 565 1836 596 litteras
1868 575 1966 607 super
1982 565 2072 597 bonis
2097 568 2190 609 regni
2213 568 2322 601 Sicilie

1333 620 1391 650 sibi
1410 620 1625 661 promiserunt
1645 631 1702 662 pro
1713 625 1805 662 parte
1819 622 1965 653 Ecclesie
1982 632 2176 654 conservare
2195 624 2322 656 indem-

1332 686 1437 717 pnem,
1460 679 1554 717 prout
1585 677 1615 707 in
1648 678 1766 709 litteris
1794 678 1894 719 ipsius
1917 677 2093 710 cardinalis
2121 682 2154 710 et
2174 680 2320 721 ejusdem

1331 733 1473 774 episcopi
1487 734 1646 765 confectis
1659 734 1775 765 exinde
1793 734 1916 775 plenius
1932 735 2128 774 continetur,
2139 738 2172 767 et
2183 736 2214 767 id
2224 737 2321 769 etiam

1306 807 1307 812 =
1331 799 1371 820 ex
1393 790 1513 830 prefati
1533 790 1706 821 cardinalis
1717 791 1901 822 assertione
1918 790 2008 822 nobis
2024 792 2173 823 constitit
2187 792 2321 825 eviden-

1332 849 1382 876 ter
1404 856 1527 877 necnon
1554 849 1587 877 et
1608 858 1664 888 pro
1692 848 1848 885 servitiis,
1871 858 1932 888 que
1951 850 2024 879 tunc
2051 848 2155 880 eidem
2178 849 2318 881 ecclesie

1330 903 1465 933 contulit
1485 907 1518 934 et
1537 905 1688 935 conferre
1709 905 1830 945 poterit
1850 905 2050 942 infuturum,
2073 905 2202 936 domum
2215 906 2314 937 etiam

1329 959 1487 998 quandam
1504 961 1607 1000 curie,
1619 971 1680 1001 que
1697 962 1789 992 estin
1804 961 1919 992 Barolo
1932 962 1962 992 in
1979 962 2116 1003 pittagio
2135 962 2320 994 Marsicano

1329 1018 1362 1046 et
1381 1016 1410 1046 in
1433 1017 1548 1047 vicinio
1571 1018 1681 1048 Sancti
1704 1018 1838 1053 Nun-olai,
1861 1028 1917 1059 pro
1940 1020 2084 1060 tempore
2102 1018 2130 1049 in
2150 1018 2314 1050 fundicum

1327 1072 1526 1113 deputatam,
1541 1084 1635 1113 quam
1650 1075 1754 1105 tenuit
1771 1074 1971 1111 nibal-linus,
1985 1079 2018 1105 et
2038 1078 2158 1106 terram
2177 1085 2312 1107 vacuam

1327 1131 1423 1160 extra
1439 1130 1564 1170 portam
1587 1130 1694 1160 Sancti
1725 1129 1882 1161 Leonardi
1901 1131 2110 1170 existentem,
2129 1132 2314 1173 contiguam

1326 1186 1408 1224 loeo,
1430 1186 1459 1216 in
1471 1196 1531 1226 quo
1542 1187 1661 1217 festum
1673 1186 1850 1228 palmarum
1865 1189 2057 1218 eonsuetum
2069 1191 2120 1218 est
2133 1187 2314 1227 celebrare,

1326 1249 1419 1284 prout
1446 1242 1637 1274 extenditur
1657 1254 1675 1274 a
1697 1243 1767 1275 loco
1787 1243 1856 1284 ipso
1878 1253 1977 1283 usque
1999 1243 2040 1274 ad
2061 1244 2222 1275 fossatum
2238 1245 2318 1276 civi-

1326 1299 1416 1330 tatis.
1441 1302 1472 1330 et
1492 1309 1510 1330 a
1531 1301 1631 1333 terra.
1648 1310 1708 1340 que
1725 1300 1785 1330 fuit
1797 1300 1957 1340 quondam
1971 1300 2086 1331 Fasani
2097 1301 2176 1331 civis
2193 1301 2314 1339 Baroli,

1328 1366 1427 1397 usque
1461 1356 1499 1387 ad
1522 1357 1602 1387 viam
1635 1356 1791 1398 publicam
1826 1356 2033 1397 adjacentem
2061 1357 2122 1398 ipsi
2156 1360 2245 1388 terre
2274 1367 2315 1388 ex

1325 1417 1417 1453 parte
1448 1413 1572 1446 ostrali.
1605 1423 1666 1444 non
1694 1413 1846 1444 obstante
1872 1413 2082 1444 concessione
2116 1413 2225 1454 aliqua
2256 1424 2316 1456 per

1325 1470 1529 1501 Manfredum
1563 1470 1720 1511 quondam
1755 1470 1932 1511 principem
1964 1469 2173 1501 Tarentinum
2204 1469 2315 1501 facta?

1299 1515 1301 1529 i
1324 1526 1420 1558 alicui
1434 1528 1487 1558 vel
1503 1538 1561 1568 per
1576 1528 1673 1558 alium
1685 1526 1861 1567 quemlibet
1874 1526 1914 1557 de
1930 1527 2108 1568 premissis,
2121 1526 2161 1558 de
2173 1527 2312 1558 fratrum

1322 1585 1506 1614 nostrorum
1517 1584 1665 1622 consilio,
1675 1594 1715 1614 ex
1725 1586 1817 1614 certa
1831 1583 1980 1621 scientia,
1990 1582 2030 1614 de
2043 1583 2151 1624 gratia
2166 1583 2312 1624 speciali,

1322 1641 1553 1677 concessimus,
1576 1651 1613 1671 ac
1639 1640 1698 1671 sibi
1719 1639 1956 1680 heredibusque
1982 1640 2059 1678 suis,
2086 1640 2117 1670 iu
2138 1639 2315 1672 devotione

1322 1700 1429 1728 tamen
1451 1697 1543 1728 Sedis
1559 1696 1744 1738 Apostolice
1759 1695 2020 1737 persistentibus,
2037 1697 2243 1737 promisimus
2253 1707 2315 1738 per

1320 1764 1418 1795 reges
1439 1755 1494 1784 ant
1520 1754 1598 1784 alios
1630 1754 1732 1794 ipsum
1759 1763 1896 1794 regnum
1925 1752 2035 1783 Sicilie
2062 1762 2081 1783 a
2101 1752 2230 1794 prefata
2259 1754 2313 1785 te-

1294 1814 1295 1825 *
1320 1813 1435 1841 nentes
1451 1810 1598 1842 Ecclesia
1615 1810 1724 1841 facere
1740 1809 1887 1850 predicta
1907 1809 2013 1840 onmia
2033 1812 2189 1851 perpetuo
2210 1810 2316 1841 invio-

1318 1867 1461 1899 labiliter
1481 1867 1661 1898 observari,
1683 1866 1820 1906 Ideoque
1843 1865 2044 1903 mandamus,
2060 1866 2211 1906 quatinus
2231 1876 2314 1908 pre-

1318 1925 1420 1955 fatum
1446 1924 1586 1955 nobilem
1612 1923 1665 1954 vel
1691 1924 1934 1964 procuratorem
1962 1932 2052 1953 suum
2079 1922 2152 1963 ejus
2181 1922 2310 1953 nomine

1316 1982 1346 2012 in
1387 1980 1589 2021 corporalem
1627 1979 1845 2021 predictorum
1882 1979 2023 2010 omnium
2052 1979 2308 2019 possessionem,

1316 2038 1512 2069 auctoritate
1533 2040 1656 2075 nostra,
1676 2047 1734 2078 per
1754 2039 1786 2067 te
1800 2036 1850 2066 vel
1871 2045 1929 2076 per
1941 2035 2039 2066 alium
2053 2034 2186 2065 inducas
2200 2036 2233 2066 et
2253 2034 2312 2066 de—

1316 2095 1430 2126 fendas
1451 2094 1632 2131 induemur,
1651 2093 1911 2124 contradictores
1931 2093 1996 2128 etc,
2023 2101 2085 2122 non
2107 2091 2259 2122 obstante
2280 2091 2310 2122 si

1315 2150 1474 2192 aliquibus
1490 2151 1637 2192 personis
1653 2150 1883 2191 cujuscumque
1899 2147 2236 2185 conditionis,ordinis
2252 2150 2310 2185 aut

1315 2208 1486 2249 dignitatis
1500 2207 1673 2250 exista[n]t
1684 2217 1702 2238 a
1717 2206 1799 2238 Sede
1814 2205 2001 2247 Apostolica
2016 2205 2058 2235 sit
2073 2204 2231 2236 indultum
2254 2205 2309 2236 vel

1290 2261 1292 2267 ⁴
1314 2265 1479 2306 indulgeri
1496 2264 1684 2305 contigerit,
1696 2262 1777 2304 quod
1794 2261 1945 2303 suspendi
1955 2263 2011 2292 aut
2031 2261 2309 2293 excommunicari

1316 2321 1368 2352 vel
1387 2322 1493 2362 ipsiet
1513 2331 1623 2352 corum
1640 2322 1729 2352 terra
1749 2319 1897 2350 interdici
1918 2318 2130 2359 nonpossint,
2150 2318 2219 2349 sive
2244 2317 2308 2349 alia

1314 2378 1518 2418 indulgentia
1539 2378 1637 2419 ipsius
1659 2377 1764 2415 Sedis,
1781 2376 1822 2406 ‹le
1839 2386 1899 2416 qua
1920 2377 1953 2406 et
1984 2375 2077 2416 cnjus
2098 2376 2166 2406 toto
2188 2377 2306 2405 tenore

1315 2437 1462 2476 oporteat
1497 2435 1527 2465 in
1552 2435 1672 2465 nostris
1696 2433 1816 2464 litteris
1847 2432 2042 2463 mentionem
2075 2430 2156 2469 fieri,
2186 2432 2219 2462 et
2245 2440 2308 2472 per

1315 2502 1408 2532 quam
1431 2492 1530 2522 nostri
1556 2490 1700 2522 mandati
1725 2489 1876 2521 executio
1894 2489 1924 2519 in
1951 2489 2013 2519 hac
2034 2490 2126 2529 parte
2152 2486 2307 2528 impediri

1315 2547 1424 2579 valeat
1443 2548 1492 2578 vel
1514 2546 1650 2585 differri,
1673 2557 1730 2578 seu
1752 2546 1983 2577 constitutione
2001 2544 2041 2575 (le
2061 2543 2184 2575 duabus
2207 2543 2304 2574 dietis

1317 2604 1403 2635 edita
1424 2605 1453 2634 in
1474 2604 1611 2635 concilio
1637 2603 1795 2645 generali.
1820 2603 1933 2633 Datum
1958 2601 2108 2635 Viterbii,
2133 2600 2162 2631 X
2189 2599 2309 2630 kalen-

1315 2660 1374 2691 das
1391 2660 1473 2701 julii,
1487 2671 1570 2691 anno
1590 2661 1701 2691 tertio.
1730 2674 1744 2685 υ

1388 2749 1489 2776 2010
1883 2749 2008 2780 Viterhe,
2025 2749 2056 2773 27
2070 2747 2137 2780 juin
2156 2747 2232 2772 1257.

1351 2834 1435 2860 Petro
1450 2835 1634 2868 presbytero,
1656 2835 1761 2860 rectori
1778 2833 1918 2860 ecclesiae
1934 2834 1960 2859 S.
1985 2831 2131 2859 Laurentii
2149 2832 2184 2857 de
2207 2830 2304 2857 casali

1288 2903 1290 2919 ,
1316 2880 1448 2916 Agnello‚
1469 2881 1611 2916 indulget,
1635 2885 1666 2908 ut
1680 2881 1861 2916 praedictam
1878 2880 2033 2907 ecclesiam
2050 2882 2077 2905 et
2099 2878 2300 2913 praebendam

1348 2936 1366 2957 l.
1386 2935 1432 2958 Ms.
1448 2942 1452 2958 2
1468 2935 1595 2966 episcopi.

1345 2973 1367 2995 2.
1386 2972 1432 2995 Ms.
1449 2980 1454 2994 1
1469 2972 1576 2996 factam.
