2477 3512
942 306 1220 348 QUATRIEME
1235 308 1397 341 ANNEE
2163 317 2230 349 827

108 403 213 441 pimus
244 403 360 432 dilecta
409 403 441 432 in
491 403 617 433 Christo
648 403 762 432 nobilis
792 403 906 433 mulier
936 403 1115 438 Elisabeth,

108 457 184 485 nata
215 455 368 484 carissimi
396 455 429 485 in
458 456 584 485 Christo
612 455 671 485 filii
700 456 833 490 nostri..‚
875 455 1006 485 illustris
1036 456 1117 494 regis

107 508 304 546 Aragonum‚
331 508 391 537 tibi
428 508 510 537 linea
548 508 838 547 consanguinitatis
875 508 1025 542 attineat,
1064 508 1117 537 illa

107 560 205 590 tertio
219 569 258 589 ex
272 569 334 590 uno
349 561 450 590 latere
460 570 478 590 a
489 561 610 599 stipite,
623 563 655 590 et
668 563 701 590 te
716 563 832 599 quarto
847 561 950 599 gradu
964 570 1004 590 ex
1017 561 1118 590 altera

108 612 289 647 differente,
311 623 368 642 nos
388 613 595 643 attendentes
616 614 822 643 devotionem
843 623 906 652 qua
927 622 1052 652 semper
1070 613 1119 642 tui

107 668 139 695 et
158 665 300 704 predicte
319 666 486 695 Elisabeth
522 666 740 704 progenitores
758 674 830 704 erga
850 666 963 696 Sedem
982 666 1120 704 Aposto-

106 718 200 747 licam
224 719 418 752 claruerunt,
441 727 478 747 ac
501 721 666 757 sperantes
690 719 776 757 quod
799 728 839 748 ex
860 722 893 748 te
916 728 953 748 ac
975 719 1120 757 predicta

107 771 156 805 E„
175 771 201 799 si
218 770 343 799 fueritis
362 771 644 800 matrimonialiter
661 771 814 809 copulati,
834 772 971 810 recipere
989 774 1120 800 auctore

107 823 248 852 Domino
273 823 393 861 poterit
417 826 522 853 mater
545 824 688 853 Ecclesia
714 824 797 853 filios
822 824 1055 853 benedictionis
1089 826 1120 852 et

106 876 225 914 gaudii,
251 875 335 905 filios
361 876 455 905 factis
481 879 513 905 et
539 876 626 906 fama
660 876 816 914 pollentes
842 885 880 906 ac
913 876 996 906 filios
1022 877 1120 906 etiam

107 929 259 967 oportuni
283 929 394 958 auxilii
419 931 451 958 et
475 929 606 963 favoris,
631 929 696 958 tuis
720 932 753 958 et
776 929 876 968 ipsius
901 930 938 958 E.
963 930 1123 968 supplica-

105 981 249 1010 tionibus
267 981 423 1015 inclinati,
437 981 497 1010 tibi
516 984 549 1011 et
567 982 670 1011 eidem
690 982 727 1010 E.
746 984 794 1016 ut,
813 982 1045 1020 impedimento
1065 982 1123 1011 hu-

107 1034 250 1073 jusmodi
276 1043 339 1063 non
367 1035 529 1068 obstante,
556 1035 699 1073 copulari
725 1035 766 1064 ad
792 1035 930 1064 invicem
956 1035 1121 1064 matrimo-

106 1086 235 1116 nialiter
266 1087 414 1120 valeatis,
447 1087 644 1116 auctoritate
676 1088 875 1126 presentium
907 1087 1122 1126 indulgemus.

106 1139 193 1169 Nulli
225 1142 332 1169 nostre
362 1140 573 1169 concessionis
593 1143 654 1169 etc.
683 1141 760 1169 Dat.
791 1140 945 1178 Anagnie,
978 1140 1122 1170 kalendis

105 1192 291 1226 decembris,
328 1201 413 1221 anno
449 1195 613 1231 quarto.»

187 1332 276 1359 2697
598 1336 737 1367 Viterbe,
761 1337 778 1363 9
800 1337 928 1363 octobre
952 1337 1039 1363 1258.

144 1387 265 1414 Abbati
297 1387 498 1419 Pruliacensi‚
530 1389 648 1415 ordinis
680 1389 902 1421 Cistereiensis,
936 1389 1121 1416 Senonensis

106 1427 247 1459 diocesis,
273 1428 445 1460 guardiano
468 1428 614 1454 Fratrum
641 1428 799 1455 Minorum
833 1429 1057 1455 Parisiensium
1091 1431 1121 1455 et

105 1467 284 1500 praeposito
301 1467 329 1493 S.
346 1468 532 1499 Audomari,
557 1468 742 1494 Morinensis
766 1468 907 1499 diocesis,
930 1469 1063 1494 mandat
1086 1470 1119 1494 ut

106 1506 143 1532 de
158 1507 245 1532 statu
260 1507 443 1533 monasterii
458 1507 486 1533 S.
504 1507 641 1540 Remigii
656 1507 830 1539 Remensis,
846 1508 964 1534 ordinis
980 1508 1008 1534 S.
1024 1508 1121 1534 Bene-

107 1545 194 1575 dicti,
222 1553 258 1572 ac
282 1546 480 1579 prioratuum
506 1548 538 1572 et
563 1547 776 1573 membrorum
802 1547 879 1580 ejus,
906 1555 1028 1574 necnon
1056 1548 1117 1574 Od-

107 1585 197 1612 donis
237 1585 362 1612 abbatis
391 1586 488 1619 ipsius
517 1586 659 1613 coenobii
687 1588 718 1613 et
747 1587 888 1613 omnium
917 1594 1120 1621 personarum

108 1625 325 1651 habitantium
347 1626 378 1652 in
401 1626 518 1652 eisdem
541 1626 578 1652 de
600 1626 695 1660 plano
718 1626 891 1660 inquirant,
915 1629 946 1653 et
969 1627 1054 1660 quod
1076 1627 1121 1653 in—

106 1665 250 1691 venerint
279 1665 335 1691 sub
365 1665 474 1698 sigillis
504 1665 566 1691 suis
594 1666 732 1692 fideliter
760 1666 992 1693 transmittant.
1023 1667 1120 1699 (ΗΕΘ.

107 1703 155 1736 25,
175 1704 196 1730 f.
218 1704 285 1736 159,
306 1712 355 1731 an.
379 1705 431 1736 IV,
451 1713 476 1732 c.
497 1705 575 1737 2533
595 1705 767 1732 POTTAHST
788 1706 909 1739 17387.)

149 1792 192 1815 «..,
230 1781 335 1811 abbati
370 1781 578 1816 Pruliacensi,
614 1782 734 1811 ordinis
769 1782 992 1816 Cisterciensis,
1029 1783 1123 1812 Seno-

107 1833 214 1863 nensis
244 1834 418 1869 diocesis‚..‚
449 1834 632 1873 {quantiano
671 1835 802 1873 fratrum
834 1835 999 1864 Minorum
1030 1835 1123 1864 Pari-

106 1887 259 1916 siensium
292 1889 350 1921 et..‚
384 1887 539 1926 preposito
573 1888 680 1917 Sancti
712 1888 898 1922 Audomari,
926 1888 1122 1918 Morinensis

108 1939 248 1969 diocesis.
267 1940 399 1969 Dudum
416 1941 611 1979 quibusdam
628 1940 795 1970 monachis
810 1958 861 1969 --.
880 1941 956 1970 Dat.
973 1941 1122 1976 Viterbii,

107 1992 171 2022 VII
197 1993 269 2022 idus
295 1993 445 2027 octobris,
473 2002 557 2022 anno
585 1995 712 2032 quarto.
739 2004 751 2020 »

187 2136 278 2163 2698
590 2137 724 2170 Anagni,
738 2137 756 2163 4
771 2137 934 2163 decembre
949 2137 1036 2163 1258.

148 2189 274 2216 Decano
305 2189 334 2216 S.
366 2189 537 2216 Salvatoris
567 2190 715 2216 Metensis
744 2190 878 2216 mandat
907 2191 943 2216 ut
972 2190 1118 2223 episcopo

108 2229 241 2256 Metensi
264 2229 496 2256 absolutionem
520 2237 613 2263 super
635 2229 972 2256 excommunicationis
996 2231 1119 2256 senten-

107 2269 163 2301 tia,
176 2269 337 2295 occasione
348 2270 557 2302 quorumdam
567 2269 744 2295 debitorum
752 2269 828 2301 lata,
836 2269 1010 2302 impendat.
1020 2269 1117 2301 (ΗΒΕ.

109 2308 157 2339 25,
191 2309 211 2334 Ι.
248 2308 304 2335 149
341 2313 386 2340 v0,
420 2316 469 2335 an.
506 2309 558 2340 IV,
592 2316 615 2335 c.
649 2309 727 2341 254;
757 2307 986 2341 Rommmzno,
1008 2307 1032 2335 t.
1056 2306 1116 2339 ΙΙΙ,

110 2347 248 2381 110484.)

151 2436 206 2459 «..,
231 2425 344 2454 decano
370 2425 476 2455 Sancti
503 2425 671 2455 Salvatoris
695 2425 857 2454 Metensis.
884 2425 963 2455 Cum
987 2434 1119 2454 venera-

109 2477 180 2507 bilis
198 2477 298 2507 frater
314 2480 454 2512 noster..,
484 2478 652 2516 episcopus
668 2478 832 2512 Metensis‚
850 2478 1015 2507 occasione
1034 2477 1121 2507 debi—

109 2533 218 2560 torum
245 2531 277 2560 in
306 2531 423 2569 quibus
450 2533 581 2560 tenetur
619 2531 779 2560 nonnullis
807 2531 1040 2560 mercatoribus
1069 2531 1121 2560 Se-

110 2583 272 2617 nensibus,
291 2583 451 2613 sententia
470 2583 812 2613 excommunicationis
830 2584 1006 2622 apostolica
1024 2583 1120 2613 fuerit

110 2636 305 2666 auctoritate
325 2636 452 2673 ligatus,
472 2639 504 2665 et
523 2637 655 2665 tandem
674 2636 759 2665 inter
776 2646 848 2665 eum
869 2639 901 2665 et
920 2637 1022 2665 dictos
1041 2645 1123 2665 mer-

111 2691 244 2723 catores,
269 2689 432 2718 mediante
455 2689 572 2718 dilecto
594 2689 661 2718 filio
685 2691 794 2718 nostro
818 2690 871 2723 H.‚
896 2689 982 2718 tituli
1006 2689 1122 2719 Sancte

112 2742 228 2772 Sabine
254 2742 431 2780 presbitero
458 2742 622 2775 cardinali,
649 2742 709 2771 sub
736 2744 822 2771 certa
848 2742 951 2771 forma
978 2742 1123 2771 extiterit

112 2795 308 2829 ordinatum,
327 2794 510 2823 discretioni
528 2797 594 2828 tue,
613 2795 651 2823 de
668 2804 799 2823 assensu
817 2797 849 2824 et
865 2795 1035 2824 voluntate
1053 2804 1124 2833 pro-

111 2850 296 2877 curatorum
338 2849 553 2877 mercatorum
603 2847 799 2882 eorumdem,
841 2856 897 2886 per
947 2847 1123 2885 apostolica

112 2900 231 2938 scripta
271 2900 464 2930 mandamus
504 2900 657 2938 quatinus
697 2900 800 2929 eidem
840 2900 990 2938 episcopo
1030 2910 1124 2938 super

113 2953 225 2982 eadem
269 2953 429 2982 sententia
468 2952 661 2982 heneficium
703 2952 915 2982 absolutionis
950 2953 1119 2990 impendas

112 3006 188 3035 Dat.
212 3005 367 3044 Anagnie,
396 3006 425 3034 II
450 3015 549 3035 nonas
573 3005 760 3039 decembris,
783 3014 868 3034 anno
891 3008 1018 3044 quarto.
1043 3016 1054 3032 »

1304 408 1396 434 2699
1648 409 1784 447 Anagni,
1811 410 1850 439 22
1873 411 2046 439 novembre
2074 412 2151 445 1258

1267 459 1399 493 Rogero,
1417 463 1526 490 abbati
1546 465 1730 491 monasterii
1752 465 1779 492 S.
1802 465 1972 498 Augustini
1996 466 2231 495 Cantuariensis

1225 501 1369 527 concedit
1396 504 1431 528 ut
1458 500 1496 528 de
1517 505 1640 530 caetero
1664 505 1844 537 capellanus
1872 505 1970 538 ipsius
1997 513 2029 532 re
2051 508 2081 532 et
2104 508 2232 534 nomine

1226 542 1397 567 censeatur.
1423 542 1520 575 (REG.
1553 541 1602 572 25,
1627 544 1646 570 f.
1672 544 1728 570 149
1752 546 1802 578 v0,
1817 552 1866 571 an.
1891 545 1942 575 IV,
1972 552 1996 572 c.
2020 546 2102 578 254.)

1267 640 1279 655 «
1302 629 1430 667 Royan),
1450 631 1555 661 abbati
1575 633 1754 662 monasterii
1780 634 1887 663 Sancti
1905 634 2081 672 Auqustini
2095 636 2232 666 Cantua-

1226 683 1349 720 ricmis,
1368 684 1408 713 acl
1426 684 1600 714 Romanam
1615 686 1785 715 Ecclesiam
1808 687 1893 715 nullo
1915 687 2014 717 medio
2036 689 2231 726 pertinentis.

1229 734 1378 768 scientia,
1397 743 1500 763 mores
1519 736 1552 762 et
1566 751 1615 762 —.
1634 734 1709 763 Dat.
1729 735 1883 773 Anagnie‚
1909 735 1941 764 X
1960 736 2022 765 kal.
2046 738 2232 769 decembris,

1227 795 1311 816 anno
1331 789 1459 825 quarto.
1489 799 1500 813 »

1310 992 1402 1017 2700
1661 992 1794 1025 Anagni,
1816 992 1853 1018 22
1875 994 2045 1019 novembre
2068 994 2154 1021 1258.

1266 1044 1416 1078 Magistro
1441 1043 1580 1071 Radulfo
1609 1045 1646 1070 de
1670 1045 1912 1077 Freningeham,
1939 1046 2049 1072 clerico
2074 1046 2238 1074 Cantuari-

1231 1084 1312 1111 ensis
1347 1084 1487 1115 diocesis,
1522 1084 1665 1117 indulget
1699 1085 1744 1114 ut,
1779 1086 1903 1117 praeter
1930 1085 1992 1111 duo
2029 1086 2239 1113 ecclesiastiea

1230 1123 1385 1150 beneficia
1402 1130 1509 1149 curam
1527 1123 1704 1149 animarum
1722 1123 1884 1157 habentia,
1904 1132 2038 1157 quorum
2054 1132 2150 1152 unum
2166 1127 2239 1153 inti-

1230 1163 1370 1189 tulatum
1391 1164 1422 1189 et
1443 1163 1529 1189 aliud
1550 1163 1807 1190 commendatum
1821 1163 1929 1194 hahet,
1948 1171 2145 1198 quorumque
2169 1174 2239 1199 pro-

1230 1204 1345 1229 ventus
1379 1203 1545 1229 duodecim
1578 1203 1778 1229 marcharum
1814 1204 1935 1236 argenti
1966 1211 2124 1231 summam
2146 1207 2239 1232 annis

1230 1242 1361 1275 singulis
1402 1243 1574 1268 secundum
1616 1250 1814 1269 communem
1844 1241 2085 1270 extimationem
2118 1246 2240 1278 patriae

1230 1290 1294 1308 non
1315 1283 1481 1314 excedunt,
1504 1282 1603 1315 possit
1625 1282 1728 1308 adhuc
1752 1283 1813 1308 duo
1834 1283 1896 1309 alia
1912 1283 2076 1313 beneficia,
2100 1285 2196 1311 etiam
2215 1286 2240 1311 si

1231 1329 1338 1348 eorum
1358 1322 1491 1348 alterum
1511 1322 1648 1355 dignitas
1668 1323 1723 1348 aut
1744 1324 1929 1355 personatus
1949 1323 2066 1350 existat
2083 1326 2113 1350 et
2131 1325 2241 1351 similis

1231 1362 1259 1387 ei
1281 1368 1354 1387 cura
1377 1361 1551 1393 immineat,
1574 1362 1719 1395 recipere,
1738 1363 1767 1388 et
1792 1362 1816 1388 si
1838 1369 1936 1388 unum
1958 1364 2006 1388 vel
2036 1364 2097 1389 duo
2120 1371 2158 1390 ex
2179 1364 2241 1390 illis

1231 1408 1302 1427 eum
1323 1401 1478 1434 resignare
1499 1402 1676 1434 contigerit,
1700 1399 1793 1428 liceat
1814 1402 1840 1427 ei
1859 1403 1993 1428 totidem
2011 1403 2073 1428 alia
2090 1410 2161 1430 cum
2178 1404 2236 1430 hu-

1230 1440 1369 1474 jusmodi
1391 1448 1464 1467 cura
1485 1441 1551 1467 loeo
1576 1441 1700 1467 illorum
1722 1448 1802 1474 qnae
1822 1439 2027 1474 resignaverit
2057 1443 2193 1476 recipere
2209 1445 2241 1470 et

1231 1488 1302 1507 cum
1312 1481 1441 1514 reliquis
1451 1481 1594 1507 retinere.
1606 1481 1704 1513 (Rae.
1715 1479 1764 1512 25,
1774 1481 1795 1507 f.
1807 1478 1863 1507 159
1873 1483 1922 1508 v0.
1933 1488 1982 1508 an.
1996 1481 2047 1511 IV,
2058 1490 2082 1508 c.
2094 1480 2177 1515 256.)

1273 1594 1284 1609 α
1301 1583 1458 1621 Maqistro
1486 1583 1622 1620 Radullo
1649 1583 1685 1612 de
1713 1582 1953 1620 Freninqeham‚
1983 1583 2088 1613 clerico
2118 1584 2235 1614 Cantu-

1231 1636 1366 1665 ariensis
1391 1636 1531 1665 diocesis.
1558 1635 1744 1673 Apostolice
1771 1636 1860 1665 Sedis
1885 1636 2067 1674 benignitas
2093 1654 2142 1665 —.
2169 1637 2237 1666 Dat

1230 1689 1385 1727 Anagnie,
1410 1689 1442 1718 X
1464 1688 1528 1718 kal.
1553 1689 1739 1723 decembris,
1763 1697 1848 1718 anno
1872 1691 1999 1727 quarto.
2024 1700 2035 1716 »

1310 1882 1393 1907 2701
1734 1881 1873 1912 Viterbe‚
1894 1881 1930 1906 14
1947 1881 2052 1914 juillet
2072 1881 2158 1907 1258.

1270 1935 1436 1968 Hospitale
1461 1935 1489 1961 S.
1516 1935 1632 1960 Mariae
1657 1935 1688 1960 in
1714 1934 1808 1961 Saxia
1833 1934 1870 1959 de
1895 1934 1980 1960 Urbe
2005 1934 2061 1960 sub
2087 1940 2144 1960 sua
2168 1940 2239 1967 pro-

1228 1975 1366 2001 tectione
1396 1974 1527 2008 suscipit
1557 1981 1727 2007 omnesque
1757 1973 1823 2007 ejus
1853 1973 2062 2007 possessiones
2092 1980 2128 1999 ac
2157 1972 2239 1999 bona

1228 2021 1362 2047 quorum
1385 2014 1522 2047 plurima
1544 2013 1733 2040 nominatim
1765 2013 1903 2044 exhibet,
1927 2013 1998 2046 J'ura
2021 2014 2052 2038 et
2076 2012 2240 2046 privilegia

1228 2054 1406 2080 confirmat.
1427 2054 1524 2087 (REG.
1546 2053 1593 2085 25,
1614 2053 1634 2079 f.
1657 2053 1714 2079 149
1734 2057 1769 2079 v⁰
1789 2067 1800 2071 -
1822 2053 1878 2079 150
1898 2055 1944 2084 v0,
1965 2059 2015 2078 an.
2039 2052 2091 2083 IV,
2113 2060 2137 2078 c.
2158 2051 2237 2083 257;

1228 2094 1400 2120 POTTAHST
1435 2093 1555 2126 17345.)
1749 2108 1751 2110 -

1268 2209 1281 2224 «
1295 2220 1323 2231 ..,
1347 2197 1495 2235 mayistro
1517 2196 1696 2235 Hospitalis
1719 2195 1829 2225 Sancte
1850 2195 1957 2224 Marie
1981 2195 2012 2224 in
2036 2195 2144 2224 Xafcia
2167 2194 2238 2233 (sic)

1225 2250 1261 2279 de
1291 2250 1383 2283 Urbe,
1435 2249 1559 2288 ejusque
1585 2249 1735 2286 fratribus
1762 2250 1823 2277 tam
1850 2247 2044 2286 presentibus
2071 2256 2162 2285 quam
2188 2247 2237 2285 lu-

1224 2303 1314 2337 turis,
1344 2302 1514 2340 reyularem
1551 2302 1646 2332 vitam
1686 2301 1834 2340 professis
1865 2301 1896 2330 in
1925 2301 2118 2339 perpetuum.
2151 2300 2239 2330 Inter

1227 2365 1322 2394 opera
1350 2355 1481 2394 pietatis
1506 2373 1556 2384 -.
1585 2355 1661 2384 Dat.
1688 2354 1825 2383 Viterbii
1851 2363 1908 2392 per
1933 2362 2065 2383 manum
2092 2353 2236 2391 magistri

1226 2409 1372 2443 Jordani,
1388 2408 1509 2437 domini
1527 2417 1610 2446 pape
1628 2407 1817 2436 subdiaconi
1835 2409 1867 2435 et
1882 2406 2009 2440 notarii,
2033 2406 2063 2435 ΙΙ
2075 2406 2236 2444 idusjulii,

1226 2462 1402 2491 indictione
1417 2461 1454 2495 1³,
1477 2461 1712 2490 Incarnationis
1724 2460 1891 2489 Dominice
1903 2469 1988 2489 anno
2009 2460 2052 2488 M.
2065 2458 2237 2492 CCLVIII,

1228 2514 1440 2553 pontificatus
1457 2523 1532 2543 vero
1552 2513 1650 2543 donni
1668 2513 1738 2551 (sic)
1756 2512 1931 2542 Alexandri
1964 2521 2047 2551 pape
2068 2512 2134 2541 1111
2153 2520 2238 2541 anno

1229 2570 1356 2606 quarto.
1393 2579 1404 2594 n

1312 2793 1404 2818 2702
1722 2793 1859 2824 Viterbe,
1878 2793 1913 2819 10
1928 2792 2055 2818 octobre
2072 2791 2158 2817 1258.

1272 2848 1401 2875 Nicolao
1426 2848 1462 2873 de
1486 2847 1592 2878 Turre,
1616 2846 1763 2872 familiari
1785 2846 1863 2879 regis
1886 2845 2025 2878 Angliae,
2048 2844 2187 2877 indulget
2205 2845 2239 2870 ut

1232 2888 1441 2922 episcopalem
1468 2887 1665 2919 (lignitatem,
1692 2886 1717 2912 si
1742 2893 1812 2911 cum
1839 2886 1877 2910 ad
1902 2885 1989 2910 illam
2015 2884 2162 2910 canonice
2188 2891 2242 2910 vo-

1233 2929 1295 2954 cari
1321 2927 1497 2959 contigerit.
1523 2926 1657 2959 recipere
1683 2927 1712 2951 et
1738 2925 1870 2951 retinere.
1895 2924 2010 2954 valeat,
2037 2924 2161 2950 defectu
2187 2931 2242 2949 na-

1232 2968 1345 2994 talium
1371 2974 1463 2999 quem
1489 2966 1620 2999 patitur,
1647 2965 1683 2991 de
1709 2964 1810 2990 soluto
1836 2964 1959 2997 genitus
1984 2964 2015 2989 et
2040 2963 2152 2993 soluta,
2178 2970 2241 2989 non

1233 3008 1390 3033 obstante.
1415 3007 1511 3038 (ΒΕΘ.
1535 3006 1583 3037 25,
1606 3005 1626 3030 s.
1651 3005 1708 3030 160
1730 3007 1775 3035 νῦ,
1799 3011 1848 3029 an.
1875 3003 1926 3035 IV,
1950 3011 1974 3029 c.
1998 3003 2080 3036 258.)
