2477 3512
967 241 1239 288 CINQUIEME
1264 241 1431 280 ANNEE
2236 246 2256 277 3

138 358 175 388 et
195 356 334 388 ordines
356 355 415 397 qui
437 365 481 387 ex
504 355 653 397 receptis
674 354 804 386 eisdem
824 353 857 384 in
880 353 1138 395 prebendarum

139 409 357 441 assecutione
381 408 451 440 sint
475 408 551 439 aliis
576 407 783 449 proferendi.
807 406 1030 447 supradictas
1055 416 1140 447 quo-

139 472 205 503 que
231 461 426 493 sententias
450 461 554 501 juxta
567 461 718 491 formam
745 459 898 490 Ecclesie
925 459 1140 490 auctoritate

139 517 258 546 nostra
292 514 463 550 relaxans,
498 513 583 544 alias
616 522 703 554 quas
737 512 899 553 deinceps
932 511 965 542 in
999 512 1139 542 eosdem

139 568 311 599 decanum
349 569 384 598 et
421 566 617 607 capitulum
654 568 687 596 ct
726 564 906 596 eeclesiam
944 574 982 595 ac
1020 573 1139 595 eorum

139 629 305 662 personas
343 622 464 651 contra
504 618 705 658 hujusmodi
745 617 1002 648 ordinationem
1041 619 1140 648 tuam

139 672 355 715 promulgari
390 671 588 712 contigerit,
627 671 794 702 decernas
830 670 953 701 eadem
990 669 1142 700 auctori-

138 728 213 757 tate
242 725 358 756 irritas
386 727 421 756 et
448 724 593 760 inanes;
624 723 816 754 dummodo
854 722 959 753 iidem
989 723 1142 754 decanus

137 781 174 810 et
196 777 391 819 capitulum
415 777 529 808 dictos
551 778 710 817 receptos
739 785 808 806 non
838 775 1034 816 impediant
1057 775 1141 816 quin

138 831 335 873 prebendas
359 830 425 862 sibi
448 830 552 871 juxta
578 828 838 860 ordinationem
863 828 975 869 ipsam
1001 828 1042 859 de
1066 828 1142 869 jure

137 883 277 916 debitas
297 885 543 924 assequantur,
565 881 844 914 contradictores
864 884 931 912 etc.
954 881 1037 912 Dat.
1051 882 1144 912 Ana-

136 937 226 978 gnie,
252 936 304 967 Ill
328 936 405 967 idus
427 935 631 971 decembris,
655 944 747 966 anno
769 936 909 975 quarto.
933 946 944 962 »

217 1094 306 1119 2774
610 1093 743 1126 Anagnt,
770 1093 803 1118 12
825 1092 948 1125 janvicr
973 1092 1057 1118 1259.

162 1146 346 1173 'Alexandri
366 1154 465 1180 papae
490 1146 537 1172 III
558 1146 610 1179 qui
631 1146 820 1179 hospitalem
842 1146 879 1171 de
902 1145 1001 1171 Ponte
1024 1145 1146 1178 Populi,

138 1191 282 1217 Lucanae
302 1190 442 1221 diocesis,
463 1191 519 1216 sub
540 1191 575 1216 Α.
598 1190 684 1216 Sedis
706 1189 933 1223 protectionem
955 1191 1145 1222 susceperat,

137 1236 324 1262 decisionem
347 1235 526 1267 confirmat,
544 1236 637 1268 hujus
662 1235 813 1269 privilegii
836 1237 975 1261 tenorem
1000 1234 1145 1260 inserens.

140 1280 237 1313 (Bao.
254 1280 302 1311 25,
320 1280 339 1305 f.
359 1279 425 1311 188,
443 1287 491 1306 an.
509 1279 546 1311 Y,
563 1287 588 1306 e.
606 1280 647 1310 8.)

185 1380 196 1395 «
219 1391 238 1398 ..
260 1367 376 1398 rectori
398 1369 426 1398 el
445 1366 610 1407 fratribus
630 1365 811 1407 hospitalis
832 1366 870 1396 (Ie
892 1365 997 1396 Ponte
1018 1364 1145 1406 Populi

139 1420 183 1451 ad
214 1420 406 1452 Romanam
442 1418 628 1451 Ecclesiam
662 1418 756 1450 nullo
792 1417 900 1449 medio
933 1417 1144 1459 pertinentis,

138 1473 276 1505 Lucane
311 1473 462 1504 diocesis.
500 1472 623 1504 Felicis
659 1471 912 1503 recordationis
946 1470 1146 1502 Alexander

138 1535 231 1568 papa
271 1525 408 1562 tertius,
450 1526 674 1567 predecessor
713 1527 841 1560 noster,
883 1526 1063 1565 comperto
1103 1533 1145 1554 ex

138 1578 307 1611 relatione
337 1579 428 1610 bone
458 1578 625 1610 memorie
652 1578 693 1609 Β.
724 1577 819 1608 tituli
849 1577 978 1608 Sancte
1008 1576 1146 1608 Puden-

139 1631 234 1663 tiane
266 1631 448 1673 presbiteri
480 1631 680 1667 cardinalis,
713 1631 807 1672 quod
840 1631 924 1661 dum
956 1629 1029 1671 ipse
1060 1632 1145 1660 tunc

138 1685 173 1716 in
220 1685 380 1726 partibus
426 1684 490 1715 illis
535 1683 719 1724 legationis
764 1683 882 1714 officio
928 1683 1144 1724 fungeretur,

139 1738 236 1770 locus
267 1738 301 1769 111
335 1748 404 1779 (1110
439 1736 610 1778 hospitale
645 1739 801 1767 vestrum
835 1739 869 1767 01
902 1735 1045 1767 ecclesia
1078 1735 1144 1767 sita

139 1793 223 1823 sunt
259 1801 277 1822 a
317 1789 570 1831 temporalibus
607 1789 758 1820 dominis
794 1789 903 1830 ipsius
940 1788 1003 1819 loci
1042 1789 1145 1819 beato

140 1844 245 1875 Petro
272 1843 338 1874 [uit
364 1843 505 1874 oblatus
529 1846 564 1874 ct
589 1842 845 1883 subsequenter
870 1842 902 1872 111
928 1841 984 1882 jus
1008 1844 1043 1872 et
1069 1851 1148 1883 pro-

140 1897 330 1939 prietatem
364 1896 517 1928 Ecclesie
551 1896 712 1927 Romane
745 1895 789 1926 ab
822 1895 946 1926 eodem
979 1894 1148 1926 cardinali

141 1951 314 1991 receptus,
347 1949 463 1980 locum
493 1948 645 1980 eundern
676 1948 711 1979 in
740 1948 798 1989 jus
828 1950 863 1979 et
895 1947 1148 1989 proprietatem

139 2002 243 2035 Beati
275 2001 371 2034 Petri
403 2004 440 2033 et
472 2011 573 2033 suam
607 2004 714 2042 atque
748 2000 1006 2042 protectionem
1039 2000 1150 2042 Apos-

142 2056 246 2088 tolice
270 2055 368 2087 Sedis
391 2054 533 2096 recepit,
559 2057 721 2086 statuens
744 2053 836 2085 inter
859 2053 927 2085 alia
952 2054 1047 2095 quod
1071 2053 1152 2085 hos-

142 2108 250 2151 pitale
284 2111 320 2140 et
353 2107 498 2139 ecclesia
533 2107 738 2149 supradicta
775 2106 860 2137 nulli
896 2106 1049 2138 debeant
1085 2106 1149 2137 nisi

143 2161 295 2194 Ecclesie
323 2161 482 2192 Romane
509 2160 662 2196 subesse,
690 2160 739 2191 ita
767 2160 861 2201 quod
889 2170 962 2196 vos,
991 2160 1033 2190 ad
1061 2159 1150 2190 indi-

143 2215 237 2247 cium
278 2213 480 2255 hujusmodi
519 2213 694 2245 libertatis
734 2214 778 2245 ab
818 2212 1023 2254 Apostolica
1064 2213 1150 2243 Sede

145 2269 320 2310 percepte,
347 2266 412 2298 sibi
439 2266 580 2307 suisque
607 2266 864 2298 successoribus
891 2275 998 2297 unam
1024 2265 1149 2296 libram

144 2330 219 2353 cere
264 2319 466 2351 teneremini
512 2319 645 2350 solvere
689 2319 886 2351 annuatim.
932 2318 1046 2357 Quare
1089 2328 1150 2360 pro

145 2375 245 2415 parte
272 2375 389 2404 vestra
418 2372 484 2403 fuit
512 2372 612 2404 nobis
639 2372 819 2403 humiliter
845 2371 1083 2413 supplicatum
1112 2373 1152 2402 ut

145 2426 180 2457 id
206 2425 400 2467 apostolico
427 2425 620 2457 munimine
646 2425 821 2461 roborare,
849 2434 887 2456 ac
914 2424 1021 2456 etiam
1048 2433 1152 2465 super

146 2489 185 2510 eo
216 2479 308 2520 qnod
341 2478 561 2519 privilegium
590 2477 764 2509 libertatis
792 2477 951 2518 ejusdem
981 2487 1000 2508 a
1031 2477 1152 2518 prede·

151 2541 284 2563 cessore
320 2531 394 2573 ipso
430 2541 634 2563 concessum
669 2530 793 2572 incipit
829 2530 935 2562 nimia
972 2532 1152 2561 vetustate

147 2584 318 2621 consumi,
361 2583 546 2626 providere
586 2586 735 2625 paterna
778 2583 1012 2615 sollicitudine
1054 2593 1153 2615 cura-

148 2647 275 2669 remus.
305 2637 378 2669 Nos
406 2637 527 2678 itaque
556 2637 682 2668 vestris
710 2636 1030 2678 supplicationibus
1058 2636 1153 2667 111011-

150 2691 235 2728 nati,
259 2691 352 2733 quod
375 2700 480 2733 super
502 2690 679 2732 premissis
700 2690 744 2721 ab
766 2691 889 2722 codem
913 2691 1153 2732 predecessore

150 2745 283 2775 iactum
311 2746 361 2775 est
389 2746 505 2775 ratum
532 2746 568 2774 et
594 2743 737 2774 firmum
764 2743 945 2779 habentes,
974 2743 1006 2774 id
1034 2747 1154 2775 311010-

151 2797 257 2828 ritate
283 2796 474 2838 apostolica
501 2796 755 2827 confirmamus
779 2799 809 2827 et
840 2796 1010 2837 presentis
1035 2796 1155 2838 scripti

152 2849 347 2891 patrocinio
381 2849 654 2881 communimus.
689 2849 860 2880 'l'cnorein
894 2852 1012 2880 autem
1048 2849 1155 2891 ipsius

151 2901 321 2943 privilegii
353 2902 395 2933 de
426 2902 533 2933 verbo
566 2902 609 2933 ad
642 2902 789 2933 verbum
823 2902 1044 2943 presentibus
1076 2902 1156 2933 seci-

154 2963 232 2986 mus
255 2954 418 2987 annotari
441 2954 501 2996 qui
527 2954 604 2986 talis
626 2957 679 2986 est
703 2965 709 2985 :

1901 352 2034 386 Anagni,
2059 353 2071 379 1
2096 352 2173 386 juin.

1292 424 1304 438 «r
1337 410 1536 443 Alexander
1567 411 1763 452 episcopus,
1799 420 1920 441 servus
1959 420 2138 441 servorum
2178 411 2252 442 l)ei.

1248 482 1255 491 1
1275 467 1419 498 Dilectis
1449 467 1529 499 filiis
1560 468 1605 499 M.
1636 467 1773 501 rectori,
1804 469 1839 497 et
1870 466 2038 497 fratribus
2069 466 2251 507 hospitalis
2289 459 2291 461 ¹

1246 534 1256 545 0
1276 524 1317 554 de
1345 524 1456 555 Ponte
1485 524 1622 565 Populi,
1653 524 1803 555 salutem
1830 525 1866 554 et
1893 523 2123 563 apostolicam
2152 523 2254 554 benc—

1248 580 1476 612 «dictionem.
1510 581 1563 611 Ex
1602 580 1769 612 relatione
1809 579 1925 610 dilecti
1965 579 2025 609 11111
2066 580 2174 610 nostri
2213 580 2251 610 Β.

1249 637 1371 668 «tituli
1413 638 1540 668 Sancte
1581 636 1800 668 Pudentiane
1842 636 2024 676 presbiteri
2067 636 2254 667 cardinalis

1250 708 1259 719 κ
1276 694 1463 725 manifeste
1493 693 1729 735 comperimus
1760 693 1853 734 quod
1887 692 1979 728 olim,
2012 692 2151 723 (111111111
2178 702 2255 733 1131·-

1250 750 1373 781 (11111115
1403 750 1526 781 vestris
1554 749 1738 791 legationis
1766 749 1970 790 fungeretur
1998 748 2125 783 0111010,
2156 748 2252 779 100115

1251 807 1311 838 1(111
1346 817 1415 848 (1110
1450 807 1621 848 hospitale
1655 806 1770 847 ipsum
1803 808 1839 837 et
1871 805 2013 836 ecclesia
2047 805 2113 836 sita
2147 808 2199 836 est
2234 815 2252 836 a

1250 863 1428 895 «dominis
1463 864 1505 894 de
1540 863 1656 895 Cassio
1690 863 1813 899 Balbo,
1848 872 1998 903 quornm
2034 863 2125 893 idem
2160 862 2255 893 locus

1251 933 1262 945 «ι
1278 922 1364 956 erat,
1405 920 1509 951 beato
1547 920 1651 951 Petro
1689 919 1831 950 oblatus
1867 919 1945 955 suit,
1993 928 2097 960 quem
2135 918 2256 959 utique

1252 976 1372 1008 «idem
1400 976 1587 1008 cardinalis
1615 976 1648 1007 111
1676 976 1733 1017 jus
1760 979 1795 1007 et
1824 976 2076 1017 proprietatem
2106 975 2257 1006 Ecclesie

1252 1033 1441 1064 «Romane
1476 1033 1608 1074 recepit
1641 1035 1677 1064 et
1711 1033 1842 1065 ibidem
1877 1032 2049 1073 hospitale
2083 1034 2114 1063 01
2152 1032 2258 1063 00010-

1253 1090 1367 1121 «siam
1397 1089 1610 1121 bedificandi
1643 1089 1730 1129 (sic)
1760 1089 1973 1120 auctoritate
2004 1091 2121 1119 nostra
2151 1088 2258 1119 130111-

1253 1149 1393 1178 «tatem
1439 1146 1620 1182 concessit,
1669 1156 1730 1187 pro
1776 1146 1904 1187 quibus
1951 1145 2072 1186 utique
2118 1155 2259 1176 annuus

1253 1213 1404 1235 «census
1440 1203 1542 1234 11111115
1577 1203 1662 1234 libre
1696 1212 1771 1234 cere
1809 1203 1968 1233 Romane
2003 1201 2070 1232 suit
2106 1201 2258 1233 licclesie

1254 1259 1509 1291 «constitutus.
1536 1259 1607 1290 Nos
1631 1259 1747 1300 igitur,
1773 1261 1913 1300 recepta
1936 1261 2035 1290 carta
2060 1258 2260 1289 donationis

1254 1317 1439 1357 «ejusdem
1466 1316 1542 1352 1001,
1570 1325 1649 1347 eum
1676 1315 1709 1346 111
1735 1315 1792 1356 jus
1818 1317 1852 1346 et
1880 1314 2133 1356 proprietatem
2158 1315 2260 1346 Beati

1254 1386 1265 1399 a
1284 1373 1377 1405 Petri
1411 1376 1445 1405 et
1482 1375 1640 1404 nostram
1675 1375 1783 1413 atque
1817 1371 2075 1413 protectionem
2110 1371 2261 1412 Aposto-

1254 1430 1344 1461 «lice
1375 1430 1473 1461 Sedis
1502 1429 1697 1471 recepimus
1725 1431 1759 1459 et
1792 1428 1962 1470 presentis
1992 1428 2113 1469 scripti
2142 1430 2261 1469 patro-

1255 1500 1266 1515 «
1282 1487 1371 1519 cinio
1395 1486 1666 1522 communimus,
1689 1487 1889 1517 statuentes
1913 1487 1949 1516 ut
1972 1485 2065 1516 idem
2088 1484 2261 1525 hospitale

1255 1557 1267 1571 u
1282 1546 1315 1575 et
1347 1542 1490 1574 00010513
1522 1541 1607 1573 1111111
1638 1542 1702 1573 nisi
1734 1542 1894 1573 Romane
1926 1541 2078 1572 Ecclesie
2108 1541 2262 1572 debeant

1255 1601 1423 1632 «subesse
1466 1609 1527 1630 nec
1568 1599 1753 1640 011150011115
1794 1599 1958 1629 Lucanus
1998 1600 2061 1628 aut
2102 1597 2261 1629 canonici

1255 1668 1342 1689 «seu
1375 1657 1546 1699 plebanus
1579 1655 1705 1697 aliquis
1738 1655 1792 1687 vel
1825 1655 1981 1696 quelibet
2013 1654 2080 1686 alia
2114 1664 2262 1696 persona

1256 1728 1268 1743 «
1283 1715 1317 1746 111
1342 1713 1514 1755 hospitale
1538 1715 1601 1745 aut
1623 1713 1657 1744 in
1681 1712 1823 1744 ecclesia
1848 1714 1965 1743 vestra
1989 1721 2048 1742 seu
2072 1711 2105 1742 111
2130 1711 2261 1752 presbi-

1257 1774 1359 1803 «tero
1384 1771 1440 1802 vel
1465 1770 1540 1802 aliis
1566 1769 1721 1811 personis
1747 1769 1876 1800 ibidem
1902 1768 2094 1799 conditoris
2119 1768 2261 1799 servitio

1257 1827 1465 1869 «deputatis
1512 1829 1727 1868 potestatem
1773 1825 1837 1857 sibi
1882 1825 1937 1856 vel
1981 1824 2263 1865 jurisdictionem

1257 1885 1441 1926 «aliquam
1478 1883 1715 1925 spiritualium
1752 1882 1807 1913 vel
1845 1881 2095 1922 temporalium
2133 1881 2264 1912 audeat

1258 1941 1483 1977 «vendicare,
1528 1941 1587 1971 sed
1633 1942 1707 1970 tam
1752 1938 1925 1979 hospitale
1969 1947 2076 1978 quam
2118 1937 2261 1969 ecclesia

1258 2008 1365 2030 «cum
1391 1997 1546 2039 personis
1570 1996 1701 2027 ibidem
1726 1994 1962 2030 manentibus,
1989 1994 2032 2025 ab
2058 1993 2153 2025 omni
2175 1994 2259 2035 jugo

1258 2058 1320 2087 «et
1351 2054 1570 2095 subjectione
1602 2052 1745 2084 alterius
1776 2052 1884 2083 libera
1916 2051 1950 2082 in
1983 2053 2193 2092 perpetuum
2224 2053 2259 2081 et

1260 2112 1449 2143 «absoluta
1484 2110 1626 2141 existat.
1662 2109 1714 2140 Ad
1750 2108 1915 2139 inditium
1949 2110 2069 2138 autem
2104 2106 2208 2147 hujus
2241 2116 2260 2138 a

1258 2169 1373 2200 «Sede
1406 2167 1607 2209 Apostolica
1640 2168 1802 2208 percepte
1833 2164 2018 2201 libertatis,
2052 2163 2151 2194 nobis
2183 2173 2260 2194 nos-

1259 2225 1420 2266 «trisque
1458 2223 1717 2256 successoribus
1756 2231 1863 2253 unam
1901 2221 2027 2252 libram
2056 2230 2131 2252 cere
2157 2220 2259 2251 annis

1260 2296 1272 2311 ι(
1287 2281 1430 2323 singulis
1461 2279 1678 2322 persolvetis.
1706 2279 1800 2310 Nulli
1827 2280 1944 2309 nostre
1971 2276 2199 2318 protectionis
2228 2279 2263 2307 et

1259 2337 1551 2370 «constitutionis
1585 2339 1651 2368 etc.
1688 2336 1722 2367 Si
1757 2335 1834 2377 quis
1869 2337 1935 2366 etc.
1972 2335 2055 2365 Dat.
2091 2333 2260 2373 Anagnie,

1260 2409 1271 2423 ‹(
1288 2395 1356 2427 kal.
1377 2394 1465 2436 junii
1496 2394 1518 2425 ².
1543 2407 1554 2421 »

1307 2451 1399 2483 Nulli
1432 2454 1548 2482 nostre
1576 2449 1855 2481 confirmationis
1883 2451 1950 2479 etc.
1981 2448 2063 2478 Dat.
2093 2446 2261 2487 Anagnie,

1265 2511 1296 2541 ΙΙ
1323 2510 1400 2540 1(1115
1422 2508 1586 2549 januarii,
1612 2517 1704 2538 anno
1729 2506 1866 2548 quinto.
1893 2518 1905 2533 »

1341 2685 1432 2710 2775
1735 2682 1868 2713 Armeni,
1895 2681 1928 2707 is
1950 2680 2073 2714 janvier
2097 2679 2181 2705 1259.

1304 2738 1451 2772 Magistro
1476 2739 1507 2763 et
1532 2737 1680 2763 fratribus
1705 2735 1868 2769 hospitalis
1893 2735 1921 2761 S.
1948 2733 2083 2760 Assentii
2108 2731 2263 2764 Anagnini

1263 2783 1403 2816 indulget
1428 2784 1461 2808 ut
1487 2782 1524 2807 de
1548 2781 1638 2814 lignis
1661 2780 1764 2806 incisis
1788 2779 1836 2805 vel
1861 2779 1947 2805 siccis
1971 2778 2066 2804 silvae
2090 2776 2264 2802 communis

1262 2826 1446 2860 Anagninac
1461 2833 1516 2859 pro
1529 2825 1636 2851 usibus
1647 2831 1821 2858 pauperum
1833 2823 1864 2849 in
1876 2821 2022 2856 hospitali
2036 2828 2141 2848 eorum
2155 2820 2266 2853 degen-

1261 2871 1358 2902 tibus,
1375 2870 1514 2903 accipere
1530 2869 1667 2895 valeant.
1685 2868 1781 2901 (HEG.
1799 2867 1847 2898 25,
1864 2867 1884 2893 f.
1903 2866 1969 2898 188,
1986 2873 2025 2892 311
2042 2866 2066 2890 Υ
2084 2872 2108 2891 0.
2126 2864 2166 2897 9).

1296 2962 1318 2983 1.
1336 2962 1372 2983 La
1387 2961 1446 2983 date
1460 2960 1566 2982 d'annee
1580 2965 1698 2985 manquo.
