2477 3512
189 294 256 328 335
914 284 1173 319 REGISTRES
1190 283 1526 319 D’ALEXANDRE
1541 283 1590 318 Ν

189 390 300 428 ipsum
325 390 503 427 spectante,
530 386 614 415 ultra
640 383 782 423 prefatas
806 383 940 422 triginta
965 383 1062 414 libras
1086 383 1147 412 tibi
1168 384 1202 412 et

191 442 296 472 eidem
310 440 462 474 cantorie,
477 438 621 477 diligenti
635 436 866 466 deliberatione
878 435 1059 474 prehabita,
1074 444 1201 465 conces-

191 497 316 529 serunt,
332 496 365 523 et
379 494 411 522 in
427 493 619 531 perpetuum
635 489 851 528 assignarunt,
863 488 1002 527 proutin
1011 487 1200 526 patentibus

191 547 306 577 litteris
333 554 442 575 eorum
470 543 623 573 coniectis
650 542 766 571 exinde
793 550 831 571 ac
856 541 965 579 sigillis
992 541 1134 579 ipsorum
1161 541 1202 570 si-

189 600 296 640 gnatis
320 598 443 637 plenius
467 597 660 626 continetur.
686 595 753 625 Nos
777 595 888 633 itaque
912 594 1055 632 ipsorum
1079 595 1113 622 et
1136 593 1201 623 tuis

190 651 480 691 supplicationibus
497 649 653 683 inclinati,
672 648 759 687 quod
776 656 872 686 super
889 646 1050 685 premissis
1066 647 1202 684 provide

192 706 316 735 factum
341 706 391 733 est
414 705 522 733 ratum
548 704 581 731 et
605 701 736 731 firmum
755 701 921 735 habentes,
946 700 978 729 id
1004 700 1201 730 auctoritate

190 757 366 796 apostolica
393 755 632 789 confirmamus,
658 757 691 784 et
716 754 872 793 presentis
890 754 1001 792 scripti
1021 753 1201 792 patrocinio

191 809 438 840 communimus.
464 808 621 837 Tenorem
648 810 758 836 autem
784 807 965 836 litterarum
992 807 1134 844 ipsarum
1162 806 1201 836 de

191 864 291 893 verbo
320 863 361 892 ad
390 861 526 891 verbum
555 860 689 890 fecimus
719 860 922 898 presentibus
951 859 1112 893 annotari,
1145 859 1200 898 qui

191 916 265 946 talis
299 918 348 945 est
384 925 389 944 :

887 1053 925 1083 21
946 1053 1016 1090 juin
1041 1052 1118 1086 1258

233 1122 245 1137 «
269 1109 477 1139 Sanctissimo
496 1109 580 1146 patri
597 1117 635 1137 ac
651 1107 783 1137 domino
802 1106 996 1139 Alexandro,
1016 1105 1197 1143 provisione

192 1175 203 1189 «
226 1163 333 1193 celesti
351 1164 552 1192 sacrosancte
572 1162 718 1190 Romane
737 1159 876 1189 Ecclesie
893 1168 1020 1188 summo
1038 1158 1197 1196 pontifici,

192 1229 203 1243 α
226 1217 425 1255 Aymericus,
460 1215 667 1253 permissione
701 1214 811 1243 divina
846 1213 1083 1242 Lemovicensis
1116 1213 1198 1250 epis-

192 1282 202 1294 «
226 1279 335 1308 copus,
356 1270 509 1308 magister
529 1268 650 1301 Helias,
672 1268 812 1296 decanus
832 1269 863 1295 et
885 1266 1063 1304 capitulum
1084 1265 1197 1294 Lemo-

191 1336 203 1351 «
225 1324 378 1356 vicenses,
406 1322 525 1361 pedum
552 1322 659 1351 oscula
687 1321 867 1350 beatorum.
897 1320 980 1349 Olim
1006 1319 1038 1348 in
1065 1318 1197 1348 ecc¹esia

191 1390 203 1404 α
225 1380 336 1406 nostra
361 1376 505 1405 cantoria
525 1375 629 1415 ,ipsius
653 1374 782 1403 ecc¹esie
808 1377 887 1403 tunc
911 1375 1059 1406 vacante,
1086 1373 1124 1401 de
1149 1381 1198 1401 as-

191 1442 203 1457 «
225 1439 319 1460 sensu
340 1429 506 1459 reverendi
528 1428 629 1466 patris
652 1429 733 1457 bone
755 1427 907 1457 memorie
930 1426 1096 1459 Guidonis,
1119 1428 1197 1455 tunc

191 1496 202 1509 ’.ι
226 1482 463 1513 Lemovicensis
497 1482 648 1520 episcopi,
684 1490 742 1510 nos
777 1481 916 1510 decanus
950 1483 983 1509 et
1017 1480 1196 1517 capitulum

192 1550 203 1565 «
226 1539 378 1567 duximus
399 1536 611 1565 statuendum
633 1537 669 1564 ut
692 1544 748 1573 pro
770 1534 931 1572 prebenda
955 1533 996 1562 ad
1018 1533 1197 1562 cantoriam

191 1604 203 1618 «
225 1592 404 1629 spectante,
425 1591 572 1618 cantores
592 1588 647 1626 qui
669 1597 725 1625 pro
756 1590 900 1624 tempore
929 1588 1045 1620 cszent,
1068 1586 1105 1614 de
1126 1594 1196 1623 pro-

192 1656 203 1670 «
225 1644 376 1673 ventibu
403 1642 536 1680 capitu¹i
562 1641 662 1670 nostri
689 1641 821 1679 triginta
847 1640 943 1668 libras
969 1638 1198 1668 tantummodo

192 1709 204 1723 «
226 1697 429 1735 perciperent
450 1694 632 1727 annuatim,
656 1694 730 1723 licet
752 1693 915 1731 prebenda
938 1692 1068 1721 ecclesie
1090 1694 1197 1720 nostre

193 1763 203 1777 a
225 1750 343 1780 statuti
368 1749 448 1778 tacti
474 1750 619 1785 tempore
644 1745 851 1776 tantumdem
876 1745 907 1774 in
934 1754 1042 1774 annuo
1069 1744 1198 1773 redditu

191 1815 203 1829 «
225 1812 288 1833 non
320 1803 452 1832 valeret.
485 1801 552 1830 Nos
581 1803 692 1829 autem
722 1800 930 1829 attendentes
952 1798 1038 1836 quod
1070 1797 1199 1827 ecclesie

193 1868 204 1883 a
226 1859 334 1886 nostre
371 1858 534 1885 statutum
572 1854 757 1892 hujusmodi
796 1853 1019 1891 multipliciter
1067 1852 1199 1890 expedit

191 1921 203 1935 «
225 1908 398 1941 observari,
425 1908 466 1936 ad
494 1907 670 1936 tollendam
696 1915 825 1935 ornnem
855 1907 1072 1938 contentionis
1097 1911 1200 1938 mate-

197 1974 207 1984 υ
225 1962 307 1990 riam
332 1970 394 1999 que
419 1969 459 1989 ex
482 1959 688 1998 perceptione
715 1960 800 1988 dicte
815 1959 976 1997 prebende
991 1969 1089 1999 quam
1104 1962 1201 1991 habe-

194 2028 204 2040 «
228 2015 308 2043 bant
336 2016 493 2047 cantores,
523 2015 662 2051 poterat,
691 2014 788 2050 prout
816 2020 855 2041 ex
884 2012 1078 2050 quibusdem
1105 2023 1200 2052 expe-

190 2078 203 2090 ο
227 2067 373 2096 rimentis
405 2067 587 2100 didicimus,
620 2065 799 2103 provenire,
831 2068 863 2094 et
895 2066 936 2094 ad
969 2067 1198 2096 removendam

194 2136 203 2146 Ἰι
226 2120 440 2158 perceptionis
461 2119 707 2158 inequalitatem
730 2127 803 2147 cum
824 2118 855 2147 in
878 2118 1109 2148 distribuendis
1131 2128 1200 2157 per-

192 2187 204 2201 «
226 2173 428 2211 ceptionibus
447 2174 549 2202 soleat
568 2172 598 2200 in
621 2171 751 2200 ecclesia
768 2174 876 2200 nostra
892 2172 1083 2209 generaliter
1102 2182 1200 2211 equa-

195 2239 207 2255 «
226 2227 299 2256 litas
312 2226 486 2260 observari,
499 2227 661 2255 statutum
674 2225 779 2262 ipsum
791 2233 849 2253 nos
860 2224 1040 2262 episcopus,
1059 2225 1199 2255 decanus

193 2292 206 2307 u
227 2283 257 2309 et
283 2280 461 2317 capitulum
486 2278 681 2307 unanimiter
706 2277 857 2306 duximus
881 2278 1141 2314 approbandum,
1166 2282 1197 2308 et

191 2344 204 2361 α
227 2333 265 2362 de
283 2340 438 2361 consensu
452 2331 644 2360 venerabilis
663 2331 721 2359 viri
737 2330 902 2363 Guidonis.
917 2331 1057 2359 cantoris
1069 2333 1198 2361 ecclesie

194 2398 205 2412 a
227 2389 343 2417 vestre.
364 2386 416 2423 qui
435 2394 474 2413 ex
494 2384 691 2422 indulgentia
713 2383 802 2413 Serlis
822 2384 1005 2420 Apostolice
1025 2393 1102 2422 supe
1139 2385 1198 2415 hoc

193 2449 206 2466 ι
222 2439 395 2476 impetrata
410 2439 563 2467 adversus
578 2440 741 2466 statutum
768 2436 950 2474 predictum
966 2438 1006 2466 ad
1022 2439 1200 2476 perceptio—

196 2508 205 2517 «.
229 2500 302 2520 nem
324 2491 466 2529 predicte
499 2490 660 2528 prebende
681 2499 713 2519 se
735 2493 766 2519 et
789 2491 968 2520 cantoriam
990 2491 1121 2520 admitti
1144 2501 1199 2529 per

195 2556 206 2570 «
230 2543 421 2573 beneficium
442 2543 657 2572 restitutionis
679 2543 709 2572 in
733 2543 894 2581 integrum
909 2544 1107 2581 postu‘abat,
1125 2553 1198 2573 con-

195 2608 207 2623 «
230 2597 368 2625 corditer
387 2599 417 2625 et
439 2596 634 2625 unanimiter
653 2596 881 2626 innovavimus
903 2596 961 2625 hoc
981 2600 1145 2627 statutum
1165 2600 1197 2625 ct

196 2662 205 2675 α
229 2659 297 2683 nos,
312 2650 451 2678 decanus
465 2652 497 2678 et
511 2650 700 2687 capitulum,
716 2649 775 2678 hoc
789 2652 952 2679 statutum
967 2658 1023 2688 per
1034 2651 1198 2688 juramen-

194 2714 206 2729 «
225 2705 296 2732 tum
317 2712 333 2732 a
356 2703 471 2732 dilecto
492 2702 688 2732 concanonio
703 2705 812 2731 nostro
826 2702 980 2740 magistro
996 2703 1142 2741 Segufflo,
1157 2703 1198 2732 ad

196 2767 207 2781 «
230 2756 289 2784 hoc
316 2765 333 2785 a
362 2756 452 2785 nobis
479 2756 612 2793 syndico
640 2756 829 2789 constituto,
864 2756 896 2785 in
924 2765 1039 2785 manus
1074 2759 1198 2786 vestras

197 2820 208 2834 α
229 2809 402 2846 prestitum
442 2809 646 2847 promisimus
687 2812 719 2837 et
759 2809 962 2838 firmavimus
1002 2813 1198 2844 servaturos,

196 2872 208 2887 «
230 2862 374 2890 volentes
389 2862 488 2891 etiam
503 2865 534 2891 et
550 2862 736 2891 ordinantes
752 2865 787 2890 ut
803 2871 859 2900 pro
875 2862 1038 2900 prebenda
1053 2863 1197 2900 predicta

197 2924 211 2940 c
231 2922 284 2943 seu
305 2915 465 2951 prebende
481 2915 625 2952 predicte
642 2915 782 2949 nomine,
800 2916 907 2944 nullus
925 2917 1039 2944 cantor
1056 2916 1198 2945 cantorie

197 2977 210 2992 a
230 2967 359 2996 nomine
384 2967 501 2997 habeat
526 2968 575 2997 vel
600 2969 755 3006 percipiat
780 2968 950 2998 annuatim
975 2969 1006 2998 in
1031 2971 1196 3007 posterum

1309 392 1323 409 α
1344 382 1429 412 ultra
1445 382 1578 421 triginta
1595 383 1692 413 libras
1706 383 1852 422 superius
1868 383 2052 414 nominatas
2067 385 2172 415 eidem
2188 385 2312 416 cantori

1311 446 1323 462 α
1344 435 1376 464 in
1397 435 1522 466 duobus
1542 436 1687 466 terminis
1705 436 1915 475 synodalibus
1934 438 2172 475 persolvendas.
2192 438 2313 469 Verum

1310 489 1419 527 «quia
1453 489 1597 519 cantoria
1632 490 1828 520 honorabilis
1860 492 1910 519 est
1943 490 2084 528 dignitas
2116 491 2147 520 in
2181 491 2313 522 ecclesia

1310 553 1322 568 «
1344 544 1454 572 nostra
1472 545 1503 571 et
1522 545 1700 580 proventus
1716 543 1817 581 ipsius
1833 546 1911 573 sunt
1927 543 2008 574 satis
2025 546 2138 574 tenues
2155 547 2188 574 et
2204 544 2315 580 exiles,

1310 607 1322 622 «
1344 604 1401 625 nos
1425 596 1467 626 ad
1493 595 1689 626 tenuitatem
1714 598 1933 634 proventuum
1957 597 2058 635 ipsius
2083 597 2227 627 cantorie
2251 606 2316 628 res·

1310 660 1322 675 «
1344 651 1474 686 pectum
1512 648 1628 678 hahere
1655 649 1811 683 volentes,
1848 658 1956 679 rursus
1992 650 2148 680 habentes
2216 650 2316 681 intui-

1310 713 1322 728 «
1344 704 1415 730 tum
1437 702 1478 731 ad
1502 701 1616 731 merita
1641 701 1718 731 dicti
1741 702 1892 737 cantoris,
1917 702 1972 741 qui
1994 703 2141 732 officium
2163 703 2250 742 quod
2272 703 2314 734 ad

1310 765 1322 781 α
1344 755 1465 784 dictam
1486 755 1665 784 cantoriam
1687 755 1828 793 pertinet
1849 755 1944 793 digne
1963 758 1997 785 et
2017 756 2224 786 laudabiliter
2242 764 2316 786 nos-

1309 818 1322 834 «
1343 807 1428 836 citur
1455 807 1641 844 adimplere,
1663 817 1720 837 nos
1742 808 1882 838 decanus
1901 810 1933 838 et
1953 808 2144 847 capitulum,
2167 808 2316 840 dedimus

1310 871 1322 887 α
1343 860 1518 890 liberaliter
1537 863 1569 890 et
1591 860 1806 891 concessimus
1826 861 1952 899 prefato
1974 862 2098 891 cantori
2119 864 2152 892 et
2171 862 2315 892 cantorie

1309 924 1320 939 «
1342 912 1373 942 in
1399 916 1602 952 perpetuum,
1628 913 1811 952 quindecim
1836 914 1932 944 libras
1957 915 2056 944 annui
2078 915 2236 949 redditus.
2259 924 2317 945 vo-

1309 977 1320 991 «
1343 966 1454 1000 lentes,
1479 969 1662 996 statuentes
1687 969 1719 996 et
1744 967 1932 997 ordinantes
1958 970 1994 997 ut
2020 968 2105 998 ultra
2131 967 2234 998 dictas
2259 966 2316 997 tri-

1309 1029 1320 1044 «
1341 1017 1432 1057 ginta
1466 1019 1574 1054 libras,
1609 1029 1689 1058 quas
1724 1023 1854 1050 tantum
1888 1029 1946 1058 pro
1979 1021 2106 1059 prefata
2152 1020 2316 1059 prebenda

1308 1083 1319 1098 «
1341 1080 1397 1102 seu
1417 1072 1562 1110 ejusdem
1583 1073 1743 1111 prebende
1763 1073 1893 1103 nomine
1913 1076 2062 1103 cantores
2082 1073 2137 1113 qui
2157 1082 2214 1112 pro
2235 1076 2317 1103 tem-

1308 1136 1319 1150 «
1341 1133 1418 1162 pore
1448 1124 1570 1154 fuerint
1601 1126 1780 1164 percipient
1810 1126 1842 1156 in
1874 1126 2033 1161 futurum,
2065 1126 2249 1166 quindecim
2280 1126 2317 1156 li-

1307 1189 1319 1203 «
1341 1177 1415 1207 bras
1433 1178 1472 1207 de
1491 1179 1703 1216 proventibus
1722 1180 1823 1209 nostri
1843 1180 1977 1218 capituli
1993 1180 2092 1210 iidem
2111 1182 2259 1210 cantores
2275 1188 2317 1210 ex

1308 1242 1319 1257 «
1342 1230 1401 1260 hac
1420 1234 1530 1261 nostra
1550 1231 1746 1262 liberalitate
1764 1235 1797 1262 et
1807 1242 1892 1263 nova
1911 1233 2116 1263 ordinatione
2134 1233 2316 1272 percipiant

1307 1295 1318 1310 «
1341 1284 1512 1313 annuatim
1532 1285 1563 1314 in
1583 1285 1729 1315 terminis
1747 1286 1896 1324 superius
1911 1286 2099 1321 annotatis;
2115 1295 2214 1325 quam
2230 1287 2317 1317 solu-

1307 1348 1319 1363 «
1340 1337 1464 1366 tionem
1490 1347 1548 1368 nos
1575 1339 1716 1370 decanus
1743 1341 1776 1368 et
1802 1340 1984 1378 capitulum
2005 1339 2213 1378 promisimus
2239 1340 2316 1371 libe-

1307 1402 1318 1416 «
1339 1390 1451 1420 raliter
1464 1391 1569 1421 facere
1584 1392 1616 1421 in
1634 1392 1778 1421 terminis
1793 1393 1993 1427 memoratis,
2007 1395 2039 1422 et
2053 1393 2095 1423 ad
2110 1401 2182 1423 earn
2197 1393 2317 1424 facien-

1308 1455 1318 1469 «
1341 1443 1416 1473 dam
1446 1453 1504 1473 nos
1531 1444 1744 1475 astrinximus
1772 1448 1803 1474 et
1834 1446 1984 1475 volumus
2013 1446 2158 1484 obligari.
2189 1446 2317 1478 Placuit

1308 1508 1319 1523 «
1340 1497 1441 1526 etiarn
1456 1497 1548 1526 nohis
1564 1501 1599 1527 ut
1613 1498 1665 1536 jus
1677 1501 1870 1536 patronatus
1885 1500 2016 1528 ecclesie
2031 1500 2070 1528 de
2081 1499 2218 1534 Condat,
2229 1499 2316 1538 quod

1306 1550 1372 1579 «in
1403 1550 1471 1588 ipsa
1502 1551 1635 1581 ecclesia
1664 1560 1722 1581 nos
1753 1552 1893 1582 decanus
1923 1555 1957 1582 et
1987 1553 2168 1591 capitulum
2199 1553 2316 1583 habere

1308 1614 1319 1629 «
1341 1603 1548 1638 dinoscimur,
1577 1604 1682 1633 dictus
1709 1607 1823 1634 cantor
1847 1608 1879 1634 et
1906 1605 2051 1635 cantoria
2078 1608 2235 1644 perpetuo
2261 1606 2318 1636 ha-

1308 1668 1319 1682 «
1341 1656 1452 1691 beant,
1470 1657 1642 1696 ipsumque
1659 1657 1711 1695 jus
1729 1660 1924 1695 patronatus
1942 1658 2038 1687 dictis
2055 1658 2181 1688 cantori
2193 1660 2225 1688 et
2241 1666 2318 1688 can-

1308 1720 1319 1736 «
1341 1709 1422 1738 torie
1450 1709 1666 1740 concessimus
1693 1712 1726 1739 et
1754 1710 1990 1749 assignavimus
2018 1714 2175 1750 perpetuo
2203 1710 2318 1741 libera-

1309 1773 1319 1788 «
1342 1761 1415 1791 liter
1439 1764 1472 1791 et
1497 1754 1770 1800 gratanter.'N0s
1808 1772 1884 1792 vero
1910 1764 2091 1802 episcopus,
2118 1764 2259 1793 decanus
2284 1766 2318 1793 et

1309 1825 1320 1840 «
1342 1814 1523 1852 capitulum
1563 1818 1597 1844 et
1636 1823 1694 1854 ego
1736 1816 1852 1850 Guido,
1894 1819 2008 1846 cantor
2059 1817 2318 1847 Lemovicenses.

1309 1879 1320 1893 «
1343 1867 1398 1906 qui
1424 1868 1608 1906 predictum
1633 1871 1799 1900 statutum
1826 1872 1859 1898 et
1885 1869 2125 1899 ordinationem
2151 1872 2184 1899 et
2209 1869 2319 1909 provi—

1309 1931 1320 1947 «
1341 1920 1465 1950 sionem
1492 1922 1679 1960 hujusmodi
1705 1923 1821 1960 recepi,
1848 1923 2028 1961 approbavi
2056 1932 2094 1952 ac
2119 1923 2226 1961 ipsum
2251 1925 2318 1953 sta-

1309 1984 1320 1999 «
1342 1976 1453 2003 tutum
1481 1983 1532 2004 me
1560 1978 1766 2005 servaturum
1795 1975 1926 2014 promisi
1955 1976 2092 2013 prestito
2118 1976 2317 2014 juramen‘o,

1309 2040 1320 2054 «
1343 2028 1552 2058 attendentes
1578 2028 1685 2067 ipsum
1711 2032 1876 2058 statutum
1909 2032 1941 2058 et
1972 2029 2211 2059 ordinationem
2247 2038 2318 2068 pre-

1309 2093 1321 2108 «
1345 2081 1467 2110 dictam
1482 2081 1663 2111 redundare
1686 2082 1716 2110 in
1743 2085 1888 2111 nostram
1912 2085 1945 2111 et
1968 2082 2100 2112 ecclesie
2123 2085 2223 2121 atque
2242 2091 2318 2113 can-

1309 2145 1321 2160 «
1342 2134 1423 2163 torie
1446 2134 1727 2164 Lemovicensium
1750 2135 1928 2165 utilitatem
1952 2136 2074 2174 pariter
2095 2138 2127 2165 et
2151 2136 2317 2171 honorem,

1309 2199 1320 2213 «
1343 2187 1516 2216 sanctituti
1549 2190 1655 2217 vestre
1688 2188 1909 2226 supplicamus
1943 2189 2102 2218 humiliter
2139 2191 2172 2218 et
2199 2189 2317 2218 devote

1308 2252 1319 2266 «
1342 2239 1497 2278 quatinus
1525 2240 1648 2269 dietum
1676 2243 1840 2270 statutum
1868 2243 1901 2270 et
1928 2240 2167 2270 ordinationem
2193 2240 2315 2280 predic-

1308 2295 1410 2322 «tam
1445 2292 1620 2330 dignemini
1654 2293 1834 2331 approbare
1868 2295 1899 2322 et
1934 2292 2192 2322 confirmationis
2223 2300 2319 2331 apos-

1307 2358 1318 2371 «
1343 2345 1436 2375 tolice
1468 2345 1607 2383 presidio
1640 2346 1850 2375 communire.
1885 2346 1960 2374 Dat.
1995 2345 2044 2374 die
2075 2345 2209 2375 Veneris
2239 2347 2318 2375 ante

1307 2410 1318 2425 «
1343 2398 1563 2428 Nativitatem
1588 2399 1682 2428 Beati
1712 2399 1872 2428 Johannis
1893 2399 2055 2436 Baptiste‚
2083 2407 2170 2427 anno
2194 2397 2317 2428 domini

1305 2452 1362 2481 ΜΟ.
1382 2451 1454 2480 CC0.
1475 2451 1601 2481 LVIIl⁰
1617 2451 1656 2480 V.
1689 2463 1701 2478 n

1347 2516 1359 2531 «
1378 2504 1583 2534 Nullinostre
1593 2504 1850 2533 confirmationis
1865 2507 1927 2534 etc.
1939 2504 2016 2533 Dat.
2034 2504 2191 2542 Anagnie,
2208 2503 2318 2534 idibus

1307 2559 1496 2593 decembris,
1523 2568 1609 2588 anno
1636 2563 1764 2598 quarto.
1800 2569 1812 2585 ›>

1387 2681 1476 2706 2733
1762 2681 1897 2715 Anagni,
1915 2681 1949 2708 11
1968 2681 2130 2708 decembre
2147 2679 2234 2707 1258.

1349 2733 1506 2768 Episcopo
1531 2733 1747 2760 Lemovicensi
1771 2735 1904 2761 mandat
1928 2735 1964 2760 ut
1988 2734 2142 2760 decanum
2177 2734 2209 2759 et
2232 2731 2319 2767 capi-

1307 2773 1411 2800 tulum
1441 2773 1587 2800 ecclesiae
1617 2773 1848 2800 Lemovicensis
1878 2781 1897 2800 a
1925 2773 2116 2807 quibusdam
2145 2772 2316 2804 interdicti.

1308 2813 1519 2846 suspensionis
1547 2815 1578 2839 et
1605 2813 1941 2841 excommunicationis
1968 2812 2133 2839 sententiis
2160 2812 2314 2839 absolvat.

1308 2852 1405 2886 (Bm.
1426 2852 1474 2884 25,
1495 2852 1516 2878 f.
1538 2853 1595 2879 164
1615 2857 1661 2885 νῦ,
1682 2860 1732 2879 an.
1756 2853 1808 2884 IV,
1829 2860 1854 2880 c.
1875 2852 1958 2886 289.)

1349 2941 1360 2955 «
1376 2951 1406 2963 ..,
1436 2929 1579 2967 episcopo
1607 2929 1827 2959 Lemovicensi.
1858 2929 1909 2958 Ex
1937 2931 2030 2967 parte
2059 2928 2250 2958 dilectorum
2277 2925 2316 2956 fi-

1306 2982 1454 3016 liorum..‚
1475 2982 1587 3011 decani
1605 2984 1638 3011 et
1657 2982 1791 3020 capituli
1809 2981 1938 3012 ecclesie
1956 2980 2204 3015 Lemovicensis,
2223 2978 2316 3010 nobis
