2477 3512
194 265 238 298 32
874 262 1142 294 REGlsTREs
1169 261 1522 293 D'ALEXANDRE
1554 261 1601 292 IV

273 372 361 398 2866
727 368 861 402 Anagni,
886 369 899 394 1
924 368 1002 395 avril
1029 368 1115 395 1259.

235 425 272 451 R.
295 425 333 451 de
354 424 452 451 Ardre
473 424 503 450 in
525 423 721 457 capellanum
742 430 833 448 suum
855 422 1007 448 admittit.
1029 421 1126 455 (Rm.
1148 421 1197 452 25,

194 470 214 496 r.
237 470 294 496 203
315 473 361 501 νο,
383 476 431 496 311.
454 468 491 500 V,
513 476 537 494 c.
561 468 642 500 105.)

239 580 251 595 «
286 568 328 599 R.
366 567 404 598 (Ie
440 567 558 603 Arda»,
596 566 770 608 capellano
806 568 928 597 nostro.
966 566 1099 597 Meritis
1135 568 1195 596 tue

194 621 382 662 probitatis
424 640 478 651 j.
524 620 606 651 Dat.
651 620 820 660 Anagnie.
866 618 1024 650 kalendis
1066 618 1195 660 aprilis,

193 683 285 705 anno
317 673 452 714 quinto.
485 685 498 701 »

272 872 361 899 2867
746 873 879 905 Anagni,
903 873 919 898 7
943 872 1004 898 mai
1031 871 1115 898 1259.

232 926 371 953 Thomae
401 927 438 953 de
470 926 634 958 Hereford,
665 926 814 953 canonico
846 925 1026 956 lixoniensL
1057 925 1197 958 indulget

193 972 238 1002 ut,
263 973 387 1005 praeter
411 971 571 997 ecclesiam
596 971 633 997 de
658 971 820 1002 Brattone,
847 970 1031 996 Exoniensis
1057 969 1196 1001 diocesis,

192 1022 298 1042 curam
323 1015 498 1041 animarum
524 1015 693 1042 habentem
717 1015 869 1048 cujusque
894 1016 1065 1048 proventus
1090 1014 1195 1040 decem

191 1059 340 1086 librarum
353 1060 578 1091 Sterlingorum
594 1060 766 1086 valentiam
783 1059 871 1086 annis
888 1058 1015 1091 singulis
1032 1066 1093 1084 non
1109 1065 1196 1084 exee-

192 1104 282 1135 dunt,
303 1104 429 1130 unicum
448 1104 532 1130 aliud
551 1104 737 1130 beneficium
759 1112 829 1130 cum
850 1103 941 1129 simili
962 1110 1034 1129 cura
1063 1103 1196 1136 recipere

191 1148 300 1182 possit.
320 1148 416 1181 (Hm.
437 1149 485 1179 25,
506 1149 525 1174 f.
547 1149 615 1180 204,
636 1156 685 1175 an.
706 1148 743 1180 V,
763 1156 788 1174 0.
813 1149 891 1181 loo.)

238 1260 251 1275 «
281 1247 405 1278 leome
431 1247 470 1278 de
496 1246 671 1288 110101οηί,
701 1247 862 1278 canonico
891 1247 1089 1279 Eroniensi.
1119 1247 1195 1278 Etsi

192 1303 338 1342 propter
360 1300 571 1331 ambitiones
594 1319 648 1332 &-
674 1300 757 1332 Dat.
783 1301 952 1341 Anagnie,
979 1301 1078 1332 nonis
1102 1300 1195 1337 maii,

192 1363 284 1385 anno
306 1353 441 1394 quinto.
464 1365 476 1381 »

271 1548 360 1575 2868
709 1550 843 1582 Anagni‚
866 1551 903 1576 28
927 1550 1004 1576 avril
1029 1550 1115 1576 1259.

232 1602 485 1636 Archiepiscopo,
523 1603 640 1628 decano
678 1604 708 1629 et
746 1603 884 1636 capitulo
920 1603 1105 1635 Bisuntinis,
1143 1603 1196 1636 qui

193 1647 373 1672 statuerunt
396 1648 442 1678 ut,
466 1654 535 1672 cum
559 1647 677 1673 nobiles
699 1647 873 1674 vicinarum
896 1648 1034 1681 partium
1058 1649 1088 1674 et
1112 1654 1198 1681 prae.-

194 1690 301 1716 sertim
324 1690 509 1717 Bisuntinae
535 1691 680 1717 ecclesiae
705 1692 819 1718 vassali
844 1694 954 1718 contra
979 1700 1030 1718 eos
1055 1691 1200 1725 nequiter

194 1734 419 1768 conspirantes,
441 1735 472 1761 in
495 1742 601 1761 eorum
623 1737 654 1762 et
676 1736 807 1762 aliarum
830 1736 1028 1762 ecclesiarum
1051 1743 1198 1769 personas

194 1785 306 1804 manus
338 1779 501 1812 sacrilegas
534 1779 743 1811 extenderint,
776 1780 831 1806 filii
864 1780 943 1806 illius
977 1781 1030 1813 qui
1062 1780 1197 1814 aliquem

194 1823 414 1849 canonicorum
438 1823 583 1850 ecclesiae
605 1823 790 1850 Bisuntinae
813 1824 957 1850 occiderit
983 1824 1032 1851 vel
1055 1824 1199 1850 vulnera-

194 1866 285 1898 verit,
308 1874 362 1900 per
383 1869 500 1893 rectam
522 1867 636 1894 lineam
659 1868 882 1894 descendentes
904 1868 943 1894 ab
966 1868 1016 1894 illo
1039 1876 1137 1902 usque
1159 1868 1198 1894 ad

195 1912 343 1943 quartum
367 1912 509 1944 gradum,
534 1919 595 1937 non
618 1912 739 1945 possint
761 1912 792 1938 in
815 1913 924 1938 eadem
947 1912 1075 1939 ecclesia
1097 1913 1199 1939 locum

193 1954 243 1980 vel
264 1954 450 1981 beneficium
471 1956 622 1988 obtinere,
643 1956 702 1982 hoc
722 1958 880 1983 statutum
901 1956 1079 1983 confirmat.
1101 1957 1198 1989 (Bm.

193 1998 242 2030 25,
260 1998 280 2025 f.
299 1999 367 2031 204,
385 2007 434 2026 an.
453 2000 490 2032 V,
508 2008 532 2026 0.
553 2000 609 2026 107
625 2008 631 2031 ;
650 2000 822 2027 Ροττ11Α5τ
840 2001 936 2027 17546
952 2009 958 2032 ;
977 2001 1199 2033 3000110030,

195 2044 218 2068 t.
242 2042 300 2075 ΙΙΙ,
319 2047 355 2069 11⁰
373 2044 455 2077 492.)

240 2155 251 2170 (ι
281 2168 300 2174 ..
329 2143 586 2184 archieposcopo
614 2145 664 2174 el..
693 2143 816 2174 (Iccuno
845 2146 872 2175 el
899 2144 1047 2185 copilulo
1076 2144 1199 2175 Bison-

195 2195 288 2226 timis.
310 2196 359 2227 Ea
380 2206 447 2236 (1110
467 2206 528 2237 pro
557 2215 571 2217 ψ
595 2221 601 2227 .
624 2196 705 2227 Dat.
728 2197 896 2237 Anagnie,
921 2197 993 2228 Illl
1015 2197 1082 2228 kal.
1105 2197 1197 2233 maii,

195 2258 287 2280 anno
311 2249 447 2289 quinto.
473 2262 484 2276 >³

277 2442 364 2468 2869
771 2444 903 2477 Anagni,
930 2445 941 2470 1
968 2445 1028 2471 mai
1056 2445 1139 2471 1259.

238 2495 377 2529 Magistri
409 2496 507 2529 Lupo,
539 2497 699 2530 capellano
731 2505 796 2529 sno,
828 2498 966 2531 indulget
1000 2500 1045 2530 ut,
1076 2500 1201 2532 praeter

195 2540 424 2566 thesaurariam
453 2540 598 2566 ecclesiae
626 2541 818 2569 'l'holetanae
847 2549 909 2568 non
937 2542 1106 2568 habentem
1135 2542 1200 2568 ani-

197 2591 319 2610 marum
344 2591 451 2610 curam
476 2592 571 2617 quam
596 2585 729 2617 obtinet,
754 2585 852 2619 possit
877 2586 971 2612 alium
996 2588 1199 2620 personatum

196 2628 245 2654 vel
267 2628 465 2661 dignitatem,
488 2628 582 2655 etiam
605 2629 628 2654 si
651 2637 757 2655 curam
779 2630 955 2656 animarum
977 2631 1103 2662 habeat,
1126 2631 1200 2657 reei-

196 2679 279 2706 pere,
315 2679 377 2698 non
413 2673 560 2699 obstante
597 2674 806 2700 consitutione
843 2683 860 2701 a
897 2675 997 2701 bonae
1033 2675 1200 2701 memoriae

198 2716 232 2742 G.
269 2716 431 2743 Sabinensi
474 2717 629 2750 episcopo,
670 2719 746 2744 tunc
786 2718 816 2744 in
852 2719 1022 2752 Hispaniae
1057 2719 1200 2753 partibus

197 2761 234 2787 A.
258 2760 344 2787 Sedis
367 2761 469 2794 legato
492 2761 585 2787 edita.
610 2762 705 2795 (imo.
730 2763 777 2794 25,
801 2764 821 2789 1.
845 2763 913 2793 204,
937 2771 986 2789 an.
1012 2763 1047 2795 V,
1069 2771 1094 2790 0.
1121 2764 1201 2796 108.)

244 2871 255 2886 «
278 2859 448 2900 Maqistro
470 2860 579 2901 Lupo,
603 2860 809 2892 subdiacono
832 2863 859 2892 el
881 2860 1054 2902 capellano
1076 2863 1197 2897 nostro,

198 2911 406 2944 [hesma-ario
438 2912 568 2944 ecclesie
602 2913 802 2945 leollelane.
838 2914 933 2946 Licet
965 2925 1006 2946 ne.
1038 2915 1115 2956 quis
1145 2934 1199 2946 —.

200 2964 282 2996 Dat.
304 2966 472 3006 Anagnie,
494 2966 652 2997 kalendis
672 2967 765 3004 maii,
787 2977 879 2998 anno
901 2968 1036 3009 quinto.
1059 2980 1070 2996 »

1386 366 1475 392 2870
1840 366 1974 400 Anagni,
1998 366 2015 393 3
2039 367 2118 393 avril
2141 366 2228 393 1259.

1348 419 1457 446 Eidem
1483 419 1632 453 magistro
1658 419 1819 453 dispensat
1844 421 1891 451 ut,
1925 426 1987 445 non
2012 419 2160 446 obstante
2185 419 2310 446 defectu

1306 464 1471 495 natalium,
1497 464 1590 490 aliam
1616 464 1814 496 dignitatern,
1840 463 2035 490 thesauraria
2060 463 2205 490 ecclesiae
2230 463 2311 490 Tho-

1305 507 1429 534 letanae
1454 508 1592 539 dimissa,
1617 509 1649 534 et
1673 507 1769 534 etiam
1794 507 2010 541 episcopatum
2035 507 2169 541 recipere
2195 507 2311 534 valeat.

1307 551 1403 584 (Risu.
1425 552 1473 584 25,
1493 552 1513 578 f.
1534 551 1603 584 204,
1623 559 1673 578 an.
1694 551 1731 583 V,
1751 558 1776 578 c.
1798 551 1879 584 109.)

1354 646 1365 659 υ
1396 632 1568 672 Illnqislro
1601 631 1708 673 Lupo,
1741 631 1950 663 thesaurario
1985 631 2189 663 Tholletano.
2223 632 2313 671 Que-

1308 685 1539 716 madmodum
1570 685 1597 716 si
1628 684 1732 716 arbor
1761 702 1816 716 —.
1850 684 1888 715 In
1919 687 2039 716 nostra
2069 694 2154 715 sane
2184 683 2313 716 eonsti-

1307 740 1406 769 tntns
1448 737 1622 779 presentia
1663 737 1764 768 nobis
1805 736 1985 768 humiliter
2023 736 2231 778 supplicasti
2272 739 2312 769 ut

1307 800 1411 832 super
1440 791 1578 822 defectu
1610 790 1783 822 natalium
1815 799 1919 832 (100111
1949 789 2090 831 pateris,
2122 790 2163 821 de
2192 789 2314 831 conju-

1306 846 1388 884 gato
1417 844 1556 884 genitus
1584 846 1619 875 et
1648 843 1774 879 soluta,
1804 843 2006 884 dispensare
2036 845 2153 874 tecum
2182 842 2314 874 miseri-

1306 897 1458 928 corditer
1487 906 1699 932 curaremus,
1733 906 1794 927 nos
1824 896 1932 936 igitur
1961 896 2188 927 attendentes
2217 896 2312 937 quod

1307 952 1431 980 nature
1455 949 1633 989 vergentis
1657 948 1855 980 illecebram
1881 948 1982 989 cnjus
2005 949 2049 979 ad
2075 947 2167 980 mala
2191 958 2313 980 cursus

1306 1005 1358 1033 est
1389 1001 1555 1033 declivior
1584 1012 1652 1033 11011
1682 1004 1833 1038 secutus,
1865 1004 1899 1032 te
1928 1011 2067 1032 sursum
2098 1011 2158 1042 per
2185 1002 2314 1043 gradus

1307 1054 1482 1086 virtutum
1507 1055 1551 1086 ad
1576 1055 1682 1086 decus
1706 1054 1983 1086 conversationis
2006 1057 2042 1085 et
2066 1054 2138 1085 vite
2162 1054 2314 1086 melioris

1306 1107 1465 1144 erexeris,
1495 1107 1583 1139 sicut
1614 1107 1790 1149 perhibita
1819 1107 1884 1138 tibi
1910 1107 1979 1138 lide
2005 1107 2192 1148 dignorum
2218 1107 2316 1139 testi-

1310 1160 1425 1192 monia
1460 1163 1714 1202 protestantur,
1750 1170 1789 1191 30
1824 1162 1968 1201 propter
2002 1159 2066 1191 hoc
2099 1162 2134 1191 te
2168 1160 2315 1201 dignum

1307 1213 1580 1254 dispensationis
1606 1213 1719 1253 gratia
1746 1215 1966 1254 reputantes,
1996 1215 2112 1244 tecum
2139 1222 2218 1244 curn
2245 1222 2315 1254 quo

1309 1266 1387 1302 l'uit,
1422 1269 1460 1297 ut
1493 1266 1628 1303 asseris,
1662 1265 1877 1297 auctoritate
1909 1265 2103 1306 apostolica
2136 1265 2315 1307 dispensa-

1310 1321 1385 1350 tum
1414 1322 1463 1355 ut,
1492 1329 1560 1350 non
1588 1319 1754 1350 obstante
1783 1318 1950 1360 predicto,
1980 1327 2097 1359 posses
2123 1318 2167 1350 ad
2195 1327 2316 1350 omnes

1309 1372 1448 1403 ordines
1481 1372 1681 1414 promoveri
1714 1374 1749 1403 et
1783 1371 2058 1402 ecclesiasticum
2092 1371 2315 1408 beneficium,

1307 1425 1415 1456 etiam
1442 1425 1469 1456 si
1496 1427 1588 1456 esset
1616 1424 1770 1465 dignitas
1796 1427 1831 1455 et
1859 1434 1978 1455 curan]
2007 1424 2153 1455 liaberet
2181 1424 2315 1456 anima-

1308 1487 1386 1509 rum
1423 1488 1611 1515 annexam,
1651 1477 1808 1509 obtinere
1847 1477 1993 1509 valeres.
2033 1477 2135 1508 Nunc
2174 1487 2315 1519 quoque

1309 1530 1524 1562 auctoritate
1568 1530 1761 1572 apostolica
1806 1531 2051 1571 dispensamus
2095 1532 2145 1566 ut,
2190 1530 2315 1562 eodem

1310 1584 1449 1615 defectu
1484 1594 1709 1625 nequaquam
1744 1584 1920 1620 obstante,
1954 1583 2059 1614 aliam
2093 1582 2315 1624 dignitatem,

1311 1636 1529 1668 thesauraria
1559 1637 1700 1668 ecclesie
1730 1637 1925 1668 Tholetane
1956 1635 2110 1672 dimissa,
2142 1638 2178 1667 et
2207 1636 2316 1668 etiam

1309 1689 1566 1731 episcopatum,
1592 1690 1619 1721 si
1645 1690 1689 1721 ad
1714 1689 1813 1721 illum
1837 1692 1871 1720 te
1897 1689 2009 1730 gratia
2035 1698 2186 1730 superna
2211 1698 2316 1721 voca—

1309 1742 1410 1779 verit,
1450 1742 1556 1774 libere
1596 1743 1746 1784 recipere
1786 1752 1825 1774 30
1864 1742 1958 1773 110110
1996 1741 2116 1773 valeas
2154 1742 2315 1774 retinere.

1310 1795 1403 1826 Nulli
1445 1799 1562 1827 nostre
1605 1795 1876 1838 dispensationis
1917 1798 1983 1827 etc.
2029 1795 2111 1826 Dat.
2144 1794 2317 1837 Anagnie‚

1312 1848 1364 1879 ΙΙΙ
1393 1858 1504 1880 nonas
1531 1849 1661 1891 aprilis,
1691 1859 1784 1881 anno
1814 1849 1951 1890 quinto.
1981 1861 1992 1876 n

1389 2012 1472 2038 2871
1864 2012 1999 2045 Anagni,
2023 2011 2039 2038 7
2063 2011 2125 2038 mai
2149 2011 2235 2038 1259.

1350 2066 1476 2092 Decano
1504 2068 1534 2092 et
1562 2066 1701 2099 capitulo
1729 2065 1874 2092 eeclesiae
1901 2065 2095 2096 Bisuntinae,
2123 2072 2194 2091 cum
2221 2064 2316 2092 eccle-

1309 2110 1354 2136 sia
1389 2110 1457 2144 ipsa
1493 2110 1644 2136 nobilium
1681 2110 1810 2136 diocesis
1846 2109 2067 2136 vexationibus
2103 2109 2224 2142 agitata
2266 2109 2318 2140 sit,

1308 2154 1448 2187 indulget
1487 2157 1519 2180 ut
1557 2155 1594 2180 de
1629 2154 1859 2188 personatibus,
1897 2153 2104 2187 dignitatibus
2140 2155 2171 2180 et
2204 2153 2317 2179 officiis

1309 2199 1449 2232 ejiisdem
1477 2199 1622 2225 ecclesiae
1648 2198 1791 2225 ordinare
1817 2200 1848 2225 et
1874 2205 1910 2224 ea
1935 2198 2074 2232 personis
2100 2197 2219 2223 idoneis
2245 2204 2317 2223 con-

1310 2244 1386 2269 ferre
1407 2243 1537 2276 possint.
1559 2243 1656 2276 (REG.
1678 2243 1726 2275 25,
1747 2243 1767 2269 s.
1789 2243 1858 2274 204,
1879 2249 1928 2269 an.
1950 2242 1987 2273 V,
2007 2249 2033 2268 c.
2056 2242 2136 2275 110.)

1357 2347 1365 2359 κ
1397 2357 1416 2363 ..
1446 2332 1569 2364 decano
1597 2334 1625 2363 el
1653 2332 1801 2374 capitulo
1830 2331 2039 2363 Bisunlinis.
2070 2331 2159 2370 Quia
2187 2333 2315 2362 cuncta

1310 2395 1370 2427 pro
1394 2404 1447 2416 «W.
1472 2386 1560 2416 Sane
1585 2388 1657 2417 tam
1679 2385 1788 2417 [elicis
1811 2384 2064 2416 recordationis
2090 2383 2316 2415 Innocentius

1311 2448 1413 2480 papa,
1454 2439 1679 2479 predecessor
1717 2441 1845 2475 noster,
1886 2448 1994 2480 quam
2032 2447 2095 2469 nos
2133 2439 2168 2468 et
2206 2436 2315 2468 etiam

1310 2491 1510 2532 Apostoliee
1542 2491 1639 2523 Sedis
1669 2491 1775 2532 legati
1806 2491 1977 2522 hactenus
2006 2490 2110 2531 juxta
2141 2489 2314 2521 conditio-

1311 2554 1389 2575 nem
1418 2544 1586 2586 temporis
1611 2554 1651 2576 ac
1678 2544 1786 2575 etiam
1814 2553 2054 2586 personarum,
2083 2543 2125 2574 de
2151 2551 2316 2585 persona-

1310 2597 1406 2628 tibus
1446 2600 1482 2628 et
1523 2597 1759 2638 dignitatibus
1799 2597 1941 2628 ecclesie
1982 2599 2099 2627 vestre
2140 2594 2316 2627 nonnullis

1310 2650 1466 2691 personis
1488 2660 1548 2691 per
1569 2652 1682 2681 certas
1704 2650 1839 2681 litteras
1861 2650 1926 2681 sub
1948 2649 2052 2681 certis
2074 2648 2195 2680 formis
2217 2657 2316 2680 man-

1311 2703 1473 2734 davimus
1505 2703 1690 2744 provideri,
1723 2713 1845 2734 verum
1877 2703 1958 2744 quia
1989 2702 2171 2733 ecclesiam
2201 2701 2315 2743 ipsam

1311 2756 1375 2787 hiis
1404 2756 1527 2787 diebus
1557 2756 1725 2787 nobilium
1756 2756 1901 2788 diocesis
1928 2755 2113 2786 Bisuntine
2142 2753 2312 2796 pressuris

1310 2808 1512 2850 expositam
1555 2812 1587 2840 et
1632 2809 1839 2840 hostilitatis
1881 2808 2019 2850 publice
2061 2806 2314 2838 vexationibus

1311 2862 1483 2903 agitatam
1508 2864 1647 2903 oportet
1672 2862 1850 2893 ministros
1873 2861 2110 2892 instituendos
2133 2860 2168 2892 in
2192 2859 2314 2901 hujus-

1310 2915 1404 2946 modi
1441 2915 1674 2955 dignitatibus
1709 2918 1744 2946 et
1780 2914 2026 2956 personatibus
2062 2913 2149 2945 tales
2184 2912 2312 2944 habere

1310 2977 1370 3009 per
1393 2978 1480 3010 quos
1503 2968 1547 2999 ab
1572 2968 1775 3009 hujusmodi
1798 2966 1965 3009 pressuris
1989 2966 2107 2998 valeat
2129 2965 2309 3008 respirare,
