2477 3512
125 421 140 434 ί(

931 263 1160 302 ‘rRoisOEME
1186 263 1332 301 ANNEE

167 350 314 391 predicti.
337 350 452 380 Datum
473 348 614 387 Sublaci,
635 357 718 378 anno
737 346 862 377 Domini
879 346 920 376 M.
940 345 1000 377 CC.
1021 345 1105 381 XLI,

167 406 194 437 Π
214 405 372 436 kalendas
395 405 548 446 januarii,
575 402 782 445 pontificatus
808 402 933 432 Domini
958 400 1107 441 Gregorii

126 476 139 488 α
167 472 247 503 pape
277 461 364 499 noni,
391 471 474 491 anno
503 459 758 500 quartodecimo.
789 459 858 499 Ego
878 459 982 488 frater
1012 457 1108 488 Gual-

125 532 137 543 a·
166 524 256 548 terus
278 518 460 558 prepositus
482 516 686 547 Sublacensis
707 515 861 556 predictis
887 515 1055 545 consentio
1075 519 1107 545 et

163 573 341 605 subscribo,
370 574 438 614 Ego
470 574 573 603 frater
597 572 763 603 Odorisius
795 573 834 601 de
868 570 1003 601 Cerreto
1032 581 1107 611 pre-

165 630 261 661 dictis
281 630 450 661 consentio
476 634 507 660 et
530 628 706 660 subscribo.
724 629 793 669 Ego
816 628 921 658 frater
949 627 1107 657 Henricus

124 701 136 712 α
165 686 204 717 de
230 687 381 717 Montana
405 686 560 727 predictis
584 685 750 715 consentio
777 687 809 715 et
837 683 1014 714 subscribo.
1039 683 1107 724 Ego

164 743 269 773 frater
285 743 402 773 Petrus
422 741 576 783 predictis
596 741 764 772 consentio
785 744 817 771 et
838 739 1015 771 subscribo.
1039 739 1108 779 Ego

164 799 268 829 frater
289 799 467 839 h‘lalgerius
488 797 642 839 predictis
671 797 838 828 consentio
867 800 900 827 et
925 796 1104 827 subscribo.

163 855 232 895 Ego
249 855 352 885 frater
374 854 525 885 Nicolaus
548 853 586 884 de
601 853 754 885 Cervaria
771 852 925 894 predictis
939 852 1106 883 consentio

164 913 196 942 et
217 911 395 941 subscribo.
422 911 490 952 Ego
515 910 618 941 frater
646 909 824 940 Riccardus
852 908 1007 950 predictis
1029 918 1105 938 con-

121 983 134 993 «ι
163 967 267 998 sentio
288 970 322 998 et
341 966 520 997 subscribo.
542 966 610 1007 Ego
626 966 728 996 frater
750 966 932 1006 Stephanus
953 965 1106 1006 predictis

122 1039 133 1048 υ
164 1024 330 1054 consentio
353 1027 385 1053 ct
408 1022 584 1053 subscribo.
612 1023 680 1062 Ego
702 1022 805 1052 frater
836 1022 987 1052 Nicolaus
1008 1031 1106 1062 nepos

158 1080 313 1120 prepositi
353 1079 508 1120 predictis
545 1079 716 1109 consentio
758 1082 791 1109 et
827 1078 1006 1109 subscribo.
1037 1078 1106 1118 Ego

157 1136 261 1166 frater
292 1135 480 1176 Raynaldus
505 1136 544 1167 de
572 1135 659 1167 Colle
691 1135 844 1176 predictis
874 1135 1042 1165 consentio
1074 1137 1104 1164 ct

161 1192 338 1223 subscribo.
360 1193 428 1233 Ego
448 1192 549 1223 frater
568 1192 693 1222 Blasius
710 1192 864 1233 predictis
884 1191 1052 1222 consentio
1074 1192 1106 1221 et

161 1248 339 1280 subscribo.
364 1249 430 1290 Ego
448 1248 747 1279 fraterGibzuliuus
763 1248 916 1289 predictis
938 1248 1106 1278 consentio
1132 1258 1133 1263 ¹

161 1308 194 1336 et
215 1304 392 1335 subscribo.
407 1305 475 1346 Ego
492 1304 595 1336 frater
615 1304 704 1335 Oddo
718 1304 874 1345 predictis
892 1305 1059 1335 consentio
1073 1306 1105 1334 et

120 1377 133 1387 u
162 1360 339 1392 subscribo.
355 1361 422 1401 Ego
438 1360 542 1391 frater
556 1361 706 1391 Matheus
726 1360 766 1391 de
785 1361 935 1391 Montana
951 1360 1105 1401 predictis

161 1476 257 1514 gusta
277 1472 430 1513 predictis
453 1473 623 1504 consentio
643 1476 677 1503 et
701 1472 880 1503 subscribo.
906 1473 974 1513 Ego
999 1472 1103 1503 frater
1129 1491 1131 1499 ·

161 1528 346 1569 Raynaldus
387 1528 469 1558 filius
512 1528 631 1559 domini

159 1584 327 1616 consentio
352 1586 385 1615 et
405 1585 583 1616 subscribo.
607 1586 676 1626 Ego
702 1586 805 1616 frater
822 1586 1000 1623 Johannes,
1020 1585 1103 1616 filius
1129 1611 1130 1626 3

157 1640 275 1672 domini
307 1640 462 1679 Landulfi,
487 1641 640 1682 predictis
665 1642 834 1673 consentio
862 1643 894 1673 et
923 1641 1100 1673 subscribo.

158 1698 227 1739 Ego
247 1697 352 1727 frater
371 1697 462 1728 Oddo
483 1697 522 1728 de
545 1698 690 1729 Rubiano
710 1698 865 1739 predictis
889 1699 1055 1729 consentio
1071 1702 1103 1729 et
1129 1715 1130 1719 =

160 1754 338 1787 subscribo.
348 1756 417 1796 Ego
424 1755 528 1786 frater
538 1755 786 1786 Bartholomeus
800 1755 839 1786 de
849 1755 954 1797 Sculc[
962 1755 1026 1797 ul]a
1034 1765 1105 1796 pre-

158 1811 254 1843 dictis
278 1813 447 1843 consentio
468 1815 501 1843 et
531 1811 709 1842 subscribo.
742 1812 811 1852 Ego
838 1812 941 1843 frater
967 1812 1106 1843 Gentilis

159 1867 199 1899 de
226 1868 347 1909 Scarpa
377 1868 533 1910 predictis
569 1868 736 1899 consentio
761 1870 795 1899 et
823 1868 1002 1899 subscribo.
1035 1868 1104 1909 Ego
1130 1866 1132 1889 ἶ

162 2149 256 2181 dictis
276 2151 445 2182 consentio
464 2152 496 2182 et
517 2150 694 2182 subscribo.

163 2219 176 2234 «
204 2206 470 2248 Acceptaverunt
489 2207 587 2238 etiam
610 2208 758 2248 quicquid
788 2208 819 2238 in
842 2207 953 2238 eodem
986 2208 1106 2249 scripto

160 2263 343 2294 continetur
362 2265 395 2294 et
411 2264 628 2304 promiserunt
647 2274 704 2305 pro
732 2274 766 2294 se
783 2264 913 2304 suisque
934 2274 1106 2295 successo-

162 2318 251 2349 ribus
278 2319 308 2350 in
341 2323 530 2361 perpetuum
566 2320 797 2351 inviolabiliter
823 2320 1013 2359 observare,
1046 2331 1105 2352 nec

160 2385 291 2406 movere
312 2375 403 2407 litem
421 2376 472 2407 vel
492 2377 693 2416 questionem
714 2377 850 2417 aliquam
879 2387 976 2418 super
990 2377 1105 2418 hujus-

158 2431 241 2462 modi
261 2431 468 2462 restitutione
497 2434 530 2463 et
558 2433 767 2463 concessione
795 2433 852 2474 ipsi
873 2432 1000 2464 domino
1029 2434 1105 2464 Phi-

161 2486 246 2528 lippo
266 2490 298 2518 et
312 2488 384 2528 ejus
397 2488 571 2519 heredibus
591 2489 620 2519 in
636 2489 789 2520 futurum.
807 2489 972 2520 Dederuut
991 2490 1102 2527 etiam,

161 2548 330 2574 cesserunt
354 2547 387 2575 et
408 2544 642 2576 mandaverunt
662 2545 721 2587 ipsi
747 2545 873 2577 domino
896 2546 1042 2588 Philippo
1071 2548 1104 2577 et

161 2600 232 2641 ejus
255 2600 427 2631 heredibus
443 2601 472 2631 in
494 2606 683 2643 perpetuum
703 2612 796 2633 omne
813 2602 868 2643 jus
890 2605 923 2633 et
943 2600 1102 2634 actionem

158 2656 276 2687 realem
299 2660 331 2688 et
356 2658 573 2698 personalem.
594 2659 724 2689 tacitam
752 2663 784 2689 et
797 2669 999 2700 expressam,
1021 2658 1103 2699 quod

160 2713 193 2742 et
214 2723 292 2753 quas
313 2712 432 2744 babent
453 2713 506 2744 vel
528 2714 646 2745 babere
668 2717 802 2755 possent
821 2717 934 2746 contra
952 2716 1038 2756 ipsos
1064 2725 1103 2746 ex

161 2778 360 2810 quacumque
378 2780 476 2801 causa
497 2770 547 2801 vel
573 2770 659 2810 jure,
678 2772 803 2802 ratione
825 2772 924 2802 castri
954 2771 1102 2812 predicti,

159 2825 371 2856 renuntiando
392 2826 477 2856 omui
499 2827 683 2867 exceptioni
700 2827 764 2867 juri
781 2829 814 2858 et
831 2828 949 2858 rationi
969 2830 1003 2859 et
1019 2828 1104 2858 omni

158 2882 369 2922 contemptui,
386 2891 480 2922 quem
501 2885 634 2923 possent
647 2883 776 2914 obicere
788 2893 844 2925 pro
858 2894 908 2919 eo,
922 2883 1005 2924 quod
1018 2883 1105 2915 dicte

118 2952 130 2961 «ι
160 2935 271 2967 littere
290 2947 349 2969 non
368 2938 499 2969 fuerunt
515 2939 602 2970 facte
619 2940 648 2969 in
670 2940 842 2977 communi,
863 2940 1011 2980 omnique
1033 2950 1106 2971 con-

680 1529 904 1560 Abaiamontis
947 1529 1130 1570 predictis.

1161 351 1175 365 ((

1162 408 1176 422 ((

1161 464 1175 479 ((

1162 520 1175 535 (t

1161 576 1175 589 ss

1162 633 1175 647 ((

1161 690 1175 703 ί(

1161 745 1175 759 ((

1161 802 1175 817 ((

1162 860 1175 873 (i

1160 916 1174 929 (t

1160 971 1174 986 (t

1160 1030 1173 1043 ss

1160 1085 1173 1099 (ι

1160 1142 1173 1155 t(

1160 1198 1174 1211 ((

1159 1254 1173 1268 ((

1159 1310 1173 1325 ((

1159 1367 1172 1379 1(

119 1432 131 1443 ιι
161 1417 328 1448 consentio
359 1420 393 1447 et
415 1417 595 1447 subscribo.
626 1417 695 1457 Ego
722 1417 827 1447 frater
847 1417 967 1447 Petrus
988 1416 1027 1447 de
1057 1418 1101 1447 A·
1158 1423 1172 1437 «

1157 1479 1170 1493 t(

1156 1535 1171 1550 (ί

1156 1592 1169 1607 <⁴

1157 1648 1171 1663 ((

1158 1704 1171 1719 (Ι

1130 1751 1171 1777 ἀ

1158 1818 1172 1833 «

1159 1876 1173 1889 ί(

158 1924 262 1955 frater
287 1925 447 1956 Antonius
475 1925 629 1966 predictis
662 1925 832 1955 consentio
859 1927 892 1955 et
926 1924 1103 1955 subscribo.
1132 1933 1133 1955 ;
1159 1932 1174 1947 <⁴

161 1981 230 2021 Ego
256 1981 361 2012 frater
388 1981 551 2012 Johannes
581 1982 687 2012 Barne
706 1981 861 2022 predictis
886 1981 1053 2012 consentio
1074 1983 1107 2012 et
1132 2013 1133 2016 ,

163 2037 339 2068 subscribo.
362 2037 432 2079 Ego
452 2038 557 2069 frater
577 2038 745 2079 Philippus
763 2038 918 2079 predictis
939 2038 1108 2069 consentio
1132 2038 1134 2060 ἶ

160 2095 193 2124 et
218 2093 397 2125 subscribo.
422 2094 491 2135 Ego
513 2094 616 2125 frater
635 2094 798 2125 Johannes
829 2093 868 2124 de
896 2093 1009 2125 Aletro
1038 2104 1108 2134 pre·
1132 2088 1133 2125 ἶ

1160 1989 1174 2003 (ί

1160 2045 1175 2059 ((

1160 2102 1174 2115 (ί

1160 2158 1174 2173 ((

1161 2215 1175 2229 ((

1161 2271 1174 2285 ί(

1159 2329 1173 2343 (ί

1159 2386 1172 2400 (1

1158 2442 1172 2456 ((

1159 2498 1173 2513 (‹

1158 2555 1172 2569 ((

1157 2611 1172 2627 (ί

1159 2668 1172 2681 ί(

1158 2724 1172 2739 ((

1159 2780 1166 2794 s

1159 2837 1166 2851 (

2084 270 2147 301 743

1204 339 1505 379 temptui‚quemex
1525 349 1722 379 quacumque
1739 349 1836 369 causa
1852 341 1984 379 possent
2004 338 2145 376 obicere,

1198 395 1285 425 omui
1304 394 1551 425 contradictioni
1572 398 1605 425 et
1625 395 1831 436 appellationi
1852 397 1884 426 et
1896 394 2148 435 quibuscumque

1200 451 1319 481 litteris
1353 450 1392 482 de
1421 450 1680 482 contradictione
1707 453 1739 482 et
1769 451 1987 492 appellatione
2010 452 2044 481 et
2074 460 2149 490 quo-

1203 516 1339 547 cumque
1353 508 1554 546 contemptu,
1572 516 1651 545 quas
1675 507 1844 537 voluerunt
1859 510 1892 537 et
1909 506 2150 537 mandaverunt

1203 573 1277 594 esse
1298 572 1409 593 cassas
1426 566 1460 594 et
1481 562 1583 592 nullas
1605 566 1637 592 et.
1657 563 1830 603 cujuslibet
1849 562 2013 593 firmitatis
2033 562 2148 593 robore

1203 620 1375 657 carituras,
1410 618 1555 650 omnibus
1586 618 1705 649 litteris
1735 619 1915 659 impetratis
1957 619 2010 649 vel
2047 619 2150 659 impe—

1202 676 1338 712 trandis,
1352 676 1437 706 omni
1471 675 1654 716 privilegio,
1683 675 1907 705 consuetudini
1950 678 1982 706 et
2024 676 2148 705 statuto

1203 731 1324 762 eisdem
1367 731 1626 772 competentibus
1672 731 1722 761 vel
1764 732 1989 771 competituris
2033 733 2147 761 contra

1202 788 1322 819 dictum
1341 788 1501 819 dominum
1521 788 1701 828 Philippum
1717 789 1746 817 ct
1770 787 1839 827 ejus
1861 788 1998 817 heredes
2019 788 2143 817 ratione

1203 845 1301 875 castri
1316 844 1472 886 ejusdem,
1484 854 1540 885 per
1560 854 1620 884 que
1638 845 1825 874 contractus
1842 844 2024 883 hujusmodi
2040 846 2150 884 posset

1202 902 1231 931 in
1249 902 1352 940 aliquo
1362 901 1459 931 minui
1473 900 1523 931 vel
1535 900 1686 935 rescindi,
1701 900 1915 930 salvistamen
1929 900 1989 929 illis
2001 900 2148 940 exceptis

1193 957 1334 999 juribus,
1358 967 1418 997 que
1446 956 1523 987 dicti
1547 956 1694 987 domiuus
1715 956 1814 986 abbas
1851 957 1883 986 et
1911 959 2090 986 conventus
2115 957 2146 986 in

1201 1015 1270 1055 ipso
1290 1015 1398 1044 castro
1419 1013 1530 1044 Genne
1550 1013 1668 1043 debent
1686 1012 1806 1043 habere
1828 1012 1865 1042 ab
1888 1012 2000 1043 eodem
2020 1012 2146 1043 domino

1202 1071 1362 1111 Philippo,
1384 1072 1479 1111 prout
1502 1070 1532 1100 in
1555 1069 1651 1100 dictis
1676 1069 1797 1099 litteris
1825 1069 2022 1100 continetur.
2048 1069 2085 1098 Et
2109 1067 2146 1099 ad

1202 1127 1359 1169 majorem
1375 1127 1561 1158 firmitatem
1583 1128 1616 1157 et
1635 1126 1831 1157 evidentiam
1853 1126 2070 1167 predictorum
2093 1125 2149 1155 do—

1202 1185 1306 1214 minus
1341 1184 1513 1214 Gualterus
1540 1183 1722 1224 prepositus
1756 1183 1855 1223 ipsius
1876 1182 2076 1219 monasterii,
2109 1181 2148 1212 de

1201 1240 1353 1271 mandato
1374 1242 1407 1271 et
1429 1240 1594 1270 voluntate
1616 1240 1752 1269 fratrum
1773 1248 1902 1269 suorum
1924 1239 2056 1269 inferius
2076 1237 2148 1268 sub-

1197 1297 1401 1337 scriptorum,
1424 1296 1552 1327 nomine
1573 1299 1753 1326 conventus
1773 1294 1943 1325 investivit
1970 1304 2028 1336 per
2049 1304 2149 1334 quen-

1198 1353 1271 1384 dam
1297 1353 1411 1383 scifum
1437 1356 1628 1394 argenteum
1654 1352 1756 1392 ipsum
1781 1351 1942 1382 dominum
1966 1350 2146 1391 Philippum

1200 1414 1387 1450 presentem
1412 1408 1451 1439 de
1483 1412 1592 1439 castro
1620 1408 1732 1439 Germe
1767 1418 1839 1438 cum
1863 1417 1960 1437 rocca
1999 1408 2032 1437 et
2063 1407 2147 1437 teni-

1196 1467 1311 1496 mentis
1334 1466 1400 1496 suis
1427 1465 1573 1496 omuibus
1600 1466 1634 1496 et
1661 1464 1787 1505 juribus
1813 1464 1986 1494 universis.
2013 1464 2140 1493 Renun-

1198 1523 1363 1553 tiaverunt
1384 1524 1533 1563 preterea
1551 1521 1725 1552 venditioni
1746 1520 1905 1560 quondam
1926 1520 2014 1550 facte
2028 1530 2045 1549 a
2067 1519 2146 1550 bone

1200 1579 1353 1609 memorie
1377 1578 1503 1608 domino
1525 1577 1693 1618 Raynuldo
1713 1580 1805 1617 patre
1826 1576 1905 1606 dicti
1926 1575 2046 1606 domini
2068 1576 2145 1606 Phi-

1199 1635 1274 1676 lippi
1295 1634 1333 1665 de
1356 1644 1517 1665 consensu
1540 1633 1687 1673 ejusdem
1714 1632 1832 1663 domini
1856 1633 1994 1673 Philippi
2023 1642 2150 1663 monas-

1200 1692 1283 1723 terio
1305 1691 1481 1727 nominate,
1503 1691 1652 1730 omnique
1671 1690 1748 1731 juri,
1769 1690 1954 1730 exceptioni
1975 1690 2008 1720 et
2028 1689 2145 1719 rationi

1200 1749 1248 1779 eis
1278 1749 1404 1779 ratione
1429 1747 1515 1778 dicte
1542 1746 1736 1777 venditionis
1769 1745 2028 1787 competentibus
2066 1755 2148 1775 nunc

1201 1805 1253 1835 vel
1273 1805 1304 1835 in
1326 1806 1491 1845 posterum
1513 1813 1713 1843 quocumque
1737 1803 1829 1833 modo
1859 1803 1910 1833 vel
1931 1802 2004 1844 jure
2035 1803 2148 1832 contra

1201 1863 1304 1903 ipsum
1338 1861 1499 1891 dominum
1533 1860 1714 1900 Philippum
1747 1865 1780 1890 et
1815 1858 1953 1889 heredes
1983 1859 2082 1899 ipsius
2116 1860 2148 1889 et

1201 1919 1451 1949 instrumentum
1482 1916 1554 1947 inde
1596 1916 1780 1946 confectum
1826 1915 2061 1946 mandaverunt
2090 1914 2148 1955 ipsi

1202 1974 1301 2005 abbas
1326 1976 1358 2005 et
1388 1975 1567 2004 conventus
1592 1971 1754 2009 rescindi;
1788 1972 1869 2012 quod
1896 1972 2146 2002 instrumentum

1202 2031 1306 2061 frater
1326 2029 1426 2061 David
1443 2029 1481 2060 de
1502 2028 1575 2059 Atili
1593 2029 1769 2059 monachus
1790 2028 1888 2069 ipsius
1910 2027 2097 2058 monasterii
2118 2027 2146 2057 in

1203 2087 1342 2128 capitulo
1365 2086 1404 2117 de
1423 2087 1562 2127 ipsorum
1582 2085 1732 2116 mandato
1746 2086 1779 2116 et
1804 2084 1973 2115 voluntate
1997 2083 2146 2114 rescidit.

1203 2144 1383 2175 Voluerunt
1403 2143 1501 2173 etiam
1521 2143 1554 2173 et
1572 2141 1818 2176 mandaverunt,
1842 2140 1923 2181 quod
1946 2141 1971 2171 si
1990 2140 2063 2181 quid
2086 2141 2148 2170 ins-

1202 2202 1400 2232 trumentum
1414 2199 1586 2230 vellittere
1600 2199 1651 2229 vel
1660 2197 1776 2239 rogus¹
1796 2209 1851 2229 seu
1868 2207 2067 2238 quecumque
2084 2197 2146 2228 alia

1201 2258 1364 2298 scriptura
1397 2267 1454 2298 per
1482 2255 1688 2287 tabellionem
1709 2255 1761 2285 vel
1788 2264 2022 2295 quemcumque
2051 2254 2144 2284 alium

1201 2315 1422 2356 apparuerint,
1441 2314 1507 2344 sint
1527 2323 1622 2344 cassa
1642 2315 1675 2344 et
1690 2312 1871 2344 cancellata
1893 2322 1951 2343 nec
1972 2311 2068 2343 robur
2088 2311 2148 2342 ha-

1201 2372 1297 2403 beant
1317 2371 1490 2402 firmitatis.
1512 2372 1579 2406 Que
1599 2370 1706 2401 omnia
1727 2372 1759 2400 et
1781 2368 1907 2409 singula
1928 2368 2148 2409 promiserunt

1199 2429 1260 2469 ipsi
1281 2428 1379 2459 abbas
1410 2429 1443 2458 et
1467 2428 1647 2458 conventus
1671 2436 1727 2467 pro
1755 2436 1790 2457 se
1814 2426 1943 2465 suisque
1976 2434 2147 2456 successo-

1198 2484 1285 2516 ribus
1314 2485 1343 2515 in
1371 2484 1567 2515 monasterio
1589 2483 1778 2513 Sublacensi
1805 2483 1835 2512 iu
1857 2484 2050 2523 perpetuum
2076 2482 2146 2511 rata

1199 2544 1232 2572 et
1252 2540 1344 2572 firma
1363 2550 1491 2581 semper
1514 2540 1649 2577 habere,
1674 2549 1730 2569 nec
1756 2542 1871 2569 contra
1895 2539 2020 2569 ratione
2041 2538 2146 2577 aliqua

1199 2597 1250 2629 vel
1271 2598 1468 2638 exceptione
1489 2597 1613 2634 venire,
1642 2596 1699 2627 sed
1727 2598 1870 2626 castrum
1892 2597 1926 2626 et
1945 2595 2021 2636 jura
2044 2593 2144 2624 castri

1197 2654 1284 2685 dicto
1304 2653 1431 2684 domino
1462 2653 1608 2694 Philippo
1636 2654 1669 2683 et
1697 2652 1767 2692 ejus
1806 2650 1980 2682 heredibus
1999 2650 2144 2690 legitime

1199 2710 1377 2741 defendere
1399 2709 1436 2741 ab
1462 2710 1546 2741 omni
1568 2709 1763 2739 molestante
1784 2718 1933 2748 persona,
1950 2708 1983 2737 et
2008 2706 2146 2737 reticere

1202 2767 1249 2798 eis
1270 2766 1407 2808 dampna
1426 2768 1459 2797 et
1479 2776 1653 2806 expensas,
1677 2774 1736 2805 que
1752 2766 1785 2795 et
1806 2774 1885 2804 quas
1899 2764 2104 2793 incurrerent
2119 2762 2145 2792 si

1201 2825 1315 2854 contra
1336 2822 1482 2864 predicta
1502 2823 1627 2853 ratione
1649 2821 1753 2861 aliqua
1779 2820 1984 2860 contingeret
2009 2821 2148 2859 attemp-

1191 2952 1210 2973 t.
1227 2950 1273 2974 Ms.
1291 2959 1295 2973 :
1310 2952 1419 2980 rogatus
