2477 3512
196 305 256 335 794
913 299 1170 332 REGISTRES
1192 297 1527 331 D’ALEXANDRE
1547 296 1596 330 lv

239 422 251 437 ε
273 410 393 440 Eidem.
424 410 596 439 Personam
626 411 717 438 tuam
746 408 901 438 honorare
930 407 1074 437 volentes
1096 408 1129 435 et
1148 414 1203 444 pei

199 464 351 493 honorem
384 462 442 492 tibi
474 462 654 491 exhibitum
686 461 783 490 etiam
826 461 895 490 aliis
937 460 1114 499 providere,
1157 458 1204 488 fa-

201 516 303 546 ciendi
326 516 422 554 recipi
443 515 522 544 duos
547 514 676 544 clericos
697 514 757 543 tibi
776 514 988 552 obsequentes
1003 513 1034 542 in
1050 512 1203 542 Meldensi

200 569 340 602 ecclesia,
366 569 397 597 in
423 576 486 606 qua
511 567 746 606 prebendarum
771 567 899 596 collatio
923 566 964 595 ad
989 568 1021 594 te
1046 565 1203 604 pertinere

201 622 387 655 dinoscitur,
416 621 448 650 in
478 620 646 649 canonicos
674 622 708 649 et
736 620 768 650 in
796 619 923 653 fratres,
953 622 982 648 et
1014 618 1204 656 providendi

200 683 309 705 eorum
344 674 471 712 utrique
506 673 544 702 de
579 673 740 711 prebenda
776 675 872 711 prout
905 671 1054 710 expedire
1087 671 1204 700 videris

200 728 224 757 si
253 730 349 757 vacat
375 727 494 756 ibidem
529 726 570 755 ad
605 734 733 764 presens
760 726 809 755 vel
838 725 1076 764 quamprimum
1104 724 1145 753 ad
1173 724 1205 753 id

201 780 354 810 obtulerit
383 789 415 808 se
451 779 599 812 facultas,
637 788 759 808 necnon
795 781 827 808 et
864 787 922 807 con
941 777 1115 807 radictores
1152 786 1207 815 per

201 842 368 863 censuram
385 832 631 862 ecclesiasticam
650 832 865 870 appellatione
883 830 1062 869 postposita
1081 839 1207 868 compe-

201 886 320 920 scendi,
338 895 400 915 non
418 885 624 914 obstantibus
640 885 799 914 contraria
816 884 915 922 ipsius
931 883 1059 912 ecclesie
1076 891 1207 912 consue-

203 940 325 973 tudine,
360 939 411 968 vel
445 941 571 968 statuto
606 938 644 967 de
679 940 766 967 certo
801 937 1028 967 canonicorum
1063 945 1205 970 numero,

201 994 394 1031 juramento,
432 991 675 1020 confirmatione
710 990 798 1020 Sedis
836 989 1019 1028 Apostolice
1057 989 1108 1018 vel
1145 989 1207 1018 alia

202 1045 358 1075 firmitate
393 1044 532 1078 vallatis,
567 1053 622 1073 seu
657 1044 772 1073 litteris
807 1043 991 1081 apostolicis
1026 1042 1208 1080 impetratis

204 1100 359 1128 hactenus
373 1098 433 1127 sub
448 1106 639 1136 quacunque
652 1096 755 1126 forma
771 1097 953 1130 verborum,
970 1095 1145 1125 dummodo
1154 1104 1210 1133 per

203 1161 256 1182 eas
271 1160 334 1181 non
350 1150 421 1190 [sit]
436 1151 566 1188 plenum
580 1150 632 1187 jus
646 1149 740 1179 alicui
757 1149 953 1188 acquisitum
970 1148 1021 1177 vel
1036 1148 1133 1177 etiam
1152 1149 1209 1177 im-

204 1204 379 1244 petrandis,
406 1203 539 1232 liberam
566 1202 626 1232 tibi
653 1202 847 1232 auctoritate
875 1202 1072 1240 presentium
1100 1210 1210 1230 conce-

203 1258 308 1287 dimus
331 1256 531 1289 facultatem,
556 1255 787 1285 consuetudine
810 1255 860 1284 vel
883 1257 1009 1284 statuto
1025 1254 1211 1292 hujusmodi

203 1310 411 1349 postmodum
426 1318 483 1338 suo
498 1309 722 1338 nichilominus
735 1308 848 1337 robore
857 1308 1028 1341 duraturis,
1040 1307 1085 1337 ita
1100 1310 1209 1336 tamen

204 1364 290 1402 quod
315 1362 446 1392 dimidia
477 1360 638 1400 prebenda
663 1370 760 1400 quam
791 1361 926 1390 dilectus
949 1360 1034 1390 filius
1058 1361 1211 1399 magister

205 1417 370 1446 Johannes
396 1416 433 1444 de
460 1415 610 1453 Stampis,
637 1414 809 1444 canonicus
834 1414 1013 1448 Meldensis‚
1039 1414 1071 1443 in
1097 1414 1209 1443 eodem

200 1469 332 1499 ecclesia
347 1468 483 1502 obtinet,
498 1468 557 1497 sibi
571 1468 665 1506 juxta
680 1467 827 1496 mandati
842 1467 943 1496 nostri
956 1469 1100 1496 tenorem
1115 1476 1210 1505 super

201 1523 260 1552 hoc
294 1522 355 1551 tibi
391 1521 513 1554 directi,
539 1521 726 1559 priusquam
752 1520 960 1558 provideatur
983 1520 1059 1558 ipsis
1084 1520 1209 1550 duobus

201 1575 331 1609 clericis,
360 1575 547 1612 integretur.
576 1574 732 1603 Volumus
759 1576 870 1603 autem
898 1576 935 1602 ut
963 1573 1097 1602 dilectus
1124 1573 1210 1603 filius

201 1629 367 1658 ,Iohannes
391 1627 429 1656 de
462 1627 652 1661 Sarmineto‚
683 1626 855 1656 canonicus
884 1626 1080 1661 Parisiensis,
1113 1636 1211 1665 nepos

203 1683 321 1715 noster,
345 1689 440 1718 super
462 1680 554 1718 cujus
577 1680 758 1718 receptione
781 1688 819 1709 ac
841 1679 1022 1718 provisione
1044 1679 1076 1708 in
1099 1680 1211 1710 eadem

203 1734 333 1764 ecclesia
366 1733 427 1762 tibi
459 1733 577 1771 scripta
611 1735 721 1762 nostra
752 1732 927 1771 dirigimus,
956 1733 988 1761 in
1012 1733 1212 1763 assecutione

204 1787 364 1826 prebende
411 1785 544 1824 prefatis
585 1786 739 1824 magistro
781 1788 814 1815 et
862 1785 981 1814 clericis
1022 1785 1211 1824 preferatur.

206 1841 282 1870 Dat.
303 1839 449 1873 Viterbii,
471 1839 577 1868 idibus
597 1839 683 1872 maii,
705 1847 790 1868 anno
811 1841 937 1877 quarto.
959 1850 971 1865 »

289 2025 372 2051 2551
773 2024 918 2058 Viterbe,
928 2026 965 2053 15
977 2027 1041 2053 mai
1054 2027 1142 2053 1258.

250 2076 431 2107 Guillelmo,
462 2076 549 2102 dicto
581 2076 718 2107 Pietoso,
750 2075 899 2102 familiari
931 2082 998 2107 suo,
1030 2076 1216 2102 domanium

210 2116 370 2143 Ecclesiae
405 2116 571 2142 Romanae
605 2116 637 2142 in
672 2117 777 2142 castro
813 2115 997 2146 Stimiliani‚
1033 2115 1216 2142 Sabinensis

210 2156 353 2187 diocesis,
372 2156 526 2189 quamdiu
544 2153 671 2186 vixerit,
690 2156 730 2181 ad
747 2155 850 2181 instar
866 2155 1044 2181 Innocentii
1060 2162 1162 2189 papae
1174 2155 1216 2181 IV

210 2196 368 2227 concedit,
408 2195 708 2228 concessionemque
748 2195 788 2221 ad
827 2194 911 2221 filios
951 2195 1019 2228 ejus
1058 2195 1217 2228 legitimos

211 2236 368 2262 extendit.
389 2235 487 2268 (Rae.
509 2235 558 2266 25,
578 2234 600 2260 f.
623 2235 680 2261 136
700 2238 747 2266 v0,
762 2242 812 2261 an.
828 2234 880 2266 IV,
892 2242 918 2261 c.
932 2234 1009 2267 124;
1042 2234 1218 2262 POTTHAST

255 2364 265 2378 «
295 2351 456 2382 Guillelmo
491 2352 570 2381 dicto
593 2351 725 2385 Pietoso,
749 2351 903 2389 familiari
926 2352 1038 2385 nostro,
1063 2351 1216 2390 quondam

212 2405 338 2434 ostiario
359 2405 458 2443 felicis
479 2404 696 2433 recordationis
720 2404 743 2433 I.
761 2413 852 2442 pape,
870 2404 1088 2442 predecessoris
1109 2404 1216 2434 nostri.

215 2458 304 2488 Sicut
328 2458 441 2496 petitio
466 2460 522 2486 tua
546 2475 595 2486 ——.
622 2458 697 2486 Dat.
722 2457 868 2491 Viterbii,
893 2457 998 2486 idibus
1022 2457 1108 2491 maii,
1133 2466 1217 2487 anno

215 2514 340 2550 quarto.
371 2522 382 2537 ι

299 2687 388 2712 2552
777 2685 918 2717 Viterbe‚
932 2685 970 2711 29
983 2685 1062 2711 avril
1076 2685 1164 2711 1258.

259 2735 380 2761 Abbati
430 2735 467 2761 de
512 2734 816 2767 Amelungeshrune‚
863 2733 1111 2760 Hildesemensis
1157 2733 1223 2759 dio-

219 2775 307 2806 cesiS,
336 2775 375 2801 ad
403 2774 554 2808 episcopi,
582 2774 693 2800 decani
719 2775 752 2800 et
779 2773 912 2807 capituli
938 2773 1086 2800 ecclesiae
1114 2772 1223 2799 Hilde-

221 2815 382 2845 semensis,
416 2822 509 2840 onere
543 2814 725 2840 debitorum
758 2815 789 2839 et
823 2819 934 2846 guerra
967 2820 1022 2846 per
1056 2813 1224 2839 duodecim

221 2861 321 2880 annos
350 2854 382 2880 in
410 2854 557 2887 partibus
584 2854 646 2879 illis
676 2854 811 2879 durante
842 2854 1004 2885 gravatae,
1035 2852 1224 2886 petitionem

222 2894 355 2919 mandat
390 2895 426 2919 ut
459 2894 634 2927 proventus
668 2892 908 2926 praepositurae
942 2894 974 2918 et
1007 2892 1225 2918 thesaurariae

223 2933 252 2959 S.
280 2933 425 2959 Mauricii
451 2933 700 2959 Hildesemensis
726 2934 804 2959 tunc
830 2932 1026 2963 vacantium,
1053 2939 1109 2965 per
1134 2932 1225 2964 quin-

224 2972 397 3005 quennium
425 2972 589 3006 recipiens,
618 2979 671 2998 eos
698 2972 729 2998 in
758 2972 949 2998 solutionem
977 2971 1224 3005 praedictorum.

224 3011 406 3038 debitorum
422 3013 600 3038 convertat.
618 3012 716 3045 (Rea.
733 3011 783 3043 25,
799 3011 820 3037 f.
836 3012 893 3038 136
909 3015 956 3043 νῦ,
973 3018 1023 3037 an.
1043 3011 1096 3042 IV,
1112 3010 1226 3043 c.125.)

1352 416 1363 431 α
1389 428 1419 440 ..,
1447 405 1552 435 abbati
1584 405 1764 435 monasterii
1802 404 1838 434 de
1876 404 2168 443 Amelonyesbrune,
2203 403 2316 434 Cister-

1310 457 1419 488 tiensis
1429 458 1559 492 ordinis,
1568 458 1601 487 H
1604 457 1811 487 ildesemensis
1821 457 1960 487 diocesis.
1969 456 2049 487 Cum
2060 466 2100 487 ex
2110 457 2256 496 injuncto
2264 474 2315 486 —.

1312 510 1387 540 Dat.
1410 511 1556 545 Viterbii,
1582 510 1630 540 111
1652 510 1715 540 kal.
1738 510 1824 544 maii,
1846 519 1931 540 anno
1953 513 2079 549 quarto.
2102 521 2113 536 ι

1394 697 1483 723 2553
1876 698 2017 729 Viterbe‚
2030 697 2068 724 26
2081 698 2160 724 avril
2173 697 2262 724 125⁸.

1355 739 1514 773 Episcopo
1546 738 1770 772 Argentinensi
1802 738 1948 765 concedit
1980 739 2016 764 ut
2046 737 2228 764 ,Iohannem
2258 737 2319 764 cle-

1313 780 1425 810 ricum,
1458 780 1608 812 nepotem
1641 786 1745 809 suum,
1779 778 1833 811 qui
1866 778 1898 805 in
1930 777 2156 811 Argentinensi
2187 776 2319 804 ecclesia

1314 821 1460 853 receptus
1481 821 1549 845 erat
1570 819 1602 844 in
1623 818 1812 845 canonicum
1833 819 1865 844 et
1886 818 1917 844 in
1938 817 2082 848 fratrem,
2102 818 2135 843 et
2155 823 2211 850 per
2229 823 2320 844 cons-

1313 859 1502 885 titutionem
1538 859 1650 885 contra
1685 859 1830 891 receptos
1865 858 1949 884 ultra
1985 856 2228 890 quaternarium
2262 863 2321 883 nu-

1314 906 1436 925 merum
1463 898 1608 924 exclusus
1627 900 1706 929 erat,
1728 898 1768 924 ad
1787 897 1838 931 Jus
1865 904 1903 923 ex
1929 897 2110 930 receptione
2135 897 2320 930 competens

1315 938 1483 964 restituere
1506 938 1607 971 possit
1629 939 1661 964 et
1684 937 1936 964 contradictores
1958 944 2014 970 per
2036 943 2203 963 censuram
2223 935 2321 963 eecle-

1315 978 1490 1008 siasticam,
1531 977 1747 1011 appellatione
1789 977 1980 1011 postposita,
2022 975 2179 1002 cohibere.
2220 975 2320 1008 (Rae.

1316 1017 1364 1048 25,
1389 1017 1410 1043 f.
1436 1017 1504 1048 137,
1529 1024 1579 1043 an.
1607 1017 1660 1049 IV,
1684 1024 1709 1044 c.
1735 1016 1818 1050 126.)

1358 1118 1414 1141 «..,
1442 1107 1584 1146 episcopo
1611 1107 1843 1145 Aryentinensi.
1872 1106 1922 1135 Ex
1949 1109 2058 1136 tenore
2085 1108 2140 1135 tue
2166 1122 2216 1134 —.
2245 1105 2321 1136 Dat.

1316 1160 1462 1195 Viterbii,
1485 1160 1513 1189 V
1534 1160 1597 1190 kal.
1620 1160 1706 1194 maii,
1728 1168 1813 1189 anno
1835 1161 1961 1198 quarto.

1399 1358 1489 1383 2554
1870 1357 2012 1388 Viterbe‚
2025 1357 2043 1383 9
2056 1356 2137 1383 avril
2164 1355 2252 1382 1258.

1359 1407 1515 1433 Omnibus
1546 1406 1664 1433 Christi
1693 1405 1843 1432 fidelibus
1873 1405 1928 1439 qui
1958 1412 2032 1432 vere
2062 1404 2263 1438 poenitentes
2293 1404 2325 1430 et

1317 1446 1452 1474 confessi
1473 1446 1513 1472 ad
1530 1446 1694 1472 ecelesiam
1716 1445 1745 1472 S.
1768 1444 1944 1472 Salvaton's
1969 1445 2001 1471 in
2025 1444 2144 1476 Monte,
2164 1443 2326 1471 Cnmanae

1317 1487 1462 1518 diocesis,
1476 1486 1508 1512 in
1525 1486 1658 1518 singulis
1675 1485 1786 1511 diebus
1805 1485 1972 1511 dominicis
1990 1484 2107 1511 mensis
2123 1483 2198 1510 maii
2223 1489 2327 1510 acces-

1318 1527 1427 1558 serint,
1458 1525 1673 1559 quadraginta
1714 1525 1780 1551 dies
1810 1525 1848 1551 de
1876 1525 2023 1558 injuncta
2053 1523 2252 1558 poenitentia
2280 1529 2327 1549 re-

1317 1567 1418 1593 laxat.
1439 1566 1539 1599 (Rae.
1561 1565 1610 1597 25,
1630 1565 1652 1591 f.
1674 1565 1744 1596 137,
1765 1572 1815 1591 an.
1840 1564 1894 1596 IV,
1915 1571 1940 1591 c.
1964 1564 2046 1597 127.)

1361 1668 1372 1683 «
1400 1655 1561 1686 Universis
1585 1655 1701 1685 Christi
1723 1654 1872 1692 fidelibus
1894 1655 2047 1693 presentes
2070 1653 2185 1683 litteras
2209 1653 2330 1692 inspec-

1319 1709 1408 1739 turis.
1433 1709 1507 1738 Vite
1531 1708 1712 1747 perempnis
1736 1708 1835 1746 gloria
1858 1724 1908 1736 —.
1933 1707 2010 1736 Dat.
2034 1706 2182 1741 Viterbii,
2205 1705 2234 1735 V
2257 1705 2330 1735 idus

1321 1762 1440 1801 aprilis,
1469 1770 1554 1791 anno
1580 1762 1706 1800 quarto.
1735 1772 1746 1787 »

1405 1959 1495 1984 2555
1876 1957 2019 1988 Viterbe‚
2032 1956 2071 1983 29
2083 1956 2164 1983 avril
2177 1955 2266 1983 1258.

1363 2008 1522 2034 Balduino
1546 2007 1584 2033 de
1606 2007 1775 2038 Atrebato,
1799 2006 1922 2037 clerico,
1946 2005 2177 2032 tabellionatus
2187 2003 2332 2031 officium

1324 2047 1481 2074 concedit.
1507 2047 1606 2080 (Rea.
1632 2046 1682 2078 25,
1707 2046 1729 2072 f.
1757 2046 1825 2077 137,
1852 2053 1902 2072 an.
1932 2045 1985 2077 IV,
2011 2052 2036 2072 c.
2064 2044 2148 2078 128.)

1366 2163 1378 2178 «
1396 2150 1555 2180 Balduino
1572 2150 1608 2179 de
1626 2150 1780 2184 Atrebate,
1799 2149 1905 2178 clerico
1925 2149 1956 2178 in
1975 2148 2151 2178 minoribus
2168 2146 2334 2177 ordinibus

1324 2204 1494 2234 constituto.
1519 2203 1567 2232 Ne
1589 2205 1816 2232 contractuum
1837 2202 1990 2231 memoria
2013 2218 2062 2230 —.
2085 2201 2162 2230 Dat.
2184 2199 2334 2234 Viterbii,

1327 2257 1376 2287 III
1401 2257 1464 2286 kal.
1491 2257 1577 2290 maii,
1603 2265 1687 2285 anno
1713 2257 1839 2294 quarto.
1865 2266 1878 2282 n

1407 2455 1495 2482 2556
1894 2455 2035 2487 Viterbe‚
2049 2455 2087 2481 10
2099 2454 2163 2481 mai
2176 2453 2264 2481 1258.

1368 2507 1522 2540 Magistro
1551 2505 1646 2532 Petro
1675 2505 1713 2530 de
1742 2504 1852 2535 Pomo,
1881 2503 2035 2530 canonico
2064 2503 2093 2530 S.
2123 2502 2279 2536 Stephani
2303 2502 2336 2528 in

1326 2547 1433 2573 Brolio
1458 2544 1715 2575 Mediolanensis,
1742 2544 1881 2570 Parisius
1906 2543 2119 2570 commoranti
2143 2542 2279 2569 mandat
2300 2542 2337 2568 ut

1328 2586 1604 2620 archiepiscopum
1639 2584 1854 2611 senonensem
1890 2583 1931 2609 ad
1966 2583 2141 2616 quamdam
2183 2581 2338 2616 pecuniae

1329 2633 1489 2653 summam
1509 2624 1642 2658 Ange10‚
1662 2624 1731 2650 filio
1752 2623 1916 2657 quondam
1937 2622 2061 2649 ,Iacobo
2082 2620 2337 2654 Scarsijuvenis,

1328 2666 1406 2692 civis
1422 2665 1567 2696 Romani,
1594 2663 1821 2690 restituendam
1838 2662 2014 2696 compellat.
2042 2661 2138 2694 (REG.
2155 2661 2203 2693 25,
2219 2660 2240 2686 f.
2270 2659 2326 2687 137

1332 2713 1381 2733 an.
1405 2705 1456 2737 IV,
1476 2712 1501 2731 c.
1523 2704 1604 2737 129.)

1374 2807 1385 2822 a
1411 2794 1568 2832 Magistro
1594 2793 1685 2822 Petro
1712 2793 1748 2822 de
1774 2793 1881 2826 Poma,
1910 2791 2056 2821 canonico
2084 2790 2204 2820 ecclesie
2231 2788 2338 2820 Sancti

1333 2847 1484 2886 Stephani
1505 2847 1536 2876 in
1556 2846 1663 2876 Brolio
1682 2844 1940 2879 Mediolanensis,
1962 2844 2109 2873 Parisius
2128 2841 2338 2872 commoranti.

1334 2900 1535 2939 Significavit
1561 2899 1652 2928 nobis
1678 2899 1813 2928 dilectus
1838 2897 1924 2927 filius
1950 2896 2101 2935 Angelus,
2127 2896 2212 2925 filius
2238 2902 2340 2934 quon-

1334 2954 1406 2983 dem
1430 2952 1545 2982 Jacobi
1576 2952 1679 2982 Scarsi
1708 2951 1846 2990 juvenis,
1877 2950 1955 2980 civis
1980 2949 2130 2983 Romani,
2155 2948 2241 2987 quod
2264 2947 2340 2976 lieet

1333 3007 1400 3045 ipse
1430 3006 1513 3035 bone
1549 3005 1733 3039 memorie..,
1764 3003 1984 3042 archipiscopo
2022 3001 2194 3032 Senonensi
2223 3007 2340 3030 renuu-
