2477 3512
959 284 1238 326 QUATROEME
1253 285 1415 318 ANNEE

149 405 161 421 «
185 393 367 424 Clarissimo
390 393 568 428 Bellindoti,
593 393 740 423 canonico
763 392 931 427 Fesulano,
955 391 1114 430 capellano

106 448 218 477 nostro.
237 446 392 476 Provenit
408 455 449 476 ex
467 446 648 476 devotionis
664 463 716 475 —.
735 446 813 475 Dat.
831 445 977 479 viterbii,
995 445 1024 474 V
1042 445 1114 474 idus

104 499 186 538 julii,
221 508 305 529 anno
340 501 467 538 quarto.
502 510 515 526 »

188 688 275 715 2619
684 689 822 720 Viterbe,
836 689 852 715 7
865 688 935 722 juin
948 687 1034 714 1258.

147 743 297 776 Magistro
316 742 409 768 Petro
427 742 543 775 Vigerii
559 741 703 775 indulget
720 743 756 768 ut
774 741 1117 775 archipresbyteratum

105 783 241 809 ruralem
268 782 305 808 de
331 782 476 813 Arverto‚
504 781 634 808 diocesis
662 781 905 812 Xanctonensis‚
924 781 1059 814 recipere
1086 782 1117 806 et

106 829 170 849 una
189 829 261 848 cum
281 821 404 847 duobus
423 820 583 847 beneficiis
603 827 710 847 curam
729 821 907 847 animarum
926 820 1117 846 habentibus

107 868 188 895 quae
214 861 246 887 in
273 861 383 887 eadem
412 861 528 887 diocesi
555 861 689 892 obtinet,
717 860 851 886 retinere
879 859 989 893 possit.
1017 859 1115 892 (REG.

106 901 155 933 25,
175 901 197 926 f.
220 901 286 933 146,
309 908 359 927 an.
385 900 436 931 IV,
459 908 483 927 c.
508 900 603 933 180³.)

148 1015 160 1030 a
198 1003 355 1041 Maqistro
394 1003 485 1032 Petro
530 1002 660 1041 Viqerii,
702 1002 850 1031 canonico
890 1001 1117 1031 Xanctonensi.

106 1056 225 1086 Petitio
243 1059 300 1086 tua
319 1055 410 1085 nobis
427 1072 478 1084 —.
497 1055 574 1084 Dat.
584 1054 731 1088 Viterbii‚
750 1054 814 1084 VII
833 1055 904 1084 idus
921 1055 1014 1092 junii,
1033 1063 1118 1084 anno

105 1111 234 1148 quarto.
262 1120 274 1136 »

187 1311 277 1336 2620
614 1310 750 1342 Viterbe,
763 1310 800 1337 28
812 1310 936 1344 janvier
948 1310 1036 1337 1258.

147 1364 269 1396 Eidem,
297 1364 432 1390 obtentu
459 1363 598 1398 episcopi
624 1363 793 1390 Tusculani
821 1363 910 1396 cujus
938 1363 1118 1397 capellanus

106 1403 226 1435 existit,
256 1403 398 1436 indulget
428 1404 473 1435 ut,
503 1403 599 1429 libere
628 1403 788 1436 resignans
819 1403 953 1429 alterum
984 1404 1117 1429 duorum

107 1443 331 1469 beneficiorum
351 1450 458 1469 curam
479 1443 655 1469 animarum
674 1442 861 1468 habentium
882 1449 962 1476 quae
982 1442 1117 1474 obtinet,

107 1483 234 1509 unicum
259 1483 345 1509 aliud
371 1482 558 1508 beneficium
584 1482 681 1508 etiam
706 1482 840 1508 similem
866 1489 973 1508 curam
998 1482 1118 1508 habens

106 1522 241 1556 recipere
260 1524 291 1548 et
310 1529 381 1548 cum
400 1522 519 1555 reliquo
538 1522 672 1548 retinere
690 1522 801 1555 possit.
820 1521 918 1555 (REG.
939 1521 987 1553 25,
1007 1521 1027 1547 f.
1049 1521 1117 1553 146,

105 1569 156 1588 an.
189 1561 241 1594 IV,
270 1569 295 1588 c.
327 1559 434 1594 180b.)

148 1676 160 1691 «ι
174 1665 296 1694 Eidem.
316 1665 462 1695 Obtentu
480 1664 672 1694 venerabilis
690 1664 799 1694 fratris
813 1682 863 1693 —.
877 1664 954 1694 Dat.
969 1664 1117 1699 Viterbii,

106 1718 134 1747 V
156 1718 221 1747 kal.
243 1717 406 1752 februarii,
430 1726 515 1747 anno
540 1719 667 1756 quarto.
691 1728 703 1744 »

186 1908 267 1934 2621

146 1948 261 1975 Pontio
288 1948 325 1974 de
350 1947 541 1974 Mauritania
566 1947 708 1980 indulget
733 1948 779 1978 ut,
805 1949 930 1981 praeter
954 1948 1116 1975 ecclesiam

107 1988 136 2015 S.
158 1988 299 2019 Maximi,
321 1987 554 2014 Xanctonensis
575 1987 715 2018 diocesis,
737 1994 843 2013 curam
865 1987 1041 2014 animarum
1061 1988 1116 2014 ha-

106 2028 244 2059 bentem,
263 2027 352 2060 cujus
369 2028 471 2053 rector
488 2028 544 2058 est,
564 2027 691 2053 unicum
709 2026 794 2053 aliud
812 2026 1000 2053 beneficium
1019 2027 1115 2054 etiam

105 2067 131 2094 si
147 2067 188 2094 sit
205 2068 390 2101 personatus
407 2066 456 2093 vel
475 2066 611 2099 dignitas
629 2067 661 2092 et
677 2066 787 2092 similis
805 2074 878 2093 cura
896 2067 922 2092 ei
939 2066 1114 2099 immineat,

106 2107 240 2141 recipere
258 2107 366 2140 possit.
385 2106 483 2139 (Bm.
501 2105 549 2138 25,
567 2106 588 2131 f.
609 2105 676 2138 146,
695 2113 744 2132 an.
766 2106 818 2138 IV,
837 2114 861 2132 c.
882 2106 963 2139 181.)

642 1907 781 1939 Viterbe,
803 1908 837 1934 11
858 1907 926 1940 juin
947 1908 1033 1935 1258.

148 2221 160 2238 ιι
195 2210 308 2240 Pontio
345 2209 381 2239 de
417 2209 631 2243 Mauritania,
696 2209 843 2239 canonico
889 2209 1114 2244 Xanctonensi,

105 2263 212 2293 rectori
242 2262 362 2292 ecclesie
394 2262 500 2293 Sancti
530 2262 681 2297 Il1aximi,
714 2262 944 2292 Xanctonensis
974 2263 1114 2297 diocesis,

105 2315 208 2355 nepoti
227 2315 411 2345 venerabilis
429 2315 536 2353 fratris
554 2315 685 2349 nostri„
716 2315 855 2353 episcopi
873 2315 1114 2345 Xanctonensis.

107 2368 288 2407 Apostolice
308 2368 397 2398 Sedis
416 2368 598 2406 benignitas
628 2385 678 2396 —.
707 2368 783 2397 Dat.
803 2367 951 2401 Viterbii,
975 2368 1023 2397 III
1043 2368 1114 2397 idus

104 2421 196 2459 junii,
229 2430 314 2450 anno
346 2423 474 2460 quarto.
506 2432 518 2447 »

185 2626 274 2651 2622
642 2626 780 2657 Viterbe,
802 2626 836 2652 11
856 2625 925 2659 juin
946 2625 1033 2651 1258.

146 2665 259 2693 Pontio
291 2666 326 2691 rh:
358 2666 457 2692 Ponte
486 2665 628 2698 indulget
658 2667 704 2697 ut,
734 2667 857 2699 praeter
887 2665 1047 2691 ecclesiam
1078 2665 1115 2692 de

107 2704 252 2738 Cigoniis,
285 2705 518 2732 Xanctonensis
550 2705 681 2731 diocesis
713 2712 820 2731 curam
852 2705 1028 2731 animarum
1061 2705 1115 2731 ha-

106 2743 243 2776 bentem,
262 2745 350 2777 cujus
368 2746 470 2771 rector
487 2746 543 2776 est,
563 2745 689 2771 unicum
707 2745 793 2771 aliud
812 2744 999 2771 beneficium
1018 2745 1114 2771 etiam

106 2783 131 2809 si
154 2784 193 2810 sit
218 2786 404 2817 personatus
427 2784 475 2811 vel
501 2784 639 2817 dignitas
663 2786 693 2810 et
718 2784 829 2810 similis
853 2785 879 2810 ei
913 2792 986 2810 cura
1011 2783 1114 2810 immi—

107 2825 189 2855 neat,
204 2824 338 2858 recipere
353 2824 462 2858 possit.
478 2824 575 2855 (1320.
591 2824 639 2855 25,
654 2823 675 2849 f.
692 2823 758 2855 146,
774 2831 824 2850 an.
842 2823 894 2855 IV,
910 2831 934 2850 c.
953 2824 1032 2853 182.)

148 2951 159 2965 «
196 2939 307 2969 Pontio
344 2940 379 2969 de
415 2941 522 2974 Ponte,
561 2940 708 2969 canonico
745 2940 970 2974 Xanctonmsi,
1007 2940 1113 2969 rectori

106 2992 226 3022 ecclesie
247 2992 283 3022 de
307 2992 460 3031 Ciqoniis,
484 2993 714 3022 xanctonensis
737 2993 877 3027 diocesis,
901 2993 1004 3031 nepoti
1028 3002 1113 3022 oene-

2167 291 2229 323 80⁹

1220 391 1332 421 rabilis
1348 392 1455 430 fratris
1471 393 1602 428 nostri..,
1621 394 1759 432 episcopi
1787 394 2027 424 XanctonensiS.
2046 396 2229 434 Apostolice

1222 444 1312 474 Sedis
1332 445 1512 484 benignitas
1532 463 1582 475 -—.
1603 446 1680 476 Dat.
1700 447 1848 482 viterbii,
1872 447 1921 476 III
1941 448 2013 477 idus
2031 449 2124 486 J'unii,
2145 458 2229 479 anno

1222 499 1349 535 quarto.
1385 508 1398 524 »

1305 663 1394 689 2623
1739 664 1877 696 Viterbe,
1902 665 1934 691 11
1961 665 2030 699 juin
2062 666 2148 694 1258.

1265 714 1390 745 Pontio,
1416 715 1562 749 episcopo
1589 715 1807 743 Xanctonensi
1831 715 1974 751 indulget
2006 720 2051 749 ut,
2084 719 2231 752 quotiens

1224 760 1296 780 eum
1321 754 1429 780 abesse
1452 761 1508 788 pro
1526 755 1737 782 ecclesiastica
1761 756 1908 783 libertate
1929 759 2060 789 tuenda,
2076 759 2124 784 vel
2146 759 2232 785 infir-

1225 793 1305 820 mari
1333 794 1509 827 contigerit,
1539 794 1633 820 liceat
1662 795 1689 820 ei
1718 802 1807 822 suam
1834 796 1982 823 diocesim
2016 805 2071 831 per
2108 798 2232 832 aliquos

1224 833 1308 859 viros
1319 833 1447 859 idoneos
1459 834 1587 860 visitare
1598 841 1634 860 ac
1646 835 1882 867 procurationes
1893 834 2085 863 visitationis
2096 838 2124 863 ei
2145 838 2230 864 debi-

1225 874 1274 899 tas
1283 873 1382 899 alocis
1390 871 1527 907 recipere
1541 873 1690 905 visitatiS,
1700 880 1738 900 ac
1748 872 1774 901 si
1785 882 1822 901 ea
1830 876 2226 909 personnalitervisitaret,

1224 912 1443 948 praesentibus
1475 914 1548 947 post
1574 913 1747 940 triennium
1780 913 1909 941 minime
1938 913 2094 942 valituris,
2132 917 2230 949 (ΗΕΘ.

1226 952 1273 983 26,
1306 952 1328 984 f,
1359 952 1425 983 146,
1460 959 1500 978 an
1537 950 1590 983 IV,
1622 953 1766 986 c.183.³)

1267 1039 1279 1054 «
1302 1028 1426 1062 Pontio,
1451 1028 1593 1067 episcopo
1617 1029 1843 1058 Xanctonensi.
1868 1030 1935 1059 Tue
1960 1030 2141 1060 devotionis
2165 1041 2234 1069 pre-

1225 1080 1314 1110 cibus
1336 1098 1387 1109 —.
1410 1081 1487 1110 Dat.
1511 1081 1658 1115 viterbii,
1684 1082 1733 1110 III
1756 1082 1827 1111 idus
1848 1082 1941 1120 junii,
1964 1092 2049 1112 anno
2072 1087 2198 1122 quarto.
2220 1096 2232 1110 »

1307 1259 1397 1285 2624
1750 1259 1889 1291 Viterbe,
1916 1260 1950 1286 11
1972 1260 2042 1294 juin
2077 1261 2152 1287 1258

1267 1311 1380 1337 Eidem
1414 1308 1561 1345 episcopo
1604 1311 1808 1345 dispensandi
1840 1319 1912 1339 cum
1950 1313 2073 1339 duobus
2118 1314 2236 1341 clericis

1226 1350 1291 1376 suis
1322 1348 1443 1377 idoneis
1470 1351 1556 1384 quod
1575 1357 1684 1377 eorum
1713 1353 1846 1385 uterque
1875 1352 1977 1386 possit
1999 1353 2061 1379 duo
2080 1353 2236 1380 beneficia

1226 1390 1447 1421 ecclesiastica,
1473 1390 1533 1417 etsi
1561 1397 1669 1417 curam
1693 1391 1834 1417 habeant
1854 1390 2033 1418 animarum
2051 1394 2082 1419 et
2099 1393 2126 1419 ei
2143 1400 2237 1420 cano-

1225 1430 1294 1456 nice
1311 1429 1495 1461 offerantur,
1513 1429 1648 1463 recipere
1665 1437 1701 1456 ac
1716 1430 1859 1462 retinere,
1877 1431 2063 1458 facultatem
2080 1433 2235 1459 concedit.

1226 1468 1323 1501 (REG.
1343 1469 1391 1500 25,
1411 1469 1432 1494 f.
1454 1469 1520 1500 145,
1541 1476 1590 1495 an.
1614 1469 1666 1501 IV,
1686 1476 1711 1495 c.
1733 1467 1806 1496 183b
1820 1470 1840 1503 .)

1266 1557 1277 1572 «
1298 1545 1410 1574 Eidem
1432 1545 1585 1584 episcopo.
1609 1546 1713 1575 Tuam
1735 1546 1880 1575 volentes
1904 1547 2060 1576 honorare
2084 1565 2134 1576 —-.
2158 1548 2236 1578 Dat.

1223 1598 1371 1632 Viterbii,
1398 1598 1447 1627 111
1469 1598 1541 1627 idus
1562 1598 1655 1636 junii,
1679 1607 1764 1628 anno
1787 1601 1915 1637 quarto.
1939 1610 1951 1626 »

1304 1762 1392 1788 2625
1701 1763 1839 1795 Viterbe,
1852 1764 1869 1790 9
1882 1765 2052 1790 novembre
2065 1764 2153 1791 1257.

1265 1814 1461 1842 Sententiam
1495 1815 1702 1842 diffinitivam
1726 1823 1782 1850 pro
1807 1816 1947 1848 Giberto,
1973 1817 2122 1844 canonico
2146 1817 2235 1844 Wra-

1221 1854 1407 1887 tislaviensi,
1421 1855 1531 1881 clerico
1547 1855 1711 1887 Ottoboni,
1728 1856 1756 1881 S.
1772 1856 1903 1882 Adriani
1917 1856 2041 1883 diaconi
2056 1857 2235 1889 cardinalis,

1221 1893 1320 1920 latam
1338 1895 1377 1920 ab
1394 1894 1570 1921 Octaviano
1588 1895 1616 1921 S.
1634 1895 1751 1922 Mariae
1766 1895 1798 1921 in
1814 1895 1874 1921 Via
1889 1895 1970 1922 Lata
1986 1896 2117 1923 diacono
2135 1897 2235 1924 cardi-

1222 1933 1297 1966 nali,
1327 1934 1472 1960 auditore
1503 1934 1541 1960 ab
1572 1935 1755 1968 Apostolica
1786 1935 1863 1961 Sede
1894 1935 2047 1969 deputato
2077 1936 2109 1962 in
2140 1944 2234 1963 causa

1222 1974 1365 1999 vertente
1379 1974 1460 2000 inter
1480 1974 1601 2000 dictum
1624 1974 1789 2001 Gibertum
1804 1976 1835 2001 et
1850 1975 2061 2007 Ratiborium,
2077 1976 2233 2009 clericum,

1222 2012 1277 2046 qui
1302 2020 1357 2046 pro
1391 2013 1540 2040 canonico
1567 2014 1713 2040 ecclesiae
1737 2014 2003 2041 Wratislaviensis
2030 2022 2060 2041 se
2086 2017 2233 2048 gesserat,

1222 2059 1315 2086 super
1336 2053 1515 2086 praebenda
1537 2060 1633 2086 quam
1655 2054 1804 2087 magister
1832 2054 1983 2086 Coffinus,
2006 2056 2167 2088 quondam
2188 2056 2234 2089 ip-

1223 2091 1288 2118 sius
1311 2092 1457 2119 ecclesiae
1481 2093 1649 2119 canonicus
1671 2093 1865 2126 obtinuerat,
1888 2094 2067 2126 confirmat,
2092 2095 2230 2129 appella-

1221 2131 1342 2158 tionem
1359 2139 1377 2158 a
1392 2134 1482 2165 parte
1499 2133 1597 2159 altera
1613 2133 1834 2167 interpositam
1850 2133 1998 2160 frivolam
2015 2134 2183 2161 decernens
2200 2136 2231 2161 et

1221 2171 1514 2204 instrumentorum,
1535 2173 1676 2198 tenorem
1697 2173 1843 2199 inserens.
1874 2173 1971 2206 (REG.
1984 2174 2031 2206 25,
2043 2174 2064 2199 f.
2078 2173 2133 2200 146
2144 2178 2180 2200 v⁰
2193 2189 2233 2193 —

1224 2210 1280 2237 147
1298 2214 1344 2243 v⁰‚
1362 2218 1412 2237 an.
1434 2212 1485 2243 IV,
1504 2219 1529 2238 c.
1549 2212 1625 2244 1843
1644 2212 1817 2238 POTTAHST
1835 2212 1958 2246 17065.)

1264 2314 1414 2348 «Giberto,
1451 2315 1598 2344 canonico
1635 2315 1894 2349 Wratislaviensi,
1930 2317 2002 2345 nato
2038 2316 2123 2346 Petri
2158 2317 2233 2345 Ber-

1222 2367 1324 2401 trami,
1342 2367 1418 2396 civis
1434 2368 1626 2397 Parmensis.
1645 2368 1692 2397 Ea
1710 2377 1771 2407 que
1786 2368 1907 2406 judicio
1923 2386 1973 2397 —.
1991 2369 2067 2398 Dat.
2084 2369 2231 2403 Viterbii,

1222 2417 1250 2448 V
1276 2419 1348 2449 idus
1374 2420 1568 2454 novembris,
1596 2429 1680 2450 anno
1707 2421 1814 2450 tertio.
1842 2432 1853 2447 »

1304 2585 1392 2610 2626
1774 2585 1911 2617 Viterbe,
1930 2585 1966 2611 16
1983 2586 2046 2612 mai
2064 2586 2149 2612 1258.

1267 2637 1477 2671 Infrascriptis
1510 2637 1671 2671 dispensat
1703 2639 1738 2663 ut
1771 2637 1802 2664 in
1835 2639 1997 2664 contracto
2030 2638 2231 2665 matrimonio

1221 2677 1306 2703 licite
1342 2684 1500 2703 remanere
1535 2677 1665 2710 possint,
1702 2677 1796 2703 tertio
1831 2678 1862 2703 et
1897 2679 2010 2710 quarto
2045 2679 2231 2711 consangui-

1223 2717 1333 2743 nitatis
1359 2717 1506 2750 gradibus
1532 2724 1594 2742 non
1619 2716 1830 2742 obstantibus.
1857 2716 1953 2749 (Bm.
1981 2717 2027 2748 25,
2054 2717 2074 2742 f.
2102 2717 2158 2744 147
2184 2721 2229 2749 v0,

1223 2764 1272 2783 an.
1315 2756 1366 2787 IV,
1405 2764 1430 2782 c.
1470 2756 1550 2789 185.)

1263 2844 1275 2859 «
1297 2833 1425 2862 Roberlo
1447 2833 1482 2861 (Ie
1504 2832 1657 2861 Leboteler
1677 2832 1713 2861 de
1734 2832 1895 2865 ilIeIclona,
1919 2832 2014 2870 layco,
2038 2834 2064 2861 et
2084 2833 2231 2863 Dionisie

1220 2885 1256 2915 de
1276 2886 1468 2923 Lonqenton,
1490 2885 1557 2922 lilie
1578 2884 1705 2914 Nicolai
1725 2885 1760 2914 de
1781 2885 1928 2917 Aneslou,
1947 2885 2035 2915 [riori
2050 2885 2127 2923 ejus,
2149 2886 2231 2915 Lon-

1220 2938 1379 2967 doniensis
1413 2938 1552 2967 diocesis.
1589 2937 1669 2966 Cum
1704 2946 1848 2966 summus
1883 2937 2031 2976 pontifex
2065 2956 2114 2967 —.
2151 2939 2230 2969 Dat.

1220 2991 1366 3025 viterbii,
1390 2991 1487 3020 XVII
1511 2991 1574 3019 kal.
1596 2990 1688 3027 junii,
1712 2999 1797 3020 anno
1820 2993 1946 3029 quarto.
1971 3002 1982 3017 »
