2477 3512
948 266 1178 306 Taoisinnn
1204 263 1347 300 ΑΝΝΕΕ

140 356 344 387 innovantes,
386 364 423 383 ne
461 353 541 383 idem
575 354 605 383 in
646 353 773 393 negotio
807 353 874 392 ipso
910 350 1118 391 procederet.

139 412 252 441 iterum
286 410 499 451 appellarunt.
535 410 769 440 Procuratores
805 418 928 448 quoque
963 407 1120 437 dictorum

139 467 253 508 prioris
275 471 495 497 etenim-entus
506 465 751 507 appellationem
770 464 952 504 hujusmodi
976 463 1014 491 ol)
1032 462 1120 502 ejus-

139 524 210 553 ‹lem
232 523 324 553 Sedis
348 523 562 553 rcverentiam
583 524 805 562 acceptantes,
832 520 993 561 petierunt
1020 519 1120 559 ipsum

142 580 304 620 negotium
336 578 373 609 ad
404 588 541 609 examen
565 578 650 608 dicte
669 577 760 608 Sedis
785 576 918 608 remitti.
945 586 984 605 ne
1016 575 1047 605 in
1085 583 1121 604 eo

142 635 222 665 idem
238 636 500 676 archiepiscopus
520 634 656 674 amplius
676 633 880 674 procederet.
899 631 1122 662 nichilominus

142 691 344 733 appellando.
369 692 458 721 Licet
478 693 584 721 autem
603 696 665 720 tam
683 700 722 720 cx
745 694 835 730 parte
851 689 951 730 ipsius
975 687 1123 728 Elyensis

143 748 280 779 ecclesie
318 757 411 787 quam
451 746 607 786 sepedicti
640 746 726 786 regis
763 756 803 776 ex
834 745 893 775 hiis
919 751 949 775 et
982 753 1022 774 ex
1053 742 1123 773 aliis

144 805 240 836 variis
258 803 375 837 causis,
398 813 457 842 que
474 803 504 832 in
524 802 746 832 instrumentis
761 801 896 842 puhlicis
912 801 1036 841 plenius
1051 810 1125 828 con-

145 859 318 891 tinentur'.
336 859 375 889 ad
401 869 458 888 nos
482 860 519 888 ali
545 858 657 888 eodem
678 858 921 898 archiepiscopo
948 857 1043 886 fuerit
1071 867 1124 896 ap-

144 917 307 958 pellatum.
336 915 560 945 nichilominus
579 917 687 945 tamen
714 915 782 955 ipse
808 914 966 954 prel'atam
993 912 1125 942 electio-

144 984 212 1004 nem
227 983 283 1014 pro
304 983 359 1002 sua
376 973 540 1003 voluntate
555 972 698 1002 cassavit
716 975 748 1002 et
777 971 895 1002 Eliensi
922 970 1061 1001 ecclesie
1085 970 1125 1000 de

143 1030 203 1060 alia
224 1039 357 1070 persona
396 1028 545 1069 providit.
575 1028 665 1059 Unde
697 1028 775 1058 dicti
799 1032 1025 1069 procuratores
1046 1026 1127 1057 alle—
1151 1035 1152 1041 ¹

125 1088 259 1129 Vgantes
274 1085 311 1115 ad
334 1094 390 1115 nos
413 1086 480 1115 sore
499 1095 555 1125 per
584 1084 818 1125 appellationes
841 1085 1016 1125 premissas
1037 1083 1126 1123 ejus—

142 1141 213 1172 dem
247 1141 417 1172 electionis
447 1141 609 1181 negotium
645 1141 843 1178 devolutum,
883 1139 1028 1179 quicquid
1057 1142 1153 1179 postj

143 1198 374 1239 appellationes
397 1198 578 1238 hujusmodi
599 1208 655 1238 per
686 1197 822 1228 eundem
849 1197 1125 1237 archiepiscopum

143 1258 369 1295 attemptatum
407 1254 510 1285 fuerat
549 1255 671 1285 cassari
699 1264 754 1284 seu
788 1254 927 1284 nuntiari
949 1263 1076 1283 cassum
1095 1258 1127 1283 et

143 1312 266 1341 irritum
280 1311 454 1352 petierunt,
469 1313 500 1341 et
515 1311 704 1342 eloctionem
727 1310 906 1350 hujusmodi
930 1309 1126 1341 confirmari.

144 1368 228 1408 quid,
251 1378 323 1398 cum
344 1368 375 1397 in
390 1368 497 1397 causis
511 1367 697 1408 nmjorifflm,
724 1367 809 1397 inter
832 1377 909 1407 quas
933 1366 1128 1397 electionum

144 1424 374 1465 episcopalium
400 1434 498 1454 cause
525 1424 640 1454 merito
673 1424 891 1454 munerantur.
923 1423 960 1453 ad
989 1432 1127 1453 examen
1154 1449 1155 1454 ,

144 1481 269 1521 prefate
291 1480 382 1511 Sedis
395 1485 527 1520 propter
540 1479 788 1520 appellationem
805 1478 981 1518 quamlibet
997 1478 1127 1518 negotia

141 1536 365 1567 devolvantur.
393 1536 475 1567 idem
501 1536 765 1576 archiepiscopus
792 1539 863 1576 post
891 1534 1128 1576 appellationes

1154 1600 1155 1603 =
1181 1585 1318 1625 amplius
1346 1583 1580 1624 expectandus.
1605 1582 1667 1612 Nos
1689 1583 1794 1612 autem
1822 1590 1861 1610 ne
1890 1579 2007 1620 aliquid
2035 1579 2073 1609 de
2094 1589 2167 1609 con-

143 1593 315 1633 predictas.
338 1593 469 1631 negotio
491 1592 529 1622 ab
550 1592 698 1623 examine
726 1593 825 1632 ipsius
846 1595 1010 1633 exemth
1031 1591 1127 1621 nichil

141 1650 202 1679 rite
223 1659 318 1690 super
339 1649 396 1680 hoc
415 1649 517 1690 potuit
546 1650 752 1690 attemptare,
777 1651 907 1690 propter
929 1648 1010 1688 quod
1039 1649 1128 1688 quic—

141 1706 214 1746 quid
233 1705 436 1746 postmodnm
472 1706 597 1736 fecerat
617 1716 745 1736 cassum
774 1705 911 1737 debebat
942 1708 973 1736 et
1001 1706 1127 1735 irritum
1154 1723 1155 1729 κ

145 1763 295 1793 nuntiari.
319 1762 383 1793 Sed
404 1766 595 1803 procuratin‘
619 1764 718 1804 ipsius
739 1762 974 1804 archiepiscopi
1007 1772 1047 1792 ex
1073 1761 1130 1791 ad-
1155 1781 1156 1791 i

144 1829 239 1849 verso
269 1819 433 1860 respondit
465 1819 577 1850 dicens
608 1820 710 1860 ipsum
750 1819 1038 1860 archiepiscopum,
1070 1828 1128 1849 non

1156 1879 1157 1884 ¹
1182 1868 1390 1901 indulximns,
1414 1870 1446 1896 ct
1471 1867 1575 1896 testes
1592 1864 1630 1894 al»
1645 1876 1681 1893 eo
1703 1863 1876 1905 productos
1891 1872 1987 1903 snper
2005 1862 2063 1891 hoc
2090 1871 2170 1891 exa-

145 1871 346 1902 olustantibns
392 1872 546 1913 predictis
585 1873 870 1914 appellationibus,
919 1872 1046 1902 etiamsi
1089 1871 1128 1901 de

145 1928 222 1969 ipsis
237 1932 403 1959 constaret
420 1930 511 1969 juste
530 1939 681 1959 cassasse
703 1930 864 1970 prefatam
881 1929 1076 1959 electionem
1099 1932 1130 1958 et

148 1984 185 2014 ad
207 1985 420 2024 provisionem
437 1985 545 2016 dealio
561 1986 706 2026 legitime
719 1986 933 2026 processisse,
946 1986 1018 2025 qnia
1031 1984 1129 2022 nulla7

149 2041 230 2071 sicut
251 2042 469 2082 ipsedicebat.
491 2043 676 2084 appellatio.
690 2043 747 2073 nisi
760 2044 812 2073 liat
827 2053 867 2073 ex
882 2053 979 2073 cansa
997 2042 1131 2083 probali.
1158 2071 1160 2079 ,

149 2107 209 2136 que
231 2098 257 2127 si
282 2098 363 2128 soret
393 2098 526 2139 probata
551 2099 687 2130 deberet
705 2099 849 2139 legitima
874 2100 1029 2140 reputari.
1056 2099 1133 2129 tacit

151 2153 189 2183 ad
210 2164 267 2184 nos
296 2154 423 2184 devolvi
463 2165 518 2185 seu
557 2156 677 2186 remitti
716 2156 878 2197 negotium
913 2162 966 2186 aut
999 2154 1136 2195 impedit

150 2210 289 2240 officium
315 2212 556 2249 cognoscentis,
580 2212 639 2242 nisi
659 2212 824 2243 dumtaxat
847 2213 875 2242 in
897 2212 998 2242 certis
1016 2211 1133 2245 causis,

152 2271 184 2297 nt
205 2272 257 2297 est
277 2278 373 2298 causa
387 2267 504 2299 fideiet
525 2268 718 2302 consimiles,
738 2279 871 2309 quarum
888 2269 1045 2299 discussio
1063 2268 1136 2299 sfflli

151 2324 336 2364 Apostolice
353 2324 539 2364 specialiter
552 2331 691 2356 reservat
702 2337 748 2359 ur,
761 2326 845 2356 inter
854 2336 933 2365 quas
944 2325 1135 2355 electionum

152 2380 380 2420 cpiscopalium
401 2391 498 2411 cause
520 2393 535 2411 a
559 2381 632 2422 jure
652 2393 710 2412 non
735 2382 884 2413 videntur
904 2382 1034 2412 includi.
1056 2382 1138 2412 Pre-

156 2443 257 2474 terea,
284 2447 354 2466 cum
383 2437 488 2467 dictus
520 2438 796 2479 archiepiscopus.
819 2439 949 2469 cassata
979 2438 1138 2469 elcctionc

156 2491 313 2533 predicta,
336 2493 403 2532 jam
441 2494 478 2523 <le
516 2505 651 2534 persona
675 2495 801 2535 idonea
840 2495 969 2535 Elyensi
998 2494 1137 2525 ccclcsic

157 2548 365 2588 providisset,
388 2550 440 2579 illa
461 2561 520 2580 non
537 2559 649 2581 vocata
673 2551 720 2581 vol
742 2552 856 2582 saltem
875 2562 934 2581 non
951 2557 1138 2592 expectata,

159 2614 258 2644 nsque
279 2605 317 2635 ad
336 2612 460 2646 tempus
481 2608 734 2646 constitutionis,
752 2619 812 2648 qno
835 2619 890 2649 per
905 2607 1141 2649 appellationes

159 2661 187 2690 in
226 2662 332 2692 causis
367 2663 558 2693 elcctionnm
590 2670 622 2694 et
646 2665 860 2705 provisionum
884 2665 1019 2695 emissas
1038 2665 1140 2694 citare

161 2718 286 2749 videtur
305 2729 416 2750 omnes
434 2730 511 2760 quos
533 2730 630 2750 causa
662 2722 833 2762 contingit.
856 2721 924 2752 sine
947 2721 1048 2761 ipsius
1071 2731 1143 2762 per-

160 2785 236 2806 sone
257 2775 373 2816 injuria
397 2786 456 2805 non
483 2782 606 2816 poterat
637 2777 667 2807 in
691 2787 785 2807 cansa
820 2777 962 2817 procedi,
998 2777 1142 2807 adiciens

161 2832 240 2873 quod
264 2836 326 2863 tam
359 2833 483 2863 electus
515 2833 581 2873 ipsc
614 2843 705 2873 qnam
737 2838 965 2874 procuratores
997 2833 1143 2874 Elnvensis

197 2957 213 2979 l.
235 2957 281 2979 Jlx.
300 2958 477 2981 :continetur¹

2095 266 2156 296 (585

1145 340 1147 348 ’
1173 344 1323 374 ecclesie.
1347 348 1415 383 post
1434 341 1664 382 appellationes
1694 338 2024 380 pi·e=lictas‚ejus‹le1n
2051 338 2157 369 archi-

1172 398 1477 440 episcopijudicium
1501 397 1680 427 voluntarie
1698 396 1877 431 subierunt,
1891 405 1933 426 ex
1954 405 2014 435 quo
2030 394 2158 425 dicebat

1174 466 1335 486 recessum
1365 454 1403 485 ah
1436 455 1511 494 ipsis
1533 454 1658 484 etiamsi
1680 453 1824 492 legitime
1847 453 2045 483 extitissent.
2068 451 2156 487 Quod

1173 512 1290 553 prefati
1312 512 1539 553 procuratores
1560 509 1717 539 dictorum
1735 509 1848 549 prioris
1861 512 1892 539 et
1909 510 2090 539 conventus
2104 518 2159 538 ne-

1147 578 1149 582 *
1174 572 1289 609 gantes
1310 569 1450 600 omnino,
1474 566 1662 598 asserebant
1681 569 1880 600 constanter,
1899 570 2030 607 propter
2046 565 2159 596 absen-

1175 626 1251 656 tiam
1263 625 1394 665 ejusne
1410 634 1471 664 quo
1484 624 1527 654 sic
1547 623 1665 654 dicitur
1684 632 1757 653 esse
1771 623 1945 662 provisum,
1962 632 2021 652 non
2036 621 2157 652 debere

1176 682 1338 722 negotium
1355 680 1609 712 1·etardari.cum
1631 679 1787 709 notorium
1816 688 1888 709 esse
1912 679 2015 719 ipsum
2037 677 2158 709 nullum

1177 748 1232 779 per
1253 738 1466 778 provisionem
1488 735 1634 777 ejusdem
1649 735 1954 775 archiepiscopi,cui
1968 734 2068 765 solum
2081 734 2161 764 inni-

1177 794 1318 835 titurjns
1331 793 1450 823 habore
1467 802 1520 833 pro
1531 801 1569 822 eo
1583 791 1664 832 quod
1676 790 1839 831 explorari
1852 791 1935 831 juris
1946 790 2158 830 extititquod

1178 853 1207 881 in
1222 860 1319 881 cansa
1335 849 1534 890 negligentie
1551 850 1688 880 tantum,
1712 847 1865 877 videlicet
1878 847 1904 876 si
1921 847 1998 877 dicti
2019 847 2106 887 prior
2129 850 2161 876 et

1177 908 1356 938 conventus
1377 905 1601 945 neglcxissent
1619 904 1657 933 aul
1675 903 1865 933 electionem
1882 902 2058 943 procedere
2078 902 2161 932 iufra

1180 971 1304 1005 tempus
1321 974 1337 993 a
1356 972 1479 993 canone
1492 961 1716 993 constitutum„
1736 960 1875 1000 potuerit
1891 959 1974 989 idem
1985 959 2162 999 archiepis—

1178 1031 1276 1061 copus
1297 1019 1479 1061 providere.
1505 1018 1602 1048 Iidem
1624 1026 1747 1057 quoque
1774 1018 2005 1056 procuratores
2033 1015 2162 1056 adjece-

1179 1079 1263 1110 runt,
1273 1075 1366 1116 qnod.
1377 1086 1448 1106 cum
1460 1075 1515 1105 ille
1527 1074 1567 1104 ‹le
1579 1083 1639 1114 quo
1652 1073 1813 1114 provisum
1827 1072 1956 1109 dicitur⁷
1967 1071 2063 1101 nichil
2077 1071 2159 1101 aliud

1179 1134 1290 1174 possit.
1315 1132 1438 1171 nisijus
1462 1130 1544 1171 quod
1565 1130 1660 1160 hahet
1680 1129 1718 1159 ab
1740 1129 1983 1169 archiepiscopo
2005 1127 2159 1167 allegare,

1181 1190 1293 1220 merito
1314 1188 1454 1219 debehat
1478 1187 1660 1217 inchoatum
1683 1186 1838 1227 judicium
1860 1194 1930 1215 cnm
1961 1184 2030 1226 ipso
2059 1183 2164 1213 archi-

1180 1247 1332 1288 episcopo
1366 1245 1543 1280 terminari,
1567 1254 1604 1274 eo
1640 1242 1721 1283 quod
1761 1243 1844 1272 inter
1869 1241 1947 1272 duos
1977 1239 2163 1271 instantiam

1153 1318 1154 1321 ¹
1177 1303 1289 1344 judicii
1315 1302 1495 1331 inchoatam
1515 1301 1567 1341 jus
1595 1300 1680 1330 tertii
1705 1298 1937 1339 superveniens
1965 1297 2104 1327 maxime
2127 1296 2164 1327 ali

1181 1360 1282 1389 altero
1316 1358 1511 1398 litigantium
1541 1366 1696 1396 nunquam
1737 1354 1890 1395 impediat
1925 1353 1976 1383 vel
2004 1352 2162 1383 retardet.

1181 1416 1304 1447 (litatus
1326 1415 1421 1445 ctiam
1445 1424 1461 1443 a
1478 1414 1553 1454 jure
1573 1412 1660 1449 talis,
1684 1412 1762 1441 sicut
1792 1411 1938 1451 superius
1960 1411 2009 1440 est
2030 1420 2165 1450 expres-

1182 1482 1261 1506 sum,
1283 1472 1353 1511 quia
1370 1481 1430 1501 non
1453 1469 1634 1510 comparuit
1649 1469 1734 1499 infra
1748 1467 1926 1498 constituta
1939 1468 2165 1507 tempora,qne

1182 1527 1318 1569 predicti
1349 1529 1575 1568 procuratores
1615 1525 1785 1556 effluxisse
1815 1524 1978 1559 dicebant,
2001 1533 2064 1553 non
2096 1525 2167 1553 erat

1154 1641 1155 1648 ¹
1183 1641 1381 1682 tingentibus
1396 1640 1570 1670 obmittere
1592 1638 1789 1674 videremur,
1809 1637 1848 1667 ad
1870 1635 2067 1678 probandum
2084 1635 2165 1675 quod

1181 1698 1263 1728 idem
1293 1697 1417 1727 electus
1450 1698 1483 1726 et
1507 1696 1736 1736 procnrat‹1›res
1758 1693 1907 1734 Elyensis
1932 1692 2071 1723 ecclesie
2096 1697 2169 1732 post

1182 1754 1415 1796 appellationes
1442 1751 1607 1793 predictas
1634 1751 1732 1792 ipsius
1754 1749 1987 1790 archiepiscopi
2012 1748 2167 1789 judicium

1183 1811 1366 1847 subiissent,
1391 1809 1591 1850 procuratori
1614 1807 1759 1849 ejusdem
1784 1805 2018 1846 archiepiscopi
2044 1806 2168 1845 tempus

1157 1929 1158 1941 ³
1185 1924 1296 1954 minari
1318 1923 1454 1953 fecimus
1474 1921 1662 1961 diligenter.
1700 1920 1749 1953 Et.
1769 1919 1845 1950 licet
1867 1929 1923 1960 per
1939 1928 2049 1949 eornm
2071 1917 2171 1958 depo·

1157 1974 1159 2010 ἱ
1185 1981 1320 2011 sitiones
1342 1978 1437 2010 nichil
1466 1977 1649 2009 constiterit
1671 1986 1743 2007 esse
1768 1975 1949 2016 probatum,
1979 1984 2036 2005 nos
2061 1976 2168 2004 tamen

1185 2039 1301 2068 iterato
1316 2036 1580 2075 ainliviinus,‹pie
1602 2035 1711 2074 partes
1733 2042 1840 2063 coram
1872 2030 1961 2062 nohis
1993 2040 2170 2072 proponere

1188 2094 1367 2125 volnoruiit.
1384 2092 1511 2123 Auditis
1528 2092 1635 2130 itaque
1652 2088 1796 2120 omnibus
1815 2088 1887 2119 hinc
1908 2087 1982 2118 inde
1999 2087 2171 2128 propositis

1187 2154 1219 2182 ct
1240 2151 1363 2192 plenius
1381 2148 1569 2180 intellectis.
1585 2146 1622 2177 ad
1633 2144 1863 2177 removendam
1874 2154 1999 2175 omnem
2014 2143 2171 2184 ambigni-

1188 2210 1289 2239 tatem
1306 2207 1344 2238 dc
1359 2208 1469 2237 cetero
1491 2215 1588 2245 super
1620 2201 1801 2244 hujusmodi
1831 2200 1967 2231 articulo
1993 2199 2169 2240 questionis

1190 2265 1336 2295 nolentes
1360 2263 1388 2293 in
1410 2263 1469 2293 hac
1497 2264 1589 2302 parte
1623 2259 1755 2290 ulterius
1777 2257 1927 2295 dubitari,
1962 2257 2000 2286 ‹le
2035 2255 2169 2286 fratrum

1190 2324 1371 2351 nostrornm
1394 2318 1528 2349 consilio
1549 2317 1767 2354 declaramus⁷
1790 2314 1993 2345 decernimus
2014 2315 2047 2343 et
2058 2321 2171 2343 cense-

1191 2387 1257 2407 mus
1278 2386 1394 2407 causas
1410 2375 1602 2406 electionum
1624 2373 1852 2414 cpiscopalium
1869 2381 1923 2401 seu
1946 2370 1984 2400 de
2005 2367 2173 2399 electioni-

1191 2440 1247 2469 hus
1268 2438 1491 2479 episcoporum
1505 2436 1650 2466 existere
1671 2434 1710 2465 de
1728 2433 1901 2474 majoribus
1924 2435 1957 2462 et
1977 2431 2063 2461 inter
2082 2430 2171 2470 ipsas

1191 2494 1396 2526 annumerari
1409 2492 1540 2524 debere.
1559 2491 1641 2532 quod
1653 2495 1702 2522 est
1720 2490 1818 2520 etiam
1834 2501 1851 2519 a
1864 2488 1983 2519 nostris
2000 2486 2173 2528 predeces-

1192 2552 1317 2583 soribus
1348 2550 1554 2580 observatum
1581 2558 1616 2579 ac
1643 2547 1812 2578 electionis
1837 2544 1981 2587 predicte
2009 2542 2172 2583 negotium

1194 2609 1291 2639 fuisso
1313 2607 1350 2637 ad
1372 2606 1506 2637 eandem
1530 2604 1646 2636 Sedem
1669 2614 1725 2645 per
1745 2602 1978 2644 appellationes
1996 2597 2175 2640 hujusmodi

1192 2664 1393 2696 devolutum.
1417 2661 1664 2702 Undequicquid
1679 2665 1750 2701 post
1763 2658 1998 2700 appellationes
2014 2655 2175 2697 predictas

1195 2723 1253 2752 fuit
1284 2730 1340 2761 per
1376 2719 1513 2750 eundem
1539 2717 1815 2757 archiepiscopum
1838 2716 2078 2754 attemptatum.
2109 2711 2177 2741 sive

1195 2777 1352 2809 cassando
1372 2776 1564 2807 electionem
1592 2773 1779 2814 premissam
1809 2774 1864 2802 aut
1882 2771 1939 2811 ipsi
1970 2768 2107 2799 eccli-sie
2135 2766 2175 2797 de

1195 2835 1256 2865 alio
1275 2832 1469 2874 providendo
1485 2831 1565 2871 quod
1610 2829 1669 2859 sihi
1709 2828 1890 2859 nullatenus
1920 2826 2020 2859 licuit,
2050 2822 2175 2855 etiamsi

1196 2891 1256 2921 rite
1271 2891 1439 2920 cassasset
1451 2888 1641 2919 electionem
1660 2885 1806 2918 eandem,
1823 2894 1892 2914 cum
1914 2882 2014 2913 solum
2030 2882 2060 2911 in
2079 2888 2176 2910 causa

1198 2946 1397 2988 negligentie
1419 2945 1456 2976 ad
1478 2955 1562 2976 eum.
1589 2943 1639 2982 qui
1663 2941 1808 2983 proximo
1829 2950 1964 2981 preesse
1986 2937 2176 2974 dinoscitur,
