2477 3512
956 262 1227 309 CINQUIEME
1253 263 1419 301 ANNEE
2198 271 2241 303 27

211 374 301 400 2850
614 373 748 407 Anagni‚
773 373 809 401 13
831 373 945 400 sevrier
968 373 1054 400 1259.

172 427 372 459 Patriarchis,
407 427 647 461 archiepiscopis
682 428 713 453 et
748 426 900 460 episcopis
934 426 965 452 in
1001 433 1135 459 quorum

131 471 314 498 civitatibus
339 471 389 498 vel
415 471 588 498 diocesibus
614 471 726 498 fratres
752 470 868 497 ordinis
892 470 928 496 B.
956 470 1071 496 Mariae
1097 470 1135 496 de

130 515 237 542 Monte
259 514 390 542 Carmeli
411 515 599 546 consistunt,
619 515 751 541 mandat
773 515 809 540 ut
831 521 848 541 a
869 514 1019 540 molestiis
1041 513 1135 540 desis-

131 561 245 591 tentes,
268 559 446 585 nuHatenus
469 566 520 585 eos
542 558 717 592 impediant
740 558 906 592 quominus
929 558 960 584 in
983 558 1045 584 suis
1068 565 1135 584 ora-

131 603 218 631 toriis
250 603 357 630 divina
388 603 494 630 officia
524 603 678 629 celebrare
709 604 922 637 praesumant.
956 602 1052 635 (Rea.
1085 602 1134 634 25,

127 648 150 675 1.
172 647 241 679 200,
262 655 312 674 an.
334 647 371 679 V,
392 654 417 674 c.
440 647 499 679 84;
521 647 693 674 PorTnAsr
714 646 835 680 17486.)

171 747 183 763 «
227 735 449 772 Palriarcliis,
495 735 762 777 archiepiscopis
808 737 836 766 et
881 734 1050 776 episcopis
1097 734 1131 765 in

127 797 268 829 quorum
306 787 500 819 civitatibus
537 787 585 819 vel
620 787 810 820 diocesibus
844 788 965 828 fratres
1001 787 1133 819 ordinis

125 841 227 872 Beate
263 841 380 872 Marie
418 841 456 872 de
493 841 613 872 Monte
653 840 800 873 Carmeli
838 840 1038 872 consistunt.
1077 840 1131 871 Ad

127 894 346 926 audientiam
370 896 528 925 nostram
551 913 605 926 -.
631 894 714 925 Dat.
740 897 777 925 ut
802 894 836 925 in
861 893 939 925 alia.
965 906 977 921 ν)

204 1060 288 1086 2851
637 1060 772 1094 Anagni,
795 1060 833 1086 28
856 1067 939 1086 mars
963 1060 1049 1086 1259.

165 1114 268 1140 Fratri
293 1113 447 1145 Walasco,
473 1113 635 1147 capellano
664 1113 847 1147 apostonco‚
874 1113 1006 1140 mandat
1032 1114 1067 1139 ut
1093 1113 1136 1140 ad.

126 1164 229 1192 regem
260 1158 391 1191 Angliae
427 1165 463 1184 ac
491 1158 610 1184 nobiles
653 1158 736 1184 viros
769 1159 800 1184 et
832 1157 964 1184 barones
993 1157 1134 1190 ejusdem

126 1202 212 1236 regni
244 1202 455 1236 proficiscens,
492 1209 543 1228 eos
576 1209 614 1228 ne
649 1202 901 1228 Wintoniensem
935 1201 1069 1228 electum
1102 1202 1133 1228 in

125 1247 222 1274 libera
246 1246 393 1273 ecclesiae
417 1253 491 1273 suae
517 1246 791 1273 administratione
815 1246 1005 1272 conturbent
1029 1246 1134 1273 horta-

123 1293 186 1318 tur.
208 1291 304 1324 (Rea.
327 1291 376 1322 25,
397 1291 418 1317 f.
440 1291 509 1323 200,
531 1298 581 1318 an.
604 1291 642 1323 V,
663 1298 688 1317 c.
711 1291 774 1324 85.)

174 1393 186 1409 «
213 1380 328 1412 Fratri
353 1380 522 1418 Walasco,
554 1381 592 1412 de
619 1381 736 1412 ordine
761 1380 954 1417 Minorurn,
982 1380 1135 1421 peniten-

127 1433 229 1465 tiario
259 1436 288 1465 et
317 1433 491 1475 capellano
519 1435 642 1465 nostro.
673 1433 831 1465 Dilectus
860 1432 953 1465 filius
982 1433 1135 1464 Adema-

125 1487 206 1524 rius,
241 1486 494 1518 Wintoniensis
524 1486 666 1524 electus,
699 1487 793 1528 apud
826 1486 950 1517 Sedem
981 1486 1133 1528 Aposto—

125 1539 228 1571 licam
254 1540 482 1576 constitutus,
508 1539 692 1581 proposuit
715 1539 750 1570 in
775 1542 894 1571 nostra
921 1541 957 1570 et
980 1539 1131 1570 fratrum

124 1595 326 1624 nostrorum
351 1592 540 1634 presentia,
566 1593 660 1634 quod
685 1602 765 1623 cum
790 1593 943 1633 quedam
966 1592 1001 1623 in
1025 1600 1131 1633 regno

125 1645 249 1687 Anglie
274 1645 364 1677 circa
386 1645 495 1687 ipsius
517 1645 613 1687 regni
637 1648 773 1677 statum
796 1645 999 1676 immutatio
1023 1655 1132 1676 emer-

125 1699 237 1736 sisset,
274 1699 358 1740 ipse,
397 1698 479 1740 quia
514 1708 559 1730 ex
592 1698 658 1730 hiis
694 1708 761 1740 que
796 1701 882 1729 tunc
917 1698 1131 1740 gerebantur

124 1752 373 1784 convinciebat
405 1754 525 1794 aperte
554 1752 566 1771 1
595 1752 700 1793 quod,
723 1751 750 1783 si
775 1754 972 1783 moraretur
994 1751 1029 1782 in
1053 1751 1128 1793 ipso

124 1814 242 1846 regno,
274 1805 468 1846 periculum
498 1804 564 1836 sibi
594 1807 732 1846 poteret
761 1804 954 1841 imminere,
986 1807 1130 1836 coactus

125 1861 189 1895 est,
222 1860 261 1889 ut
292 1858 474 1900 personale
503 1857 636 1889 vitaret
667 1857 890 1899 dispendium
921 1860 957 1889 et
987 1860 1131 1899 propter

126 1911 353 1943 necessitates
381 1911 476 1947 alias,
506 1919 652 1952 regnum
678 1910 795 1952 ipsum
822 1910 925 1947 exire,
956 1920 995 1941 ac
1023 1920 1057 1942 se
1085 1910 1129 1941 ab

125 1964 268 1996 ecclesia
301 1974 375 2000 sua,
410 1963 632 1995 considerato
664 1966 761 1995 statu
793 1963 973 2005 temporis,
1007 1963 1131 1995 absen-

123 2019 210 2049 tare.
245 2016 347 2048 Unde
382 2016 639 2058 supplicatione
672 2016 796 2047 humili
828 2016 931 2058 petiit
964 2018 1015 2053 ut,
1050 2026 1130 2047 curn

120 2070 156 2101 in
179 2070 338 2112 predicta
361 2069 506 2101 ecclesia
529 2079 591 2101 sua
614 2079 731 2101 secure
755 2069 883 2100 morari
906 2079 975 2100 non
998 2068 1128 2105 valeat,

120 2123 307 2165 gravisque
335 2125 451 2154 metus
479 2132 560 2154 eum
589 2122 710 2154 abesse
739 2122 938 2163 compellat,
968 2131 1130 2153 manens-

123 2186 190 2218 que
219 2178 320 2207 extra
350 2175 546 2217 predictam
575 2175 767 2211 ecclesiam,
798 2175 892 2216 quod
921 2175 1044 2216 utique
1072 2184 1131 2206 cor

126 2220 203 2261 ejus
238 2219 343 2251 valde
379 2219 513 2251 cruciat
548 2222 584 2250 et
619 2219 821 2255 conturbat,
859 2219 948 2250 circa
984 2219 1130 2250 liberam

123 2273 231 2315 ipsius
278 2272 418 2304 ecclesie
464 2272 822 2304 amministrationem
869 2272 986 2313 quoad
1031 2272 1131 2313 spiri-

123 2326 234 2358 tualia
272 2328 309 2357 et
345 2325 553 2366 temporalia
590 2325 807 2366 impediatur
844 2334 913 2356 non
951 2325 1129 2356 modicum

121 2382 158 2411 et
189 2378 364 2415 turbetur,
398 2378 583 2419 multaque
614 2378 688 2409 sint
720 2378 761 2409 de
794 2377 895 2409 bonis
926 2380 962 2409 et
992 2377 1130 2419 juribus

125 2432 169 2464 ad
189 2441 269 2463 eum
289 2434 325 2463 et
344 2430 525 2462 ecclesiam
544 2431 659 2472 ipsam
679 2431 924 2473 spectantibus
943 2433 1128 2472 occupata,

124 2488 160 2517 et
183 2484 272 2516 circa
295 2484 454 2515 redditus
477 2486 513 2515 et
535 2486 729 2526 proventus
752 2483 967 2525 episcopales
990 2483 1127 2525 aliaque

125 2537 217 2569 bona
249 2537 293 2568 ad
325 2537 441 2578 ipsum
472 2539 508 2568 et
538 2537 720 2568 ecclesiam
751 2537 899 2568 eandem
931 2536 1130 2578 spectantia

123 2590 330 2622 violentiam
355 2592 390 2621 et
414 2589 579 2631 injuriam
603 2590 773 2631 patiatur,
799 2589 848 2621 ita
873 2590 967 2631 quod
992 2599 1061 2620 non
1086 2589 1132 2620 sit

124 2644 155 2675 ei
176 2643 284 2674 libera
305 2642 382 2674 illos
402 2642 536 2683 integre
557 2642 771 2684 percipiendi
792 2645 827 2674 et
849 2642 1001 2673 habendi
1023 2642 1132 2673 facul-

123 2699 190 2733 tas,
216 2695 400 2737 providere
425 2695 489 2726 sibi
514 2705 618 2736 super
641 2695 706 2726 hiis
730 2695 925 2737 apostolica
951 2695 1131 2735 diligentia

124 2758 337 2781 curaremus.
364 2748 436 2779 Nos
460 2748 567 2789 igitur
591 2748 632 2779 de
657 2748 728 2779 suis
752 2748 981 2779 condolentes
1006 2756 1133 2788 angus-

125 2802 184 2833 tiis
209 2801 310 2843 eique
336 2801 371 2832 in
398 2803 453 2832 tot
479 2801 737 2842 compatientes
763 2801 930 2837 adversis,
958 2811 1038 2832 cum
1064 2800 1133 2832 fra—

124 2857 219 2886 trum
258 2856 294 2886 et
333 2853 621 2895 coepiscoporum
662 2857 864 2885 nostrorum
905 2853 1031 2895 injurie
1071 2863 1134 2885 nos

128 2917 199 2939 non
225 2908 428 2948 pretereant
454 2908 489 2938 et
515 2906 659 2943 offense,
687 2916 725 2938 ac
751 2907 976 2938 intendentes
1001 2906 1045 2938 ob
1071 2906 1134 2937 hec

159 2995 181 3016 1.
200 2994 261 3019 neg.
276 3000 282 3015 :
296 2994 388 3019 aparte.

1240 374 1375 415 plenius
1409 375 1498 406 circa
1532 385 1611 406 cum
1646 374 1781 416 prefate
1820 375 1916 407 Sedis
1950 377 2131 408 ostendere
2164 386 2240 418 gra-

1241 429 1328 461 tiam
1355 433 1387 461 et
1416 430 1584 466 savorem,
1612 440 1691 461 cum
1719 439 1787 460 non
1814 430 1859 461 sit
1885 431 2107 471 alispiatenus
2132 432 2240 473 ipsius

1241 484 1339 515 dolor
1360 486 1541 525 augendus
1562 485 1620 516 sed
1644 484 1854 515 minuendus
1876 485 2003 525 potius,
2028 486 2111 527 quin
2132 487 2240 517 immo

1240 537 1489 569 consolationis
1510 538 1543 568 in
1564 548 1603 569 eo
1625 537 1690 569 sibi
1712 537 1877 568 solatium
1898 538 2137 575 tribuendum,
2159 540 2240 580 quia

1241 591 1267 621 si
1294 591 1408 632 ipsum
1436 591 1470 622 in
1498 591 1653 632 predicte
1680 590 2010 622 amministrationis
2036 591 2241 624 executione

1240 643 1401 685 impediri
1435 654 1495 685 per
1526 644 1662 684 aliquos
1695 646 1897 685 pateremur
1927 643 2126 675 videremur
2158 654 2242 686 quo-

1241 697 1431 728 dammodo
1458 696 1630 728 sustinere
1658 696 1751 737 quod
1778 696 1854 737 ejus
1880 696 2101 737 passionibus
2128 698 2241 738 passio

1241 750 1431 780 adderetur
1456 752 1491 781 et
1518 752 1730 791 postponere
1758 748 1972 790 negligenter
1998 759 2140 781 suorum
2167 751 2243 782 vul-

1241 812 1363 834 nerum
1397 802 1627 839 medicamen,
1662 802 1826 833 volumus
1858 802 1923 833 sibi
1956 802 2046 833 circa
2088 803 2149 834 hec
2183 813 2243 844 per

1242 858 1458 897 oportunum
1489 858 1524 886 et
1555 855 1768 896 condignum
1799 854 1958 895 ejusdem
1991 855 2087 886 Sedis
2118 856 2243 888 suffra—

1240 909 1335 949 gium
1364 908 1558 939 efficaciter
1587 908 1782 949 providere.
1815 907 1930 946 Quare
1959 907 2179 939 carissimum
2207 909 2241 939 in

1241 961 1378 993 Christo
1410 961 1522 992 filium
1555 963 1739 991 nostruin..
1771 960 1942 991 illustrem
1974 968 2090 1001 regem
2121 961 2242 1001 Anglie

1241 1024 1280 1045 ac
1301 1014 1433 1045 nobiles
1453 1014 1547 1044 viros
1567 1013 1713 1044 comites
1733 1016 1769 1044 et
1789 1013 1937 1044 barones
1958 1013 2053 1053 regni
2073 1013 2241 1054 ejusdem,

1240 1077 1280 1099 ac
1310 1067 1395 1098 alios
1425 1066 1640 1098 consiliarios
1678 1066 1767 1107 regis
1807 1066 1916 1107 ipsius
1955 1066 2159 1103 monendos,
2191 1076 2244 1098 ro-

1239 1120 1374 1162 gandos
1400 1119 1565 1150 duximus
1590 1121 1626 1150 et
1651 1119 1845 1150 hortandos
1870 1121 2019 1155 attente,
2047 1119 2171 1150 dantes
2196 1120 2243 1151 eis

1240 1182 1301 1215 per
1337 1174 1474 1203 nostras
1510 1171 1647 1203 litteras
1682 1171 1717 1202 in
1753 1171 1933 1203 mandatis
1969 1174 2018 1208 ut,
2056 1174 2244 1213 pensantes

1241 1225 1386 1268 provide
1415 1235 1453 1256 ac
1482 1228 1668 1266 tamquam
1696 1224 1762 1255 viri
1790 1224 1953 1256 catholici
1981 1224 2127 1256 sollicite
2154 1225 2245 1266 cogi-

1239 1281 1358 1311 tantes
1390 1281 1566 1319 quantum
1598 1277 1780 1309 Altissimo
1805 1277 1944 1318 placeat
1970 1277 1998 1308 si
2029 1277 2172 1318 prelatis
2199 1279 2242 1309 ad

1240 1341 1383 1364 suorum
1409 1341 1530 1363 curam
1556 1330 1717 1362 fidelium
1743 1330 1925 1371 deputatis
1951 1330 2063 1361 honor
2087 1332 2123 1361 et
2148 1340 2244 1362 reve-

1239 1385 1352 1416 rentia
1380 1385 1643 1426 impendantur,
1674 1386 1895 1425 quantumve
1923 1382 2107 1424 displiceat
2133 1383 2161 1414 si
2188 1384 2243 1415 vel

1240 1437 1461 1470 contumeliis
1492 1439 1555 1468 aut
1586 1436 1764 1473 molestiis,
1796 1436 2047 1467 vexationibus
2077 1446 2136 1467 seu
2167 1445 2243 1477 gra-

1239 1491 1442 1522 vaminibus
1478 1489 1745 1531 quomodolibet
1780 1489 2019 1525 offendantur,
2056 1499 2137 1520 cum
2173 1499 2242 1521 non

1239 1544 1285 1575 sit
1314 1543 1462 1575 dubium
1491 1543 1576 1584 quin
1605 1544 1793 1583 spernatur
1820 1542 1855 1572 in
1884 1551 2005 1573 eorum
2033 1544 2242 1584 contemptu

1239 1599 1275 1628 et
1305 1597 1339 1627 in
1371 1596 1563 1627 eorundem
1594 1594 1863 1626 honorificentia
1894 1594 2095 1631 honoretur,
2128 1597 2243 1626 atten-

1240 1650 1363 1681 dentes
1407 1649 1516 1680 etiam
1562 1649 1657 1690 quod
1702 1647 1930 1679 audientibus
1974 1647 2243 1688 reprehensibile

1239 1703 1382 1734 videtur
1405 1704 1441 1733 et
1465 1711 1615 1743 pravum
1639 1701 1674 1732 id
1700 1701 1794 1742 quod
1819 1700 1909 1731 circa
1934 1700 2133 1742 predictum
2157 1700 2243 1732 elec-

1238 1759 1317 1787 tum
1361 1765 1380 1786 a
1426 1754 1602 1786 nonnullis
1648 1754 1777 1785 dicitur
1820 1753 1941 1784 taliter
1984 1755 2242 1794 attemptatum

1238 1818 1390 1850 suosque
1411 1808 1547 1840 animos
1568 1808 1611 1839 ad
1634 1807 1809 1838 unitatem
1830 1806 2014 1838 concordie
2034 1806 2243 1838 inclinantes

1237 1862 1404 1903 illamque
1447 1862 1493 1893 ad
1537 1861 1713 1892 salubrem
1757 1862 1793 1891 et
1835 1869 2042 1901 prosperum
2084 1858 2243 1900 ejusdem

1238 1915 1334 1956 regni
1351 1917 1487 1946 statum
1505 1914 1591 1945 totis
1608 1913 1864 1954 amplectentes
1881 1912 2070 1943 affectibus
2087 1911 2244 1943 habeant

1238 1971 1344 2011 prout
1367 1966 1632 1999 mansuetudini
1654 1966 1744 2007 regie
1768 1975 1807 1997 ac
1831 1965 2010 1996 nobilitati
2031 1967 2068 1996 et
2090 1964 2243 1996 bonitati

1238 2032 1358 2054 eorum
1378 2020 1556 2057 convenit,
1578 2019 1817 2051 sinceritatem
1837 2017 2032 2049 dilectionis
2051 2018 2095 2048 ad
2114 2017 2240 2059 ipsum,

1238 2075 1445 2116 copulantes
1466 2084 1546 2105 euin
1567 2073 1632 2104 sibi
1654 2072 1793 2103 viuculo
1814 2071 1922 2103 solide
1943 2070 2102 2102 caritatis
2121 2071 2243 2102 lauda-

1238 2128 1309 2165 bili,
1345 2130 1521 2168 quantuni
1554 2126 1588 2157 in
1622 2126 1670 2157 eis
1703 2128 1767 2161 est,
1802 2124 2023 2166 procurando
2056 2123 2174 2155 studio
2207 2126 2243 2155 et

1239 2182 1355 2213 dando
1389 2181 1433 2212 ad
1467 2181 1531 2211 hoc
1565 2189 1668 2220 opem
1700 2181 1736 2209 et
1768 2188 1911 2219 operam
1944 2179 2168 2218 oportunam,
2204 2178 2243 2207 ut

1237 2234 1397 2276 ejusdem
1423 2233 1524 2264 electi
1549 2235 1686 2264 cessent
1712 2231 1848 2272 injurie,
1876 2229 2036 2261 molestie
2061 2229 2243 2270 conquies-

1238 2290 1332 2324 cant,
1366 2287 1539 2318 desistant
1570 2285 1825 2326 impedimenta
1856 2286 1892 2315 et
1922 2282 2129 2324 gravamina
2159 2282 2243 2314 rele-

1237 2344 1377 2377 ventur,
1400 2350 1439 2372 ac
1461 2348 1687 2380 nequaquam
1708 2338 1743 2368 in
1766 2337 1942 2379 premissis
1963 2336 2113 2367 electum
2134 2335 2243 2376 impe-

1238 2395 1339 2426 diant
1369 2403 1431 2425 nec
1463 2393 1647 2434 patiantur
1677 2391 1720 2422 ab
1752 2391 1838 2426 aliis,
1870 2400 1950 2421 cum
1980 2389 2015 2420 id
2046 2389 2090 2420 ad
2121 2388 2239 2419 saman

1237 2451 1273 2481 et
1296 2448 1464 2479 honorem
1487 2456 1608 2477 eorum
1632 2444 1818 2486 pertineat,
1843 2442 2015 2484 impediri,
2040 2442 2099 2473 sed
2123 2441 2241 2483 potius

1237 2501 1434 2533 studiosam
1458 2499 1652 2530 adhibeant
1675 2496 1896 2537 diligentiam
1921 2498 1970 2532 ut,
1996 2494 2140 2526 remotis
2164 2494 2241 2525 obs—

1237 2554 1374 2590 taculis,
1399 2553 1575 2595 predictos
1598 2551 1757 2582 redditus
1779 2552 1814 2581 et
1838 2551 2031 2590 proventus
2053 2547 2241 2587 omniaque

1239 2608 1331 2639 bona
1354 2607 1397 2638 ad
1420 2606 1535 2647 ipsum
1558 2607 1593 2636 et
1615 2603 1796 2635 ecclesiam
1819 2611 1919 2633 suam
1941 2600 2138 2642 spectantia
2161 2609 2241 2630 cum

1238 2660 1442 2701 integritate
1466 2661 1538 2689 tani
1562 2667 1622 2699 per
1643 2667 1678 2688 se
1701 2665 1807 2697 quam
1833 2664 1893 2696 per
1915 2654 2000 2685 alios
2021 2653 2096 2693 ejus
2119 2661 2241 2693 procu-

1238 2716 1372 2745 ratores
1398 2711 1453 2743 vel
1481 2711 1624 2742 nuntios
1651 2709 1820 2749 colligere,
1849 2707 2024 2749 percipere
2051 2708 2087 2736 et
2114 2705 2240 2735 habere

1239 2777 1278 2798 ac
1321 2766 1497 2807 prefatam
1538 2762 1895 2794 annninistrationem
1937 2768 2094 2790 exercere
2135 2757 2240 2787 libere

1239 2819 1501 2861 permittentur,
1545 2815 1731 2847 efficiendo
1775 2812 2020 2844 nichilominus
2063 2810 2154 2851 quod
2198 2809 2240 2840 de

1240 2872 1368 2904 ablatis
1394 2873 1429 2902 et
1456 2868 1636 2910 occupatis
1664 2867 1765 2909 plena
1792 2865 1969 2897 restitutio
1996 2863 2061 2894 sibi
2088 2863 2162 2898 fiat,
2191 2861 2239 2893 ita

1240 2925 1333 2967 quod
1372 2922 1548 2955 evidentia
1588 2920 1701 2962 operis
1738 2921 1902 2961 patenter
1938 2918 2109 2958 appareat
2146 2915 2239 2956 quod

1238 2978 1323 3009 illud
1354 2977 1386 3007 iu
1419 2974 1620 3016 hujusmodi
1650 2973 1789 3014 negotio
1819 2971 1945 3002 volunt
1973 2973 2008 3001 ct
2036 2969 2238 3005 intendunt,
