2477 3512
962 279 1190 320 raoisOEME
1216 287 1271 317 AN
1281 279 1361 316 NEE

148 361 262 392 hannis
274 361 313 391 de
332 360 493 401 Calyvita‚
507 359 628 390 ordinis
645 359 756 390 Sancti
777 357 900 393 Basilii,
921 356 1134 387 Rossanensis

149 417 302 454 diocesis,
324 417 355 447 in
373 426 433 456 quo
454 416 540 447 solus
561 415 659 446 abbas
678 424 750 446 cum
768 423 829 444 uno
849 413 1005 444 dissoluto
1027 421 1134 443 mona-

149 473 209 504 cho
229 472 428 507 morabatur,
446 472 527 502 adeo
547 473 619 502 erat
635 472 667 501 in
676 469 897 511 spiritualibus
918 473 951 499 et
970 470 1134 508 tempora—

148 529 229 559 libus
250 529 317 559 sine
339 538 394 569 spe
415 526 611 568 resurgendi
626 526 815 566 collapsum,
832 524 912 565 quod
932 524 971 555 de
991 533 1047 554 suo
1072 532 1135 554 non

149 587 276 627 poterat
297 584 409 616 ordine
439 583 622 621 reformari,
651 581 689 613 ad
718 581 908 622 petitionem
942 580 1135 611 dilectorum

150 641 313 673 filiorum..
336 640 461 671 abbatis
484 638 489 654 ¹
519 641 551 670 et
583 642 763 669 conventus
790 637 956 668 Florensis
975 636 1135 667 monaste-

148 698 197 735 rii,
217 708 275 739 per
295 697 423 727 litteras
450 698 578 726 nostras
607 694 839 731 mandavimus,
861 695 895 724 ut
917 693 955 724 de
980 691 1135 723 fratribus
1161 727 1162 730 Ἰ

150 754 270 785 ordinis
291 752 454 784 Florensis
463 751 651 782 monasterii
672 749 938 781 deberetdictum
960 749 1135 779 Grecorum

151 809 382 841 monasterium
416 807 600 845 reformari,
625 807 797 848 presertim
827 816 899 836 cum
925 805 963 836 ad
984 804 1027 842 id,
1052 804 1137 834 sicut

151 866 278 902 dicitur,
305 874 481 895 consensus
502 862 628 893 abbatis
656 862 803 903 ejusdem
825 861 974 892 accedat.
996 861 1133 897 Verum,
1161 895 1163 902 ξ

150 922 222 962 quia
243 920 381 951 nondum
400 922 463 956 est,
481 920 575 960 prout
590 919 787 959 accepimus,
817 918 848 948 in
875 916 1062 959 hujusmodi
1083 926 1135 947 re-

149 977 341 1009 formatione
354 986 555 1017 processum,
574 974 774 1012 mandamus,
787 974 937 1014 quatinus
956 973 1135 1014 personali—

150 1036 201 1064 ter
217 1032 414 1064 accedentes
435 1032 475 1063 ad
496 1032 612 1064 locum.
637 1031 662 1061 si
677 1031 768 1061 vobis
783 1030 968 1061 constiterit
984 1030 1029 1061 ita
1047 1040 1134 1063 esse,

149 1089 268 1120 dictum
290 1089 523 1120 monasterium
541 1086 1136 1119 SauctiJohannisdefratribus-›rdi-
1162 1095 1163 1110 ἐ
1266 1114 1270 1118 .
1447 1113 1452 1117 .
1688 1112 1692 1116 .
1754 1111 1758 1116 .
1857 1110 1861 1114 .
1893 1110 1896 1113 .
2013 1108 2017 1112 .
2096 1108 2100 1113 ,
2174 1107 2178 1111 .

123 1127 127 1130 ’
1162 1142 1163 1148 ,
1190 1127 1203 1140 «
1235 1114 1294 1144 Via
1314 1114 1392 1144 Lata
1424 1112 1578 1143 diaconus
1605 1111 1779 1142 cardmahs
1804 1110 1957 1148 religioso
1990 1118 2057 1138 vn‘o
2088 1109 2180 1137 tratri

148 1147 196 1177 nis
213 1145 375 1176 Florensis
387 1144 587 1179 monasterii,
600 1144 798 1175 auctoritate
815 1145 938 1181 nostra,
956 1143 1136 1174 reformare

147 1202 283 1237 curetis,
312 1201 479 1231 diocesani
500 1200 727 1241 episcopijure
755 1200 857 1237 salvo,
870 1199 1042 1230 dummodo
1064 1199 1137 1230 Flo-
1162 1199 1164 1220 ἵ

147 1258 252 1289 rensis
268 1257 388 1288 ordinis
403 1267 465 1287 non
484 1256 771 1288 obvietinstitutis.
791 1256 1057 1287 Contradictores
1070 1257 1134 1286 etc,

148 1315 263 1345 Datum
284 1314 437 1346 Viterbii,
461 1313 521 1344 XII
536 1313 600 1344 kal.
625 1313 766 1354 augusti,
785 1322 869 1343 anno
885 1313 994 1343 tertio.
1023 1327 1035 1338 »

219 1471 320 1497 2108
683 1468 807 1498 Viterbe,
823 1470 856 1494 20
871 1467 971 1501 juillet
989 1469 1063 1493 1257.

147 1656 259 1682 ordinis
275 1656 302 1681 S.
320 1655 481 1684 Benedicti,
505 1655 676 1689 Sipontinae
698 1655 851 1682 dioecesis.
876 1655 955 1681 (Rae.
981 1657 1024 1684 2:¹5,
1046 1663 1069 1680 a.
1089 1655 1135 1683 ΙΙΙ,

148 1711 172 1729 ο,
186 1705 247 1731 531.
265 1703 283 1728 f.
297 1704 353 1729 65s>

191 1820 205 1833 «
228 1804 391 1843 Joharzm‘,
409 1804 522 1836 abbati
536 1804 735 1836 monaslerz'i
750 1804 875 1836 Montis
886 1804 994 1841 Sacri,
1009 1803 1137 1835 ordinis

147 1860 267 1894 Sancti
287 1860 471 1897 Benedicti,
492 1861 681 1903 Syponcine
702 1859 852 1892 diocesis.
874 1861 1066 1891 imminente
1083 1870 1137 1890 no-

148 1918 196 1949 bis
213 1918 483 1950 monasteriorum
495 1918 633 1949 onmium
645 1917 861 1948 sollicitudine
873 1917 1031 1958 generali,
1050 1917 1138 1947 circa
1163 1946 1164 1960 ἢ

1163 1961 1164 1976 l
1192 1975 1205 1989 u
1235 1961 1280 1991 rio
1296 1960 1414 1991 Montis
1431 1960 1521 1990 Sacri
1546 1958 1729 2000 preficimus
1756 1957 1787 1987 in
1809 1956 1960 1986 abbatem
1982 1956 2014 1984 et
2042 1953 2082 1983 de
2114 1953 2183 1993 ipso

150 1974 204 2005 illa
217 1975 332 2005 merito
344 1983 402 2005 nos
417 1974 570 2005 convenit
591 1974 776 2005 attentioris
803 1973 975 2014 vigilantie
999 1973 1138 2004 studium

152 2030 317 2068 adhibere,
338 2041 398 2071 que
417 2031 562 2062 Romane
582 2030 729 2061 Ecclesie
747 2030 832 2061 nullo
853 2030 957 2060 medio
977 2032 1051 2060 sunt
1067 2029 1139 2059 sub-

146 2087 248 2127 jecta.
264 2087 372 2128 Nuper
383 2086 538 2127 siquidem
548 2086 588 2117 ad
597 2090 740 2117 nostram
751 2087 877 2127 perlato
884 2086 1044 2124 notitiam,
1056 2085 1139 2126 quod

152 2143 381 2174 monasterium
407 2144 526 2174 Montis
546 2144 651 2181 Sacri,
675 2143 756 2184 quod
782 2143 820 2173 ad
846 2143 1006 2184 prefatam
1029 2142 1139 2173 ecele-

153 2199 233 2228 siam
262 2198 346 2230 nullo
371 2200 513 2240 pertinet
536 2200 710 2235 mediante,
738 2199 864 2230 abbatis
886 2201 959 2230 erat
980 2199 1139 2240 regimine

154 2254 356 2291 destitutum,
377 2265 429 2293 ne,
443 2258 576 2296 propter
587 2256 793 2286 vacationem
808 2255 979 2293 diutinam,
994 2265 1094 2296 grave
1108 2255 1139 2285 in

151 2310 369 2351 spiritualibus
379 2311 431 2342 vel
448 2311 677 2352 temporalibus
694 2312 923 2342 detrimentum
944 2312 1138 2348 incurreret,

152 2377 221 2397 cum
252 2367 353 2408 ipsius
377 2367 416 2398 ad
444 2377 500 2398 nos
523 2371 611 2399 esset
645 2369 785 2410 provisio
815 2368 979 2403 devoluta,
1018 2368 1139 2399 dilecto

150 2422 214 2453 filio
229 2426 340 2454 nostro
359 2422 396 2455 O.
412 2423 531 2455 Sancte
544 2425 647 2455 Marie
668 2425 698 2455 in
712 2425 776 2456 Via
789 2425 870 2455 Lata
885 2425 1020 2455 diacono
1035 2424 1140 2455 cardi-

152 2479 214 2509 nali
232 2479 423 2520 providendi
443 2480 547 2511 eidem
564 2482 759 2512 monasterio
768 2481 807 2512 de
822 2481 950 2514 abbate.
965 2481 1092 2522 plenam
1106 2482 1139 2511 et

152 2535 285 2566 liberam
312 2537 543 2573 concessimus,
566 2537 638 2568 vive
660 2538 749 2568 vocis
770 2537 914 2573 oraculo,
935 2538 1138 2575 facultatem,

151 2592 214 2631 qui,
238 2591 277 2623 de
302 2598 353 2623 tue
374 2593 676 2634 circumspectionis
697 2594 856 2624 industria
872 2594 1023 2624 laudabili
1044 2595 1139 2624 testi-

149 2649 254 2679 monio
272 2659 289 2679 a
306 2649 448 2689 pluribus
473 2649 643 2689 fidedignis
669 2654 817 2691 accepto,
844 2653 888 2685 te,
917 2653 992 2681 tunc
1014 2661 1139 2681 monas-

151 2705 221 2735 terii
243 2705 362 2735 Montis
382 2705 538 2743 Virginis,
557 2705 677 2737 ordinis
693 2706 802 2737 Sancti
821 2706 1001 2743 Benedicti,
1017 2706 1138 2737 Avelli-

149 2761 256 2791 nensis
265 2760 416 2794 diocesis.
430 2762 634 2799 monachum,
645 2762 685 2793 de
699 2763 833 2804 speciali
849 2763 1000 2793 mandato
1012 2765 1137 2798 nostro,

147 2816 251 2848 eidem
281 2818 414 2858 prefecit
447 2819 644 2849 monasterio
673 2819 702 2849 in
731 2819 892 2857 abbatem,
923 2830 959 2849 ac
979 2819 1019 2850 de
1038 2820 1139 2861 ipsius

147 2873 279 2904 abbatia
293 2885 454 2914 persuum
475 2875 591 2915 pileum
617 2875 796 2906 investivit.
819 2876 974 2907 mandans
992 2876 1031 2906 ab
1048 2876 1138 2916 ojus-

181 2989 201 3011 ¹.
222 2989 268 3011 Ms.
286 2997 290 3011 ς
307 2990 399 3013 abbas.

2111 282 2174 313 647

1187 354 1257 385 dem
1285 354 1473 385 monasterii
1499 353 1636 383 subditis
1664 353 1811 384 exbiberi
1843 352 1898 383 tibi
1923 351 2063 382 debitam
2100 350 2176 380 obe-

1186 411 1340 441 dientiam
1365 411 1397 440 et
1425 410 1656 447 reverentiam,
1678 413 1712 439 et
1730 409 1769 439 de
1799 409 1864 439 suis
1886 407 2013 449 juribus
2032 406 2176 448 plenarie

1186 466 1389 507 responderi,
1427 468 1519 507 prout
1557 465 1588 495 in
1618 465 1742 505 publico
1777 465 1993 495 instrumento
2026 463 2176 494 confecto

1187 523 1303 554 exinde
1321 533 1357 553 ac
1376 522 1495 563 prefati
1508 520 1685 552 cardinalis
1703 521 1809 561 sigillo
1828 521 1950 551 munito
1964 520 2090 561 plenius
2100 528 2177 550 con-

1188 579 1320 609 tinetur.
1354 579 1418 609 Nos
1438 578 1561 617 itaque,
1585 577 1647 607 tuis
1671 577 1818 617 precibus
1842 576 2000 614 inclinati,
2026 575 2107 616 quod
2139 574 2176 605 ab

1188 635 1300 665 eodem
1321 634 1477 665 cardinali
1490 643 1588 674 super
1605 633 1665 663 hoc
1681 632 1803 662 factum
1824 634 1871 663 esl
1890 636 1994 663 ratum
2016 631 2176 662 habentes

1188 693 1221 722 et
1233 693 1372 731 gratum,
1388 690 1464 721 illud
1485 690 1683 720 auctoritate
1700 688 1877 729 apostolica
1899 688 2125 719 confirmamus
2145 688 2176 717 et

1187 747 1349 789 presentis
1372 747 1485 787 scripti
1504 745 1684 787 patrocinio
1695 745 1939 782 communiums,
1956 744 2102 785 ejusdem
2114 744 2177 774 ins-

1161 806 1162 810 ’
1189 804 1341 835 trumenti
1367 806 1515 833 tenorem
1542 802 1581 832 de
1610 801 1708 832 verbo
1740 801 1779 831 ad
1812 800 1944 830 verbum
1971 799 2176 841 presentibus

1187 860 1285 891 inseri
1304 859 1477 892 facientes,
1497 859 1549 898 qui
1571 858 1645 888 talis
1661 859 1712 887 est
1729 867 1734 888 :

1733 967 1857 995 Viterbe,
1879 968 1905 992 ¹5
1920 966 2018 998 juillet
2030 968 2106 991 1257,

1235 1072 1247 1083 ιι
1276 1057 1474 1088 Octavianus
1504 1056 1714 1086 miseratione
1740 1055 1849 1085 divina
1875 1053 1993 1083 Sancte
2020 1052 2121 1082 Marie
2148 1052 2176 1081 in

1191 1184 1203 1196 «
1233 1170 1382 1207 Johanni,
1401 1169 1509 1200 abbati
1531 1168 1721 1199 monasterii
1746 1167 1864 1197 Montis
1884 1165 1986 1198 Sacri,
2008 1164 2047 1195 ad
2061 1164 2180 1194 Roma-

1191 1242 1203 1253 «
1234 1236 1305 1257 nam
1328 1226 1506 1256 Ecclesiam
1542 1225 1627 1255 nullo
1666 1224 1771 1254 medio
1814 1221 2018 1264 pertinentis,
2059 1220 2180 1250 ordinis

1162 1303 1163 1309 κ
1191 1297 1205 1311 «
1234 1283 1343 1314 Sancti
1358 1281 1537 1315 Benedicti,
1557 1281 1722 1322 Sipontine
1743 1279 1893 1315 diocesis,
1909 1278 2050 1308 salutem
2071 1277 2102 1307 in
2120 1276 2181 1306 Do-

1191 1354 1203 1366 ιι
1233 1340 1330 1370 mino.
1355 1338 1525 1369 intellecto
1542 1348 1643 1378 nuper
1663 1337 1810 1367 dominus
1832 1344 1924 1376 papa,
1946 1334 2027 1374 quod
2048 1343 2179 1363 monas-

1190 1409 1203 1423 «
1234 1396 1349 1426 terium
1366 1395 1485 1425 Montis
1501 1394 1592 1425 Sacri
1608 1395 1697 1424 esset
1713 1392 1838 1423 abbatis
1859 1391 2020 1432 regimine
2042 1389 2181 1420 destitu-

1161 1455 1204 1479 Νι
1234 1454 1300 1482 tum
1338 1454 1370 1482 et
1407 1452 1505 1492 ipsius
1547 1450 1688 1491 provisio
1724 1449 1763 1480 ad
1800 1448 1917 1479 Sedcm
1957 1445 2179 1487 Apostolicarn

1161 1513 1163 1539 L
1190 1523 1203 1536 «
1232 1508 1396 1543 devoluta,
1436 1508 1563 1538 demum
1594 1506 1828 1536 ordinationem
1866 1514 1921 1534 seu
1963 1502 2179 1543 provisionem

183 1561 344 1587 Confirmat
363 1561 539 1586 electionem
555 1560 676 1586 joannis
690 1561 840 1594 quondam
864 1560 1002 1586 monachi
1018 1567 1136 1585 monas·
1161 1552 1163 1572 i

146 1608 211 1634 terii
228 1608 332 1634 Montis
354 1608 488 1643 Virginis,
508 1607 536 1633 in
557 1608 694 1634 abbatem
725 1607 896 1634 monasterii
919 1607 1025 1633 Montis
1045 1607 1135 1638 Sacri,
1161 1615 1163 1648 ¹,
1190 1636 1203 1649 «
1234 1622 1334 1652 vocis·
1354 1622 1418 1652 NOS
1439 1631 1526 1658 verm
1544 1631 1582 1651 ne
1596 1619 1830 1650 monasterium
1850 1618 1952 1658 ipsum
1973 1617 2106 1657 Propter
2127 1624 2182 1644 va-

1161 1710 1163 1722 ,
1191 1692 1204 1705 u
1233 1679 1392 1709 cationem
1423 1677 1579 1708 diutinam
1615 1686 1715 1715 grave
1742 1675 1924 1705 incurreret
1936 1673 2180 1707 detrimentum,

1161 1738 1163 1753 '¹
1190 1750 1204 1762 «
1233 1738 1277 1773 te,
1306 1734 1465 1775 quondam
1494 1733 1687 1764 monachum
1724 1731 1842 1763 Montis
1874 1730 2035 1771 Virginis,
2063 1727 2183 1759 ordinis

1190 1578 1203 1592 «
1233 1565 1378 1606 ejusdem
1411 1564 1601 1595 monasterii
1627 1563 1716 1593 nobis
1753 1561 1914 1592 commisit
1949 1560 2080 1591 oraculo
2109 1558 2183 1588 vive

1190 1806 1203 1819 (ι
1232 1792 1343 1823 Sancti
1359 1791 1540 1828 Benedicti,
1562 1789 1781 1820 Avellinensis
1797 1787 1948 1825 diocesis,
1966 1785 2005 1816 de
2026 1785 2118 1826 cujus
2132 1785 2182 1814 in-

1190 1863 1204 1876 «
1231 1848 1357 1878 dustria
1379 1847 1505 1888 plenam
1536 1847 1566 1877 in
1591 1845 1722 1876 Domino
1752 1844 1900 1875 fiduciam
1922 1842 2118 1879 obtinemus,
2138 1840 2177 1871 de

1191 1918 1204 1933 u
1233 1904 1366 1945 speciali
1387 1904 1540 1934 mandato
1561 1903 1661 1943 ipsius
1677 1901 1795 1931 domini
1805 1909 1898 1941 pape,
1913 1899 2000 1929 dicto
2014 1899 2182 1928 monaste-

1192 2031 1206 2045 «
1230 2028 1288 2058 per
1307 2018 1452 2047 nostrum
1474 2015 1602 2056 pilleum
1625 2013 1828 2051 investimus,
1847 2021 1957 2042 curam
1975 2012 2008 2041 et
2029 2009 2181 2040 adminis-

1164 2079 1166 2097 ἰ
1193 2089 1205 2101 ιι
1235 2074 1408 2104 trationem
1432 2073 1531 2113 ipsius
1554 2071 1609 2102 tibi
1630 2074 1695 2101 tarn
1723 2070 1754 2100 in
1781 2067 2000 2110 spiritualibus
2030 2075 2125 2106 quam
2148 2065 2179 2095 in

1193 2145 1205 2157 u
1235 2129 1466 2171 temporalibus
1484 2128 1738 2161 committentes,
1756 2136 1794 2156 ac
1815 2124 2006 2155 mandantes
2024 2122 2063 2153 ab
2082 2122 2180 2163 ipsius

1193 2202 1206 2214 «ι
1235 2186 1424 2217 monasterii
1446 2184 1580 2215 subditis
1598 2184 1654 2214 tibi
1674 2186 1837 2223 tamquam
1864 2179 2053 2211 monasterii
2083 2178 2181 2219 ipsius

1193 2259 1207 2271 «ι
1235 2243 1343 2273 abbati
1354 2242 1572 2273 obedientiam
1587 2242 1620 2271 et
1635 2239 1853 2280 reverentiam
1863 2237 2004 2268 debitam
2017 2234 2178 2269 exhiberi,

1193 2315 1205 2327 ‹·
1236 2302 1269 2330 et
1284 2299 1324 2330 de
1345 2299 1411 2330 suis
1435 2297 1562 2340 juribus
1582 2297 1727 2338 plenarie
1757 2294 1960 2336 responderi,
1995 2293 2023 2322 in
2051 2293 2181 2323 contra—

1194 2371 1207 2385 «
1235 2356 1388 2391 dictores,
1411 2355 1501 2395 siqui
1519 2354 1651 2392 suerint,
1674 2353 1725 2384 vel
1753 2351 1894 2382 rebelles
1916 2348 2182 2380 excommunica-

1194 2428 1206 2441 υ
1236 2413 1332 2444 tionis
1354 2412 1551 2443 sententiam
1569 2408 1815 2452 promulgando.
1836 2409 1869 2438 In
1901 2407 1994 2448 cujus
2020 2406 2067 2436 rei
2088 2404 2182 2435 testi-

1193 2484 1207 2497 «
1236 2469 1387 2506 monium,
1403 2478 1538 2509 presens
1559 2467 1718 2508 publicum
1740 2465 1989 2495 instrumentum
2007 2461 2075 2493 fieri
2090 2470 2182 2491 man-

1193 2541 1207 2555 (ι
1234 2526 1380 2556 (lavimus
1406 2524 1504 2565 sigilli
1529 2523 1631 2553 nostri
1648 2522 1847 2563 appensione
1868 2520 2035 2550 munitum.
2064 2518 2180 2547 Actum

1194 2598 1206 2610 n
1233 2582 1383 2619 Viterbii,
1405 2582 1436 2612 iu
1457 2581 1597 2621 hospitio
1613 2579 1691 2610 dicti
1720 2578 1837 2609 domini
1859 2575 2044 2611 cardinalis,
2071 2582 2180 2603 coram

1194 2654 1207 2666 «
1238 2638 1415 2670 venerabili
1430 2640 1522 2679 patre
1542 2638 1580 2667 A.
1597 2632 2006 2677 episcopoHumanatensi,
2023 2630 2181 2671 magistro

1194 2710 1206 2723 ‹-
1236 2695 1358 2727 Uberto
1376 2694 1415 2725 de
1432 2694 1639 2725 Cliochenato
1654 2695 1686 2723 et
1703 2691 1831 2721 domiuo
1844 2689 1990 2721 Guidone
2005 2687 2044 2717 de
2062 2686 2181 2717 Sancto

1194 2767 1207 2779 (ι
1237 2751 1391 2784 Cassiano
1412 2750 1567 2782 canonico
1590 2750 1721 2781 Pisano,
1744 2747 1863 2777 domini
1886 2756 1966 2787 pape
1987 2742 2178 2784 capellanis,

1194 2824 1207 2836 «
1237 2808 1394 2849 magistro
1416 2808 1454 2837 R.
1489 2806 1612 2837 decano
1638 2803 1830 2836 Civitateusi
1859 2804 1891 2833 et
1909 2801 1979 2832 aliis
2004 2798 2178 2840 capellanis

1194 2879 1207 2891 κ
1231 2867 1265 2896 et
1285 2863 1499 2895 familiaribus
1523 2863 1601 2893 dicti
1627 2861 1745 2892 domiui
1773 2858 1949 2890 cardinalis
1974 2854 2180 2897 presentibus

1236 2924 1268 2951 et
1296 2921 1420 2961 rogatis
1447 2919 1595 2955 testibus,
1618 2928 1701 2948 anno
1727 2916 1852 2947 Domini
1878 2912 2095 2949 MCCLVII,
2119 2910 2179 2941 idi-

1194 2992 1206 3004 n
1237 2978 1292 3008 bus
1333 2977 1415 3018 julii,
1459 2975 1696 3016 quintedecime
1733 2972 1928 3008 indictionis,
1973 2968 2181 3010 pontificatus
