2477 3512
969 261 1240 308 CINQUIEME
1266 263 1432 300 ANNEE
2212 277 2254 309 49

145 374 324 411 «dicebat,
367 377 487 406 actum
528 374 644 406 fuerat
684 384 758 406 esse
798 374 898 415 plene
945 373 1145 409 fundatam,

145 428 318 469 «petebat
347 437 451 469 super
478 429 629 468 utroque
656 427 871 458 sententiam
899 437 960 468 pro
989 437 1024 458 se
1052 426 1144 462 ferri,

143 483 271 522 «parte
304 480 452 511 adversa
485 480 520 511 in
553 480 770 511 contrarium
803 480 1008 511 affirmante
1041 482 1076 510 et
1110 488 1145 510 se

143 546 156 562 «
171 533 214 564 ab
235 533 518 574 impetitionibus
538 533 648 574 partis
668 533 813 564 adverse
834 532 969 564 absolvi
990 534 1145 573 petente.

188 598 201 614 «
229 586 301 617 Nos
329 586 446 627 igitur,
476 586 608 617 auditis
636 589 671 617 et
699 585 886 617 intellectis
914 585 979 616 hiis
1006 588 1041 616 et
1070 585 1146 616 aliis

141 649 236 680 «que
270 641 387 680 partes
420 649 614 680 proponere
646 639 847 675 voluerunt,
881 640 1092 680 receptaque
1125 648 1144 669 a

141 692 312 723 «domino
343 701 436 733 papa
468 692 608 723 licentia
642 692 683 723 de
715 691 891 723 sententia
924 691 1143 732 proferenda,

140 745 390 786 «presentibus
414 744 523 775 fratre
550 744 733 776 Godifrido
759 747 794 775 et
820 744 929 776 fratre
956 744 1142 780 Herberto,

139 797 454 839 «procuratoribus
501 797 583 828 dicti
632 797 846 833 monasterii,
893 800 928 828 et
975 797 1142 833 Gallutio,

139 863 151 879 «
166 854 417 892 procuratore..
452 850 594 891 majoris
625 850 861 887 scabinorum,
894 850 1077 881 hominum
1108 853 1142 881 et

140 903 435 935 «communitatis
458 903 734 944 predictorum,..
759 903 895 944 majori,
909 903 1060 934 scabinis
1084 903 1144 934 ho-

139 956 320 988 «minibus
355 959 390 987 et
426 956 676 987 communitati
714 956 880 997 predictis
916 959 950 988 et
988 956 1142 988 Gallutio

139 1009 307 1040 «nomine
350 1009 504 1050 ipsorum
550 1009 763 1041 mandamus
806 1012 841 1040 et
885 1009 1144 1041 sententialiter

138 1061 366 1094 «inhibemus
396 1072 439 1094 ne
470 1062 637 1094 abbatem
669 1065 701 1094 et
736 1066 952 1094 conventum
985 1063 1142 1104 prefatos

138 1124 269 1156 «super
302 1115 517 1156 possessione
551 1115 606 1147 vel
640 1116 740 1157 quasi
774 1116 927 1147 habendi
961 1116 1141 1147 usuarium

136 1168 226 1210 «pro
257 1168 468 1200 animalibus
498 1169 568 1200 suis
598 1169 632 1200 in
664 1169 802 1210 pascuis
831 1172 865 1201 et
897 1169 1075 1210 aysentias
1104 1169 1139 1200 in

136 1221 321 1253 «mariscis
349 1222 441 1253 dicte
468 1222 548 1253 ville
576 1222 617 1253 ‹le
646 1222 884 1263 Montigniaco
912 1226 947 1253 et
977 1222 1139 1254 territorii

136 1274 240 1315 «ejus
278 1275 478 1312 molestent,
518 1275 714 1316 impediant
754 1276 807 1306 vel
847 1276 1065 1316 perturbent,
1105 1278 1140 1306 et

136 1328 259 1369 «quod
286 1337 391 1369 super
417 1328 481 1359 hiis
508 1328 551 1359 ab
579 1329 732 1369 ipsorum
761 1328 902 1359 abbatis
928 1332 959 1359 et
989 1339 1141 1359 conven-

136 1382 221 1411 «tus
265 1380 524 1417 molestatione,
577 1381 831 1422 impedimento
876 1384 911 1412 et
955 1382 1138 1422 perturba-

135 1433 258 1465 «tione
290 1434 473 1466 desistant.
506 1434 594 1465 Sane
625 1435 707 1476 quia
737 1435 779 1466 de
809 1445 878 1476 qua
908 1444 942 1465 rc
972 1435 1139 1475 cognovit

134 1486 271 1527 «judex
294 1487 336 1518 de
359 1497 399 1518 ea
422 1487 651 1528 pronuntiare
674 1490 817 1518 tenetur
837 1487 940 1528 juxta
964 1488 1138 1528 legitimas

135 1539 372 1577 «sanctiones,
407 1542 443 1571 et
475 1543 551 1572 tam
584 1540 618 1571 in
651 1540 768 1571 libello
802 1541 996 1582 prescripto
1030 1550 1137 1582 quam

134 1602 181 1624 «a
207 1592 369 1634 partibus
394 1593 430 1624 in
457 1593 676 1635 processibus
701 1593 823 1634 judicii
850 1594 1055 1635 petitorium
1082 1603 1138 1625 su-

133 1654 223 1687 «per
255 1645 422 1687 predictis
453 1645 590 1687 juribus
623 1646 692 1678 fuit
725 1646 929 1683 deductum,
964 1649 1000 1678 et
1032 1656 1137 1689 super

134 1709 148 1727 α
161 1707 201 1730 00
222 1708 326 1740 pars..
348 1699 489 1731 abbatis
508 1701 544 1731 et
563 1702 761 1732 conventus
780 1699 1015 1732 intentionem
1035 1709 1136 1732 suam

132 1751 260 1794 «plene
289 1752 505 1784 fundaverit.
546 1752 706 1794 ..majori‚
738 1753 903 1791 scabinis,
934 1753 1136 1785 hominibus

133 1806 196 1836 «et
222 1805 473 1837 communitati
498 1805 665 1847 predictis
692 1808 726 1837 et
753 1809 950 1838 memorato
979 1806 1134 1838 Gallutio

131 1857 316 1900 «ipsorum
358 1858 509 1895 nomine,
554 1859 670 1900 quoad
715 1859 919 1900 petitorium
961 1859 1134 1900 judicium

133 1911 418 1943 «sententialiter
444 1911 645 1944 inhibemus
674 1915 710 1943 ut
741 1922 845 1954 super
873 1912 1132 1949 molestatione,

131 1963 413 2005 «impedimento
451 1967 486 1996 et
525 1965 728 1996 turbatione
767 1966 945 2007 predictis,
984 1969 1132 1998 contra..

131 2016 327 2048 «abbatem
349 2020 384 2048 et
405 2021 622 2049 conventum
645 2019 785 2049 eosdem
809 2019 850 2050 de
869 2021 983 2050 cetero
1006 2019 1132 2051 similia

130 2069 271 2102 «facere
308 2080 376 2102 non
414 2073 643 2113 attemptent,
690 2081 770 2103 cum
808 2082 875 2103 non
913 2072 958 2103 sit
994 2072 1041 2104 eis
1076 2073 1133 2113 jus

130 2122 243 2155 «talia
271 2123 426 2155 facienti.
457 2124 568 2166 Super
595 2124 844 2166 appellationis
872 2136 954 2157 vero
983 2126 1131 2157 articulo

130 2187 143 2205 α
157 2178 193 2207 et
213 2176 383 2217 petitione
404 2181 547 2208 centurn
568 2177 736 2209 librarum
756 2178 791 2209 in
812 2178 927 2209 libello
948 2179 1130 2220 expressis,

130 2229 239 2270 «quia
265 2239 370 2271 super
391 2230 456 2262 hiis
480 2240 560 2272 pars
583 2231 725 2262 abbatis
747 2234 781 2262 et
806 2235 1003 2263 conventus
1027 2232 1131 2264 nichil

129 2282 374 2314 «sufficienter
402 2283 578 2325 probavit,
609 2284 716 2316 immo
746 2294 807 2316 nec
837 2285 870 2316 in
900 2285 1032 2326 judicio
1064 2286 1131 2317 fuit

128 2347 141 2364 c
155 2338 276 2368 actum
295 2336 337 2368 de
352 2336 436 2379 ipsis
451 2336 506 2368 vel
519 2337 722 2375 deductum,
738 2338 943 2379 ..majorem,
956 2339 1129 2376 scabinos,

128 2388 314 2421 «homines
345 2392 381 2421 et
411 2391 707 2422 communitatem
738 2391 914 2433 predictos
945 2394 980 2423 et
1013 2392 1131 2424 Gallu-

127 2441 245 2474 «tium
273 2442 430 2484 ipsorum
460 2443 601 2475 nomine
630 2444 861 2482 absolvimus,
890 2445 1030 2486 justitia
1060 2446 1131 2477 exi-

126 2497 269 2536 «gente.

172 2559 186 2576 <c
215 2547 252 2580 In
279 2548 381 2590 cujus
405 2549 454 2581 rei
479 2549 723 2582 testimonium
750 2560 891 2592 presens
917 2551 1130 2584 instrumen-

125 2603 232 2633 «tum
267 2601 368 2643 sigilli
404 2602 513 2634 nostri
549 2603 742 2635 munimine
778 2604 924 2636 fecimus
960 2605 1129 2638 roborari.

127 2654 284 2686 «Actum
314 2655 484 2696 Anagnie,
514 2655 549 2687 in
580 2656 734 2698 hospitio
764 2657 897 2689 domini
928 2658 1126 2696 cardinalis,

126 2707 218 2739 «sub
247 2717 339 2740 anno
361 2708 505 2740 Domini
533 2709 775 2747 MCCLV1110‚
807 2711 1039 2752 pontificatus
1068 2712 1128 2744 do-

126 2760 238 2791 «mini
277 2760 469 2793 Alexandri
510 2772 600 2804 pape
643 2762 717 2794 IIII
765 2773 857 2795 anno
883 2764 1008 2806 quinto
1029 2765 1050 2802 ¹,
1077 2775 1128 2797 se-

156 2884 178 2905 1.
196 2884 259 2905 L'an
273 2884 295 2904 V
309 2884 343 2905 du
358 2884 491 2911 pontificat
506 2885 675 2906 ‹i'Alexandre
691 2885 725 2906 lv
739 2887 777 2907 est
792 2886 892 2912 compte
906 2886 941 2908 du
955 2886 986 2908 20
1000 2886 1131 2908 decembre

124 2919 186 2941 1258
195 2925 228 2940 au
239 2920 268 2941 19
279 2919 409 2941 decembre
420 2920 489 2941 1259.
503 2920 523 2941 11
533 2926 550 2946 y
559 2927 574 2941 a
585 2921 650 2942 done
659 2921 690 2942 ici
700 2927 749 2942 une
759 2927 842 2943 erreur
851 2922 882 2943 de
892 2922 951 2943 date
961 2928 1024 2948 pour
1034 2922 1131 2943 l'annee

121 2954 194 2976 civile
207 2956 232 2975 et
246 2954 262 2975 il
277 2955 331 2976 faut
345 2955 388 2976 lire
403 2955 464 2976 1259
479 2961 510 2976 311
524 2955 572 2976 lien
587 2956 618 2977 de
633 2956 702 2980 1258.
717 2962 744 2977 ce
758 2957 800 2981 qui
815 2958 963 2983 cor-respond
980 2957 1130 2981 biom—‹Pail-

121 2990 194 3015 leurs,
211 2990 225 3011 ὰ
242 2990 266 3011 13
283 2991 387 3012 seconde
404 2991 532 3012 indiction.

1254 386 1265 401 α
1281 375 1395 405 cundo
1420 374 1632 412 indictionis,
1667 375 1721 406 die
1747 377 1930 408 undecima
1954 377 2042 417 junii
2066 379 2251 414 exeuntis;

1252 439 1263 453 «
1281 427 1500 467 presentibus
1516 428 1657 458 domino
1675 428 1820 463 Jacobo,
1838 429 2098 471 archiepiscopo
2116 431 2252 472 Sypon-

1252 492 1263 507 κ
1281 479 1364 516 tino,
1393 481 1558 519 magistro
1586 481 1727 511 Matheo
1755 481 1795 512 de
1823 481 1975 518 Salerno,
2003 483 2135 514 domini
2162 494 2251 525 pape

1251 548 1261 559 «-
1278 533 1470 573 capellano,
1512 533 1663 574 l'oponc,
1704 534 1882 574 magistro,
1922 534 2171 567 Bartholomeo
2211 537 2251 567 dc

1253 602 1262 609 «⁴
1281 585 1399 626 Hegio,
1444 586 1586 616 domino
1630 586 1774 616 Albcrto
1818 587 1859 617 de
1902 587 2038 623 Azario,
2085 589 2251 629 magistro

1250 638 1433 669 «Roberto
1470 639 1510 669 de.
1547 639 1724 679 Δ1190111111,
1761 639 1853 670 curie
1888 640 2072 671 advocatis
2106 644 2140 672 et
2176 641 2251 673 aliis

1249 691 1434 732 «pluribus
1457 691 1606 722 testibus
1628 691 1670 722 de
1695 691 1782 730 (sic)
1807 692 1871 722 hiis
1893 693 2028 724 vocatis
2050 696 2085 724 et
2107 694 2248 734 rogatis.

1249 743 1350 783 «Ego
1380 744 1581 774 Bernardus
1612 744 1652 774 de
1687 744 1802 775 Insula
1836 745 2027 781 Romanus,
2060 747 2250 787 apostolice

1249 806 1316 827 «ac
1348 798 1575 828 Sacrosancte
1606 796 1703 827 Sedis
1733 797 1945 828 auctoritate
1977 799 2144 835 notarius,
2176 810 2250 840 pre—

1248 862 1260 877 «
1277 850 1451 880 dictorum
1493 849 1689 890 prolatione
1736 849 1822 889 (sie)
1867 850 2019 886 interfui,
2064 855 2102 882 ut
2143 862 2247 893 supra

1248 916 1258 929 υ
1275 902 1412 941 legitur,
1438 904 1484 938 et,
1511 902 1552 933 de
1578 902 1748 933 mandato
1774 903 1983 934 venerabilis
2008 904 2117 944 patris
2142 905 2252 936 domi-

1248 968 1259 981 ‹¹
1276 955 1309 985 ni
1336 954 1526 986 cardinalis
1553 954 1711 996 predicti,
1741 955 1861 996 scripsi
1888 958 1919 986 et
1951 956 2127 997 publicavi
2154 966 2252 999 roga-

1248 1023 1257 1035 ι(
1275 1011 1342 1039 tus.
1376 1021 1387 1036 »

1292 1061 1387 1092 Nulli
1409 1063 1528 1092 nostre
1550 1060 1832 1092 confirmationis
1853 1064 1919 1092 etc.
1962 1062 2045 1093 Dat.
2084 1063 2241 1104 Anagnie

1250 1114 1282 1144 11
1306 1114 1383 1145 idus
1404 1113 1491 1154 julii,
1516 1123 1608 1145 anno
1631 1113 1768 1154 quinto.
1794 1127 1805 1142 υ

1324 1268 1413 1294 2910
1774 1269 1906 1301 Anagni‚
1930 1269 1967 1295 27
1989 1269 2057 1302 juin
2082 1270 2168 1297 1259.

1286 1321 1383 1347 Priori
1403 1323 1432 1348 et
1455 1322 1625 1348 conventui
1646 1322 1827 1348 monasterii
1849 1323 1885 1348 de
1907 1322 2109 1356 Novoburgo,
2132 1323 2249 1349 Ebora-

1244 1366 1342 1391 censis
1370 1366 1509 1395 diocesis,
1538 1366 1676 1399 indulget
1706 1368 1752 1398 ut,
1780 1366 1860 1393 sicut
1888 1367 2061 1399 hactemus,
2090 1368 2133 1393 sic
2159 1369 2190 1394 et
2218 1367 2248 1393 in

1244 1412 1405 1443 posterum
1434 1410 1464 1436 in
1494 1410 1628 1436 ecclesiis
1657 1412 1687 1436 et
1716 1411 1841 1444 capellis
1870 1411 1912 1437 eis
1941 1411 2081 1443 annexis,
2111 1419 2188 1445 quas
2216 1412 2248 1437 in

1244 1461 1317 1480 usus
1334 1454 1475 1488 proprios
1492 1455 1638 1481 canonice
1655 1455 1800 1481 obtinent
1817 1456 1848 1481 et
1865 1455 1895 1481 in
1913 1455 2025 1488 quibus
2043 1463 2105 1482 non
2120 1456 2249 1483 fuerunt

1243 1499 1373 1524 taxatae
1400 1498 1535 1525 vicariae
1562 1506 1618 1525 nec
1644 1499 1788 1532 perpetui
1815 1499 1922 1525 vicarii
1948 1499 2098 1531 instituti,
2125 1499 2246 1533 possint

1243 1542 1343 1568 facere
1360 1550 1415 1576 per
1431 1543 1607 1576 capellanos
1624 1543 1764 1576 proprios
1782 1543 1938 1571 deserviri.
1956 1551 2022 1574 nec,
2039 1543 2112 1577 ipsis
2129 1544 2248 1576 invitis,

1243 1586 1274 1612 in
1293 1587 1435 1612 futurum
1456 1587 1589 1612 vicariae
1609 1587 1711 1613 taxari
1731 1595 1784 1613 seu
1805 1587 1927 1613 institui
1947 1588 2089 1620 perpetui
2108 1588 2246 1615 valeant.

1243 1630 1338 1663 (Risu.
1357 1631 1405 1661 25,
1423 1631 1442 1656 f.
1460 1632 1515 1656 211
1535 1635 1580 1662 νο,
1598 1638 1647 1657 an.
1666 1631 1701 1662 V,
1719 1639 1744 1657 c.
1763 1631 1843 1664 146.)

1288 1734 1297 1744 (ι
1324 1745 1342 1750 ..
1366 1719 1475 1760 priori
1499 1721 1525 1750 cl
1549 1720 1723 1751 cmuwnlui
1747 1720 1943 1751 monasterii
1967 1720 2004 1751 ‹lc
2027 1720 2242 1761 Novoburqo,

1241 1772 1372 1803 ordinis
1417 1773 1533 1803 Suncli
1578 1773 1779 1813 Auyuslini,
1824 1773 2049 1804 Eboracensis
2091 1773 2244 1805 diocesi&

1242 1825 1295 1855 Ex
1327 1826 1411 1856 serie
1443 1828 1558 1857 vestre
1591 1845 1643 1857 >—.
1678 1826 1760 1858 Dat.
1794 1826 1963 1867 Anagnie,
1996 1826 2025 1858 V
2055 1826 2124 1858 kal.
2155 1826 2243 1868 julii,

1239 1888 1331 1909 311110
1363 1878 1499 1920 quinto.
1532 1892 1544 1907 »

1318 2038 1401 2064 2911
1767 2039 1901 2073 Anagni,
1924 2040 1962 2065 20
1983 2039 2051 2072 juin
2075 2040 2161 2066 1259.

1278 2092 1473 2118 Sententiam
1498 2092 1537 2118 ab
1563 2092 1688 2118 Andrea
1714 2092 1846 2126 Spiliati,
1871 2092 2032 2126 capellano
2057 2092 2239 2126 apostolico,

1237 2136 1268 2162 in
1298 2144 1392 2163 031153
1421 2136 1503 2162 inter
1533 2137 1686 2163 decanum
1717 2138 1748 2163 et
1778 2137 1953 2170 capitulum
1984 2137 2174 2168 Palentinos,
2205 2144 2242 2163 ex

1238 2188 1299 2207 una
1322 2182 1421 2214 parte,
1445 2182 1475 2207 et
1499 2180 1626 2207 Petrum
1650 2181 1770 2207 dictum
1792 2181 1962 2213 Abbatem,
1985 2189 2023 2207 ex
2044 2181 2153 2213 altera,
2176 2189 2242 2208 ver-

1235 2227 1323 2251 tente
1358 2232 1450 2258 super
1484 2225 1682 2257 canonicatu,
1733 2225 1913 2259 praebenda
1946 2227 1977 2252 et
2011 2225 2241 2259 praestimoniis

1237 2269 1337 2295 eidem
1373 2269 1465 2296 Petro
1499 2270 1662 2301 concessiS‚
1696 2270 1795 2296 latam
1829 2270 2006 2301 confirmat,
2040 2270 2241 2296 instrumenti

1235 2321 1328 2347 super
1370 2314 1429 2340 hoc
1471 2314 1606 2340 confecti
1649 2316 1789 2340 tenorem
1833 2315 2050 2348 praesentibus
2093 2315 2239 2341 inserens.

1235 2358 1332 2392 (Bm.
1353 2358 1402 2389 25,
1421 2358 1442 2384 f.
1462 2358 1531 2390 212,
1551 2366 1600 2385 311.
1622 2358 1659 2390 V,
1678 2366 1703 2385 c.
1726 2359 1807 2392 147.)

1282 2464 1293 2479 «
1316 2451 1414 2482 Petro
1437 2451 1522 2482 dicto
1546 2451 1684 2488 Abbati,
1709 2451 1901 2483 Pulcntino.
1946 2452 1996 2483 Ea
2040 2462 2106 2493 que
2148 2451 2240 2492 judi—

1234 2504 1286 2535 cio
1311 2507 1378 2536 etc.
1406 2514 1514 2546 usque
1539 2505 1759 2536 communiri.
1787 2505 1876 2536 Sane
1902 2505 2025 2546 petitio
2051 2508 2113 2536 tua
2139 2505 2238 2536 nobis

1234 2557 1393 2589 exhibita
1418 2558 1625 2589 continebat
1651 2558 1745 2599 quod
1770 2568 1851 2589 cum
1876 2558 1987 2589 abbas
2012 2558 2054 2589 de
2080 2558 2236 2589 Lavarza

1234 2610 1268 2641 in
1300 2610 1443 2642 ecclesia
1476 2610 1673 2647 Fauentina,
1706 2614 1874 2643 executor
1904 2621 2008 2652 super
2039 2611 2236 2652 provisione

1234 2663 1299 2694 tibi
1321 2663 1481 2695 facienda
1503 2663 1538 2695 in
1560 2664 1703 2696 ecclesia
1725 2664 1800 2706 ipsa
1823 2665 1864 2695 de
1887 2664 2065 2705 prebenda
2087 2666 2119 2695 et
2145 2673 2236 2705 pres-

1234 2716 1390 2747 timoniis
1422 2717 1486 2748 tibi
1518 2727 1536 2748 a
1570 2717 1656 2748 Sede
1688 2717 1891 2758 Apostolica
1924 2718 2127 2758 deputatus,
2163 2726 2236 2757 pre-

1234 2769 1386 2801 bendam
1412 2780 1451 2801 30
1477 2770 1705 2811 prestimonia
1731 2770 1896 2802 vacantia
1922 2770 1956 2801 in
1982 2771 2104 2801 eadem
2130 2769 2236 2800 eccle-

1233 2822 1282 2854 sia
1309 2832 1369 2864 per
1393 2825 1543 2854 mortem
1570 2823 1754 2860 Johannis,
1781 2823 1939 2855 canonici
1965 2823 2056 2854 dicte
2082 2822 2233 2859 ecclesie,

1233 2875 1296 2906 tibi
1330 2876 1496 2907 canonice
1530 2876 1747 2912 contulisset,
1784 2877 1936 2908 decanus
1970 2879 2003 2907 et
2038 2875 2233 2917 capitulum

1231 2927 1340 2969 ipsius
1365 2928 1505 2960 ecclesie
1532 2931 1675 2970 propter
1700 2929 1764 2960 hoc
1790 2930 1834 2960 ad
1861 2929 1985 2960 Sedem
2011 2927 2234 2969 appellarunt

1230 2982 1390 3017 eandem,
1416 2992 1567 3022 cumque
1593 2981 1657 3012 tibi
1683 2985 1826 3023 propter
1852 2982 1915 3012 hoc
1939 2981 2042 3021 juxta
2079 2984 2232 3012 tenorem
