2477 3512
1047 274 1276 313 TROISIEME
1301 276 1446 314 ANNEE

207 368 222 382 «
250 363 307 394 per
318 353 519 393 Deigratiam
529 353 656 394 plurimi
668 352 699 383 in
710 351 841 382 Domino
852 351 989 381 salutem
998 360 1200 390 consequun-

207 424 221 438 «
255 411 319 440 tur,
354 409 447 441 Unde
469 412 502 440 et
521 419 579 440 nos
598 408 674 440 fidei
702 408 812 439 vestre
834 407 1112 447 congratulamur,
1142 405 1202 437 fide

209 479 223 494 «
256 466 341 496 enim
358 466 466 502 statis,
489 467 522 496 et
555 466 662 507 plures
701 463 803 495 adhuc
835 472 894 503 per
923 462 1039 493 bonum
1069 462 1200 493 odorem
1227 483 1229 491 i

213 536 228 551 «
255 524 400 553 vestrum
410 522 517 553 salvos
527 521 594 553 fieri
602 522 804 562 exoptamus.
820 518 953 556 Idcirco,
967 521 1032 550 tam
1044 517 1097 549 tibi
1109 528 1202 558 quam

220 593 233 607 «
263 577 505 609 successoribus
525 578 601 615 tuis,
614 576 822 618 quorumdam
838 576 1124 613 monasteriorum,
1142 584 1203 614 que

207 649 221 663 «
257 646 274 666 a
297 634 387 666 vobis
406 634 533 675 longius
559 633 686 671 absunt,
703 632 936 664 ordinationem
957 632 1199 663 committimus.
1227 625 1229 695 ἱ

205 706 219 719 «
259 692 437 723 Statuimus
454 691 550 725 enim,
564 692 598 720 ut
616 690 647 720 in
658 689 751 719 Beati
765 688 878 719 Marini
896 688 1106 725 monasterio,
1120 688 1201 728 quod

259 748 346 779 infra
362 748 530 778 civitatem
550 745 743 786 Papiensem
765 745 859 775 situm
880 745 983 781 est,in
1004 744 1201 775 monasterio
1227 778 1228 781 Ἰ

217 762 223 775 (

207 818 221 833 «
255 805 357 836 etiam
391 802 636 835 Fraxinorensi,
658 801 739 842 quod
778 801 816 832 ab
863 801 998 842 egregia
1035 801 1201 832 comitissa

209 876 223 889 ι(
259 860 385 892 Matildi
416 859 466 890 vel
494 859 564 900 ejus
596 857 784 899 parentibus
823 858 1007 889 edificatum
1040 859 1073 888 et
1106 857 1201 889 beato

203 932 217 946 «
256 918 355 948 Petro
376 915 518 947 oblatum
539 917 602 954 est,
620 914 718 945 abbas
739 925 867 955 semper
887 924 945 955 per
962 917 1105 945 vestram
1136 914 1200 945 sol-

203 987 218 1001 «
253 971 451 1004 licitudinem
490 971 670 1002 ordinetur.
707 971 797 1001 Alias
842 971 941 1001 etiam
980 970 1136 1009 abbatias,
1168 972 1226 1013 in;

204 1043 220 1057 «
256 1029 369 1069 quibus
391 1027 524 1059 abbates
543 1029 703 1058 hactenus
721 1028 893 1058 instituere
914 1028 1140 1066 consuevistis,
1161 1028 1199 1058 ob

202 1100 216 1113 u
251 1085 282 1115 id
300 1086 417 1126 ipsum,
437 1085 640 1125 dispositioni
661 1087 771 1115 vestre
787 1085 817 1114 in
832 1087 1021 1125 perpetuum
1031 1084 1199 1115 confirma-

200 1155 216 1169 «
252 1140 1196 1179 musffidelicetBrantholme.Galliaci,SanctiTheodardi,

212 1212 226 1225 «
254 1208 296 1229 ex
312 1197 426 1238 quibus
444 1197 599 1229 videlicet
617 1197 785 1228 abbatibus
806 1198 832 1228 si
854 1198 923 1238 quis
944 1208 1023 1239 erga
1043 1197 1198 1228 obedien-
1223 1201 1225 1231 Ι,

213 1269 226 1283 «
254 1255 330 1286 tiam
354 1257 498 1285 vestram
532 1254 664 1285 rebellis
694 1254 854 1291 extiterit,
881 1255 979 1285 liceat
1010 1255 1198 1285 discretioni

213 1326 227 1339 «
250 1312 621 1352 vestre-§disciplinaeum
634 1312 776 1352 regulari
790 1311 978 1347 cohercere,
996 1321 1056 1342 nec
1070 1313 1196 1353 episco—

212 1382 225 1396 «
256 1378 367 1409 porum
388 1368 554 1409 quisquam
582 1367 674 1399 vobis
692 1369 722 1398 in
741 1371 833 1409 parte
850 1367 911 1397 hac
932 1369 1073 1409 seposito
1096 1368 1196 1410 depo-

201 1439 215 1451 «
247 1425 378 1455 sitionis
417 1425 553 1456 articulo
586 1424 791 1455 adversetur.
829 1425 946 1454 Preter
984 1425 1046 1455 hec
1085 1425 1196 1456 Sancti

201 1494 214 1507 α
248 1481 369 1517 Quirici
395 1481 581 1519 ecclesiam,
602 1482 632 1511 in
655 1481 784 1512 Lucane
805 1482 889 1513 urbis
906 1481 1056 1513 suburbio
1085 1482 1193 1520 sitam,

205 1552 219 1564 υ
247 1538 329 1568 sicut
361 1548 377 1568 a
410 1537 490 1568 bone
522 1539 677 1569 memorie
697 1538 852 1569 Anselmo
889 1539 1017 1569 Lucano
1046 1539 1195 1579 episcopo

205 1607 220 1621 «
248 1595 367 1625 tradita
389 1597 440 1625 est
460 1598 572 1625 vestro
600 1595 631 1624 in
655 1596 845 1636 perpetuum
867 1595 1063 1626 monasterio
1090 1595 1194 1636 possi-

202 1665 216 1678 «
246 1650 399 1688 dendam,
415 1651 579 1692 presentis
590 1651 717 1682 decreti
728 1651 1190 1683 auctoritatecorroboramus.

209 1721 223 1735 «
252 1707 435 1739 Prioratum
457 1708 555 1739 etiam
577 1708 688 1739 Sancti
714 1708 870 1743 Baudelii,
889 1710 921 1739 et
950 1709 1124 1749 prioratum
1152 1709 1191 1740 de

199 1778 214 1791 «
246 1763 340 1795 Valle
356 1765 569 1801 Transversa,
586 1767 618 1796 et
634 1767 745 1796 cetera
761 1766 880 1798 omnia,
896 1774 957 1804 que
972 1766 1117 1796 vestrum
1138 1775 1191 1796 ce-

194 1834 208 1847 «
247 1819 389 1855 nobium,
423 1820 584 1861 largiente
618 1821 696 1859 Deo,
729 1822 758 1851 in
792 1822 850 1852 hac
884 1822 988 1862 prima
1015 1822 1216 1860 indictione

201 1890 216 1904 «
245 1877 395 1918 legitime
422 1877 578 1918 possidet.
610 1877 700 1909 vobis
732 1879 916 1918 vestrisque
946 1878 1190 1909 successoribus

207 1946 220 1960 n
249 1933 358 1974 quieta
384 1944 512 1975 semper
532 1936 565 1964 et
595 1935 721 1976 integra
743 1945 933 1975 permanere
961 1935 1133 1966 sancimus.
1157 1935 1188 1966 Si

198 2002 213 2017 «
246 1990 314 2030 quis
345 1993 466 2028 autem,
497 1991 578 2032 quod
606 1990 701 2027 absit,
724 1992 795 2022 huic
828 1994 937 2022 nostre
965 1992 1187 2023 constitutioni

200 2058 215 2073 «
243 2047 461 2087 pertinaciter
481 2048 644 2079 contraire
658 2049 881 2089 temptaverit,
900 2048 1028 2079 honoris
1047 2050 1079 2079 et
1091 2048 1189 2079 officii

208 2114 221 2129 «
251 2103 300 2133 sui
329 2103 506 2144 periculum
528 2105 680 2145 patiatur,
713 2105 774 2134 nisi
802 2105 1077 2146 presumptionem
1097 2114 1185 2135 suain

200 2172 215 2185 «
245 2158 342 2199 digna
361 2160 586 2192 satisfactione
608 2161 802 2191 correxerit.
825 2161 940 2192 Amen.
966 2175 979 2188 υ

242 2227 255 2242 «
275 2215 426 2246 Nolumus
439 2218 544 2247 autem
557 2217 651 2257 quod,
661 2227 717 2258 per
732 2218 972 2248 ai‘inotationem
987 2218 1182 2259 hujusmodi,

203 2271 330 2312 aliquod
358 2272 411 2313 jus
439 2273 479 2304 de
506 2284 587 2304 novo
619 2277 730 2305 vestro
761 2275 956 2305 monasterio
986 2276 1183 2315 acquiratur,

202 2328 259 2359 sed
273 2328 437 2369 antiquum
451 2329 508 2360 sibi
528 2331 749 2362 tantummodo
763 2332 961 2362 conservari.
974 2331 1087 2362 Datum
1100 2332 1183 2362 Ana-

199 2385 285 2425 gnie.
311 2385 350 2415 ΙΙΙ
372 2384 443 2416 idus
463 2386 615 2425 octobris,
639 2398 720 2419 anno
739 2388 893 2420 secundo.
926 2402 939 2415 n

269 2542 363 2569 172⁶
727 2547 846 2575 liutran,
867 2549 896 2571 12
914 2546 1016 2573 sevrier
1033 2549 1106 2573 1257.

230 2639 361 2673 ,Ιμιεοὴο1
383 2639 563 2673 patriarchae
579 2641 822 2675 jerosolymitano
839 2642 983 2673 concedit,
996 2645 1027 2668 ut
1043 2642 1178 2676 redemp—

195 2687 291 2713 nonos
312 2691 445 2713 votorum
462 2688 732 2720 crucesignatorum
748 2694 776 2715 et
789 2690 918 2716 diversas
932 2690 1133 2716 restitutiones
1149 2690 1176 2716 in

198 2742 286 2769 regno
303 2735 547 2768 Jerosolymitano
564 2736 655 2768 possit
671 2738 838 2771 percipere;
859 2738 988 2771 insuper,
1006 2746 1071 2763 cum
1093 2739 1176 2764 lnno-

195 2782 468 2816 centiusquondam
486 2790 559 2817 papa
569 2783 618 2816 jus
635 2784 814 2818 percipiendi
826 2785 944 2811 eas-dvm
960 2785 1176 2819 redemptiones

199 2833 227 2855 et
242 2830 443 2856 restitutiones
464 2831 643 2864 ubicumque
665 2831 794 2858 locorum
809 2835 891 2858 extra
905 2840 1027 2866 regnum
1043 2833 1175 2859 Alaman-

194 2878 271 2910 niae,
290 2886 382 2911 usque
398 2878 433 2903 ud
450 2886 594 2904 summani
613 2879 714 2904 decem
735 2879 847 2905 milium
866 2888 1030 2906 marcarum
1050 2880 1174 2915 argenti,

194 2925 333 2960 magistro
362 2928 390 2951 et
416 2925 555 2951 fratribus
583 2925 700 2952 militiae
728 2927 838 2961 Templi
861 2928 1048 2957 concesserit,
1077 2928 1118 2953 eis
1145 2928 1172 2953 in

188 2973 495 3005 *recompensationem
523 2973 662 3004 indulget.
689 2977 717 2999 ut
748 2974 854 3000 dictam
884 2983 1028 3001 summam
1054 2976 1080 3001 in
1108 2975 1172 3001 Ala-

2169 287 2231 318 531

1254 350 1375 376 mannia
1395 352 1423 376 et
1440 350 1504 376 aliis
1520 352 1651 385 partibus
1671 356 1751 379 extra
1777 353 1887 380 dictum
1908 361 2030 388 regnum
2053 353 2242 387 ,lerosolymi-

1254 399 1325 423 tanu
1336 398 1545 432 mpercipiant.
1556 400 1714 429 (Remmia
1731 401 1775 429 ΙΙΙ,
1786 409 1809 427 c.
1823 401 1907 432 low.
1919 402 2151 431 17v;RonEx1³En·;
2163 404 2181 427 t.
2192 402 2237 431 111,

1254 449 1286 469 nu
1301 446 1373 479 450.)

1299 538 1312 551 «
1329 525 1359 555 .l.
1376 523 1571 567 patriarche
1591 525 1873 557 Jeromlimitmzo,
1892 527 1974 558 Olim
2004 526 2107 557 felicis
2131 536 2238 557 recor-

1254 580 1397 611 dationis
1426 581 1448 611 Ι.
1480 591 1560 622 papa
1591 581 1804 622 predecessor
1831 585 1941 614 noster
1965 583 2093 614 dilectis
2121 582 2234 613 filiis..

1254 638 1413 678 magistro
1445 641 1475 669 et
1506 638 1660 669 fratribus
1697 638 1954 681 militie-Templi
1986 639 2239 671 Jerosolimitani

1254 694 1429 731 concessit,
1468 695 1502 725 ut
1539 694 1579 725 de
1606 694 1883 735 redemptionibus
1913 699 2061 727 votorum
2095 695 2238 726 crucesi—

1255 751 1426 791 gnatorum
1448 750 1477 781 in
1494 751 1592 782 Terre
1610 751 1729 782 Sancte
1749 751 1934 787 subsidium,
1954 762 2031 792 quos
2047 762 2064 783 a
2084 763 2238 792 prosecu-

1254 807 1344 836 tione
1374 807 1439 837 voti
1461 808 1508 837 sui
1534 810 1719 848 paupertaS,
1748 807 1799 838 vel
1823 808 1995 848 probabilis
2029 819 2238 850 personarum

1254 863 1416 901 debilitas,
1438 874 1491 893 seu
1515 864 1649 895 obtenta
1663 874 1721 905 per
1737 864 1850 895 Sedem
1866 865 2085 905 Apostolicam
2108 865 2238 906 dispen-

1255 920 1339 950 satio
1360 926 1560 952 commutans
1585 921 1615 951 in
1632 921 1697 951 tale
1711 920 1885 951 subsidium
1900 921 2100 961 personalem
2117 932 2240 952 execu-

1252 976 1394 1007 tionem¹
1427 977 1493 1007 voti
1524 977 1708 1019 hujusmodi
1736 979 1945 1013 excusarent,
1981 987 2103 1007 necnon
2135 980 2168 1007 et
2199 977 2237 1008 de

1252 1033 1369 1071 usuris,
1393 1034 1514 1074 rapinis
1533 1036 1565 1065 et
1586 1034 1657 1064 aliis
1678 1043 1877 1074 quocumque
1894 1033 1986 1064 modo
2002 1033 2114 1063 illicite
2131 1034 2238 1073 acqui-

1251 1090 1334 1128 sitis,
1354 1100 1414 1130 que
1434 1090 1545 1122 fideles
1560 1090 1711 1121 mandant
1731 1090 1860 1121 restitui
1878 1090 1908 1120 in
1926 1089 2039 1120 ultima
2058 1089 2235 1127 voluntate,

1251 1146 1302 1176 vel
1319 1146 1391 1177 dum
1409 1147 1533 1183 vivunt,
1557 1147 1655 1178 etiam
1674 1147 1699 1177 si
1710 1147 1867 1188 sospitate.
1888 1146 2047 1183 fruantur,
2064 1146 2240 1176 restituere

1251 1208 1324 1236 sunt
1346 1205 1464 1245 parati,
1492 1205 1518 1234 si
1550 1204 1663 1244 quibus
1690 1203 1803 1234 borum
1831 1203 1995 1233 restitutio
2023 1201 2090 1232 fieri
2121 1201 2237 1232 debeat

1250 1263 1387 1294 inveniri
1406 1272 1467 1292 non
1490 1261 1626 1302 possint,
1648 1260 1685 1291 de
1714 1260 1920 1291 testamentis
1943 1268 2067 1299 quoque
2096 1259 2235 1299 ipsorum

1250 1320 1403 1356 fidelium,
1427 1329 1485 1359 que
1511 1319 1661 1358 legantur
1687 1317 1717 1347 in
1740 1315 1912 1347 subsidium
1941 1315 2026 1346 dicte
2048 1318 2151 1352 terre,
2174 1324 2234 1345 non

1249 1376 1415 1418 expressis
1435 1376 1513 1406 locis
1534 1373 1689 1414 aliquibus
1710 1372 1762 1403 vel
1783 1373 1942 1413 personis,
1960 1382 2058 1412 usque
2080 1371 2119 1401 ad
2147 1381 2233 1401 sum-

1248 1444 1330 1465 mam
1357 1433 1469 1463 decem
1503 1431 1621 1461 milium
1657 1439 1835 1460 marcarum
1868 1428 2007 1469 argenti,
2044 1427 2233 1467 ubicumque

1246 1492 1388 1522 locorum
1433 1491 1528 1519 extra
1572 1497 1706 1528 regnum
1751 1485 1918 1516 Alamanie
1956 1484 2124 1526 percipere
2164 1493 2234 1525 pos-

1248 1550 1332 1585 sent,
1370 1546 1469 1577 certis
1495 1555 1590 1586 super
1624 1545 1682 1575 hoc
1715 1543 1761 1573 eis
1795 1540 2026 1573 executoribus
2056 1540 2229 1581 deputatis.

1251 1605 1316 1636 Nos
1355 1605 1464 1634 autem
1497 1600 1712 1643 postmodum,
1741 1600 1914 1638 antequam
1947 1597 2006 1638 ipsi
2025 1597 2180 1637 magister
2200 1602 2234 1627 et

1244 1662 1376 1694 fratres,
1391 1661 1425 1690 ut
1439 1658 1642 1695 asserebant,
1655 1656 1859 1698 perciperent
1870 1663 2025 1685 summam
2037 1651 2230 1695 hujusmodi,

1244 1728 1285 1749 ex
1309 1716 1476 1758 premissis
1498 1715 1560 1745 tuis
1585 1711 1834 1745 necessitatibus
1862 1712 1893 1742 et
1919 1710 2072 1751 expensis
2094 1711 2229 1751 paterno

1243 1774 1477 1815 compatientes
1502 1770 1634 1805 affeetu,
1664 1768 1745 1810 quod
1768 1760 2008 1808 redemptiones
2029 1768 2174 1797 votorum
2196 1770 2228 1798 et

1242 1831 1353 1872 legata
1382 1829 1528 1871 predicta
1557 1829 1587 1858 in
1617 1836 1718 1868 regno
1751 1824 2009 1856 JerosoIimitano
2042 1823 2228 1864 perciperes

1242 1887 1298 1919 sub
1320 1889 1411 1918 certa
1431 1886 1533 1917 forma
1550 1885 1606 1915 tibi
1624 1883 1773 1915 duximus
1789 1879 2044 1917 concedendum,
2065 1882 2097 1910 et
2112 1879 2227 1910 nolen-

1214 1944 1215 1950 ’
1240 1947 1291 1975 tes
1309 1953 1349 1974 ex
1366 1944 1426 1973 hoc
1446 1943 1531 1973 inter
1554 1945 1583 1972 te
1600 1952 1637 1972 ac
1654 1941 1741 1981 ipsos
1762 1938 1954 1980 magistrum
1976 1941 2009 1970 et
2030 1939 2149 1969 fratres
2169 1937 2226 1967 ali-

1239 2001 1332 2042 cujus
1344 1999 1537 2031 turbationis
1556 1998 1727 2028 materiam
1745 1996 1909 2033 suscitari,
1928 1996 1992 2026 tuis
2009 1994 2131 2026 inducti
2154 2003 2225 2034 pre-

1239 2057 1327 2087 cibus
1356 2057 1387 2087 in
1418 2054 1752 2095 recompensationem
1785 2053 1891 2093 gratie
1925 2050 2108 2093 hujusmodi
2138 2050 2224 2080 facte

1239 2114 1318 2154 ipsis
1336 2113 1366 2143 in
1387 2112 1474 2143 dicto
1498 2120 1600 2152 regno
1625 2109 1898 2143 jerosolimitane,
1923 2108 2044 2139 eisdem
2066 2106 2223 2148 magistro

1237 2172 1270 2201 et
1298 2169 1454 2200 fratribus
1487 2178 1543 2209 per
1565 2167 1693 2198 litteras
1729 2167 1857 2197 nostras
1885 2164 2115 2200 concessimus,
2138 2162 2221 2193 utin

1236 2226 1382 2268 predicto
1400 2235 1503 2264 regno
1526 2224 1694 2255 Alamanie
1713 2233 1750 2253 ac
1775 2222 1850 2252 alibi
1872 2221 2060 2260 ubicumque
2079 2219 2221 2251 locorum

1235 2287 1443 2325 preterquam
1477 2282 1508 2312 in
1532 2280 1691 2322 jamdicto
1720 2289 1821 2319 regno
1862 2276 2136 2314 jerosolimitano,
2164 2285 2222 2316 per

1235 2351 1269 2371 se
1287 2341 1342 2370 aut
1362 2340 1557 2370 executores
1573 2337 1716 2372 eosdem,
1740 2335 1908 2376 percipere
1928 2335 2061 2375 possent
2072 2331 2220 2374 predicta

1234 2396 1351 2433 omnia,
1374 2396 1404 2426 in
1435 2404 1590 2425 concessa
1614 2393 1661 2424 eis
1691 2392 1836 2433 ejusdem
1868 2389 2110 2432 predecessoris
2139 2398 2217 2419 con-

1233 2453 1378 2484 cessione
1398 2451 1642 2493 comprehensa,
1672 2458 1836 2490 quousque
1865 2447 2070 2489 perciperent
2096 2455 2137 2476 ex
2169 2445 2215 2476 eis

1232 2511 1359 2550 integre
1380 2508 1463 2549 quod
1488 2507 1590 2538 adhuc
1613 2504 1849 2547 percipiendum
1871 2504 2012 2534 restaret
2032 2502 2070 2532 de
2091 2511 2214 2531 summa

1233 2566 1381 2607 superius
1413 2565 1586 2595 nominata.
1627 2562 1704 2593 Cum
1739 2564 1859 2597 autem,
1890 2562 1922 2590 ut
1961 2559 2091 2597 asseris,
2119 2567 2213 2598 sepe-

1231 2623 1309 2653 dicti
1342 2622 1499 2662 magister
1529 2622 1561 2651 et
1597 2620 1715 2650 fratres
1748 2618 1776 2648 in
1806 2616 2013 2658 perceptione
2047 2624 2214 2645 usurarum

1229 2682 1262 2711 et
1291 2679 1477 2719 rapinarum
1505 2678 1537 2708 et
1565 2676 1675 2706 illicite
1700 2674 1928 2714 acquisitorum
1956 2671 2151 2712 hujusmodi,
2174 2670 2213 2700 de

1228 2735 1341 2776 quibus
1366 2734 1515 2771 nondum,
1548 2735 1582 2763 ut
1613 2732 1774 2765 asserunt,
1792 2729 2007 2770 perceperunt
2033 2726 2148 2767 aliquid
2181 2727 2211 2756 in

1227 2792 1398 2833 prenotato
1410 2789 1671 2821 Jerosolimitano
1684 2796 1796 2827 regno,
1811 2785 1867 2816 tibi
1879 2784 1997 2816 cedere
2011 2784 2074 2814 sint
2093 2783 2208 2824 parati,

1228 2859 1284 2879 nos
1308 2847 1527 2878 attendentes,
1551 2844 1645 2886 quod,
1667 2844 1800 2874 sicutte
1832 2842 2001 2872 intimante
2028 2839 2206 2876 didicimus,

1227 2907 1334 2946 preter
1360 2903 1390 2934 id
1409 2902 1489 2944 quod
1512 2902 1666 2943 gravatus
1685 2910 1720 2930 es
1751 2909 1811 2930 uon
1842 2898 1997 2928 modicum
2025 2896 2088 2927 eris
2110 2905 2208 2926 onere

1259 2979 1276 3000 Ι.
1293 2978 1337 3000 Jts.
1353 2985 1357 3000 :
1373 2977 1549 3001 exactionem.
