2477 3512
979 299 1257 341 QUATRIEME
1271 299 1434 332 ANNEE
2202 303 2264 337 821

222 399 313 425 2669
591 399 730 431 Viterbe,
742 399 780 426 25
791 399 968 434 septembre
980 399 1068 426 1258.

183 451 340 485 Episcopo
365 452 542 479 Tusculano
567 452 700 479 mandat
724 453 770 484 ut,
794 452 909 478 idonea
933 452 1080 478 cautione
1104 458 1149 477 re-

142 492 244 524 cepta,
267 490 435 523 Alelmum,
458 491 703 518 Ambianensem
725 491 918 525 episcopum,
941 492 981 518 ab
1004 491 1150 517 omnibus

142 530 307 557 sententiis
333 530 366 557 in
393 538 465 557 eum
493 538 548 565 per
575 538 790 564 quoscumque
817 531 937 564 judices
965 530 1149 562 ordinarios,

142 569 192 595 vel
209 570 306 596 etiam
324 570 411 597 Sedis
428 570 629 604 Apostolicae
646 572 702 596 aut
718 570 893 604 legatorum
903 571 970 604 ejus
981 570 1149 603 delegatos,

143 610 324 636 executores
340 617 394 636 seu
409 610 506 636 etiam
522 611 767 641 conservatores,
783 610 917 636 forsitan
932 610 1150 644 promulgatis,

143 655 180 675 ac
198 648 295 675 etiam
315 649 480 675 sententiis
499 656 656 676 canonum
676 650 831 676 absolvat.
852 650 949 683 (Bm.
970 649 1019 681 25,
1039 649 1060 675 f.
1083 649 1150 680 154,

142 694 193 714 an.
227 688 279 720 IV,
310 695 335 714 c.
366 689 447 722 226.)

184 801 196 816 α
210 812 240 824 ..,
265 790 408 829 episcopo
435 791 622 820 Tusculano.
646 791 737 820 Licet
760 791 952 821 venerabilis
976 790 1076 820 frater
1098 808 1149 819 —.

142 842 219 871 Dat.
241 842 388 877 Viterbii,
410 843 475 872 VII
497 844 560 873 kal.
584 844 734 878 octobris,
757 853 842 873 anno
865 846 992 882 quarto.
1015 854 1028 870 ι

221 1020 312 1046 2670
601 1021 740 1053 Viterbe,
756 1021 772 1048 6
788 1022 965 1055 septembre
982 1021 1069 1048 1258.

183 1071 340 1106 Episcopo
361 1073 567 1100 Ambianensi
586 1073 728 1107 indulget
749 1075 784 1100 ut
806 1074 846 1100 ad
866 1074 1077 1108 receptionem
1099 1081 1152 1100 seu

141 1112 353 1145 provisionem
378 1113 510 1146 alicujus
534 1113 566 1140 in
590 1114 776 1147 praebendis
800 1114 850 1140 vel
874 1114 1035 1140 beneficiis
1058 1113 1152 1140 eccle-

140 1151 275 1178 siasticis
307 1152 347 1178 ad
377 1152 445 1185 ejus
477 1153 676 1179 collationem
709 1153 937 1186 spectantibus,
968 1160 1089 1180 necnon
1121 1154 1152 1179 et

141 1191 344 1224 pensionibus
373 1192 519 1225 compelli
546 1200 609 1219 non
638 1193 748 1226 possit,
777 1200 878 1226 neque
906 1200 961 1227 per
988 1193 1085 1219 alium
1115 1193 1152 1219 de

139 1229 215 1263 ipsis
244 1230 338 1257 alicui
366 1232 524 1265 provideri
551 1232 657 1258 valeat
685 1240 740 1265 per
766 1232 889 1258 litteras
918 1233 1106 1266 apostolicas
1135 1239 1152 1258 a

142 1268 220 1296 Sede
240 1270 424 1304 Apostolica
445 1278 498 1297 seu
519 1272 630 1305 legatis
651 1271 792 1304 ejusdem
805 1272 991 1305 impetratas
1004 1272 1048 1305 (1)
1063 1272 1152 1298 dum-

141 1309 235 1335 modo
255 1317 318 1336 non
338 1310 380 1336 sit
399 1318 454 1344 per
473 1318 525 1337 eas
543 1311 593 1344 jus
614 1311 708 1337 alicui
728 1311 930 1344 acquisitum,
951 1313 1007 1337 aut
1028 1312 1065 1337 de
1085 1318 1152 1337 coe-

140 1349 208 1375 tero
232 1348 448 1383 impetrandas
473 1351 591 1384 absque
615 1351 712 1384 ipsius
738 1351 825 1377 Sedis
850 1351 977 1384 speciali
1000 1351 1152 1377 mandato

140 1387 276 1415 faciente
298 1389 424 1422 plenam
447 1390 485 1416 de
506 1390 566 1417 hac
587 1390 783 1423 indulgentia
817 1390 1020 1417 mentionem.
1055 1391 1152 1422 (Bm.

141 1427 189 1459 25,
214 1427 235 1453 f.
262 1428 319 1454 154
343 1433 389 1460 v0,
414 1436 464 1456 an.
492 1429 544 1461 IV,
569 1437 594 1456 c.
621 1429 702 1462 227.)

181 1541 226 1564 «..,
237 1531 380 1570 episcopo
393 1531 454 1561 Am
460 1532 613 1562 bianensi.
626 1532 832 1562 Promerente
841 1535 897 1562 tue
911 1533 1092 1562 devotionis
1102 1550 1156 1561 --.

139 1582 217 1612 Dat.
247 1583 394 1619 Viterbii,
424 1585 507 1614 VIII
537 1585 609 1614 idus
639 1585 840 1623 septembris,
871 1595 956 1615 anno
987 1587 1114 1624 quarto.
1141 1597 1153 1612 »

219 1761 301 1787 2671
566 1762 705 1794 Viterbe,
725 1763 763 1790 28
783 1763 961 1797 septembre
981 1764 1068 1790 1258.

180 1813 302 1845 Eidem,
329 1814 370 1840 ad
394 1814 496 1840 instar
523 1810 727 1851 I[nnocentii]
754 1821 866 1848 papae,
893 1815 1149 1848 praedecessoris,

138 1853 281 1886 indulget
308 1855 344 1879 ut
370 1853 474 1880 nullus
502 1854 662 1887 delegatus
690 1854 729 1880 ab
756 1854 824 1887 ipso
850 1854 900 1880 vel
928 1854 1149 1887 subdelegatus

139 1893 239 1926 possit
262 1893 294 1919 in
318 1900 483 1926 personam
507 1893 575 1927 ejus
599 1893 811 1927 suspensionis
834 1893 884 1920 vel
908 1894 1069 1920 interdicti
1093 1896 1149 1922 aut

139 1932 475 1959 excommunicationis
500 1933 691 1960 sententiam
716 1933 914 1967 promulgare
940 1933 1058 1967 absque
1083 1941 1150 1968 spe-

138 1972 210 1998 ciali
231 1972 431 2006 Apostolicae
454 1972 541 1999 Sedis
563 1973 715 1999 mandato
737 1972 872 1999 faciente
895 1973 932 1999 de
954 1973 1149 2006 indulgentia

138 2011 191 2038 illa
212 2011 415 2038 mentionem.
437 2012 535 2045 (Bm.
557 2012 605 2044 25,
627 2012 648 2038 f.
671 2012 728 2038 145
749 2015 795 2044 νῦ,
818 2019 868 2039 an.
893 2012 945 2044 IV,
967 2020 992 2039 c.
1015 2013 1096 2046 228.)

180 2101 324 2131 «Eidem.
352 2101 423 2131 Etsi
450 2102 587 2131 libenter
618 2102 804 2141 petentibus
822 2120 871 2130 —.
893 2103 970 2131 Dat.
1000 2102 1148 2138 Viterbii,

141 2153 209 2183 IIII
233 2154 296 2183 kal.
322 2155 472 2189 octobris,
498 2163 582 2185 anno
608 2157 734 2193 quarto.
760 2166 773 2181 »

218 2345 306 2371 2672
677 2347 815 2378 Viterbe,
831 2347 867 2373 15
881 2354 963 2373 mars
978 2347 1064 2374 1258.

178 2397 228 2429 R,
257 2398 477 2424 archidiacono
505 2398 542 2424 de
570 2399 708 2432 Rebeye‚
737 2399 978 2426 Conventrensis
1006 2400 1147 2433 diocesis,

137 2437 280 2470 indulget
301 2439 347 2469 ut,
369 2439 493 2471 praeter
513 2438 805 2465 archidiaconatum
827 2439 864 2465 de
886 2439 1013 2472 Rebeye
1033 2442 1065 2466 et
1086 2440 1147 2467 alia

137 2477 345 2504 ecclesiastica
364 2477 517 2504 beneficia
547 2485 653 2504 curam
687 2479 863 2505 animarum
883 2479 1034 2506 habentia
1066 2486 1147 2513 quae

137 2517 270 2548 obtinet,
302 2517 428 2543 unicum
465 2517 550 2544 aliud
586 2517 784 2550 beneficium,
821 2519 917 2545 etiam
953 2519 977 2544 si
1013 2519 1146 2546 similem

138 2563 243 2583 curam
259 2556 375 2583 habeat
384 2558 414 2583 et
425 2557 464 2583 sit
475 2559 661 2590 personatus
674 2558 723 2584 vel
735 2558 882 2591 dignitas.
893 2560 922 2584 et
934 2558 959 2584 si
973 2565 1044 2584 eum
1058 2566 1146 2592 prae-

137 2595 257 2622 dictum
284 2596 574 2623 archidiaconatum
600 2597 648 2624 vel
675 2597 802 2631 aliquod
829 2605 867 2624 ex
892 2597 961 2624 aliis
986 2598 1146 2625 beneficiis

137 2635 200 2662 suis
226 2635 383 2669 resignare
410 2636 587 2669 contigerit,
616 2637 701 2663 aliud
717 2637 1142 2671 beneficium,personatum,

137 2675 186 2701 vel
210 2675 398 2708 dignitatem
420 2676 488 2702 loco
510 2676 594 2703 illius
619 2677 703 2710 quod
726 2677 931 2710 resignaverit
955 2677 1090 2710 recipere
1114 2679 1145 2705 et

136 2714 269 2742 retinere
289 2715 399 2749 possit.
420 2716 516 2746 (Rea.
538 2716 586 2748 25,
606 2716 628 2742 f.
650 2716 706 2743 154
726 2720 773 2748 v0‚
794 2724 844 2743 an.
868 2716 920 2748 IV,
941 2724 966 2743 c.
987 2717 1069 2749 229.)

178 2816 190 2832 «
213 2805 265 2840 R„
291 2805 506 2835 archidiacono
531 2806 566 2835 de
590 2805 717 2843 Rebeye,
744 2806 980 2836 Conventrensis
1003 2806 1143 2837 diocesis.

135 2858 258 2887 Meritis
280 2860 336 2888 tue
358 2859 530 2897 probitatis
552 2877 602 2887 —.
626 2859 703 2888 Dat.
726 2858 873 2893 Viterbii,
896 2859 1002 2889 idibus
1024 2859 1144 2894 martii,

135 2920 221 2941 anno
249 2913 376 2950 quarto.
405 2923 418 2939 n

137 2987 143 3000 ’Δ
171 3002 195 3026 1,
215 3000 250 3026 Ce
273 3004 331 3026 mot
353 3008 471 3032 marique
493 3003 562 3027 dans
582 3003 607 3027 le
629 3005 714 3027 texte.

1336 400 1424 426 2673
1784 401 1922 432 Viterbe,
1941 400 1977 427 31
1999 400 2075 427 aout
2094 401 2182 428 1258.

1301 453 1511 486 Infrascriptis
1535 454 1679 480 concedit
1702 455 1737 479 ut
1761 453 1923 480 ecclesiam
1948 453 1977 479 S.
2004 453 2093 479 Pauli
2117 453 2211 479 sitam
2234 453 2266 480 in

1258 492 1406 519 suburbio
1428 493 1567 519 civitatis
1591 493 1823 519 Cantuariensis
1851 493 1883 519 in
1912 500 1975 526 qua
2003 492 2053 526 jus
2082 494 2270 526 patronatus

1257 531 1386 563 habent,
1412 532 1563 565 cujusque
1588 534 1760 566 proventus
1784 532 1958 559 valentiam
1983 532 2164 565 quindecim
2188 539 2270 558 mar-

1258 578 1365 597 corum
1390 572 1617 605 Sterlingorum
1647 572 1736 598 annis
1766 572 1896 605 singulis
1925 579 1988 598 non
2026 572 2192 603 excedunt,
2223 579 2270 597 ce-

1259 611 1352 637 dente
1372 611 1422 637 vel
1443 611 1612 637 decedente
1632 611 1729 645 ipsius
1749 613 1878 643 rectore,
1899 612 1962 637 suis
1983 611 2091 637 usibus
2112 611 2270 645 applicare

1259 652 1291 676 et
1321 651 1387 683 ejus
1418 651 1645 684 possessionem
1676 651 1809 677 retinere
1840 651 1972 684 possint,
2003 651 2129 684 proviso
2160 652 2269 677 tamen

1259 691 1343 723 quod
1365 690 1526 724 capellano
1547 690 1579 716 in
1599 690 1709 716 eadem
1730 690 1858 716 ecclesia
1880 691 2016 716 Domino
2037 691 2188 724 perpetuo
2209 697 2271 715 ser-

1259 729 1376 761 vituro,
1409 731 1590 763 competens
1623 730 1660 755 de
1691 730 1789 763 ipsius
1820 730 2027 763 proventibus
2060 729 2162 763 portio
2195 729 2271 755 assi-

1259 770 1381 802 gnetur.
1404 769 1502 802 (REG.
1525 769 1573 800 25,
1596 769 1617 794 f.
1641 769 1698 795 154
1720 772 1766 800 v0,
1790 776 1814 795 c.
1838 769 1930 801 23023
1953 769 2125 796 POTTHAST
2148 768 2270 801 17310.)

1300 883 1356 906 «..,
1380 872 1486 901 abbati
1509 873 1535 901 el
1566 871 1726 901 conventui
1755 871 1935 900 monasterii
1960 871 2066 901 Sancti
2095 870 2270 908 Auquslini

1260 925 1507 958 cantuariensis,
1528 924 1568 954 cul
1586 925 1760 954 Romanam
1778 924 1949 954 Ecclesiam
1963 924 2047 953 nullo
2061 923 2160 953 medio
2173 922 2270 961 perii-

1260 977 1373 1011 nentis,
1383 977 1503 1006 ordinis
1515 977 1621 1006 Sancti
1632 977 1801 1006 Benedicti.
1812 976 1900 1006 Sedis
1908 976 2092 1014 Apostolice
2102 976 2204 1013 gratia
2217 992 2269 1005 —-.

1259 1030 1336 1059 Dat.
1362 1030 1508 1063 Viterbii,
1538 1030 1568 1058 II
1594 1030 1657 1059 kal.
1683 1029 1884 1067 septembris,
1910 1037 1995 1058 anno
2021 1030 2147 1066 quarto.
2172 1039 2184 1054 »

1340 1220 1428 1246 2674
1815 1219 1953 1251 Viterbe,
1971 1219 1988 1245 3
2007 1218 2082 1245 aout
2101 1218 2188 1245 1258.

1300 1273 1420 1299 Abbati
1443 1275 1474 1299 et
1496 1273 1591 1306 priori
1614 1273 1642 1299 S.
1667 1272 1829 1298 Edmundi
1852 1271 2058 1298 Norwicensis
2080 1271 2211 1297 mandat
2234 1272 2269 1297 ut

1261 1313 1410 1339 abbatem
1440 1315 1471 1339 et
1501 1314 1693 1339 conventum
1722 1312 1905 1338 monasterii
1935 1311 1963 1338 S.
1994 1311 2162 1343 Augustini
2192 1311 2270 1337 Can-

1259 1353 1427 1379 tuariensis
1455 1352 1652 1386 supradictos
1679 1351 1711 1378 111
1739 1351 1964 1385 possessionem
1993 1351 2096 1376 dictae
2124 1350 2270 1376 ecclesiae

1262 1393 1290 1419 S.
1313 1392 1412 1423 Pauli,
1433 1392 1562 1418 cedente
1582 1392 1631 1418 vel
1652 1392 1821 1417 decedente
1841 1392 1959 1417 rectore
1978 1390 2085 1424 ipsius,
2106 1389 2269 1416 inducant.

1261 1432 1358 1465 (ΒΕΘ.
1380 1432 1428 1463 25,
1450 1432 1470 1457 f.
1494 1432 1549 1458 154
1570 1435 1617 1462 v⁰‚
1639 1438 1688 1457 an.
1713 1431 1765 1462 IV,
1787 1438 1812 1457 c.
1834 1428 1932 1463 2301).)

1303 1546 1358 1568 «..,
1384 1534 1489 1563 abbati
1514 1535 1572 1567 et..‚
1608 1533 1708 1571 priori
1734 1532 1840 1562 Sancti
1864 1531 2024 1560 Edmundi
2049 1529 2270 1559 Norwicensis.

1262 1587 1350 1617 Sedis
1372 1586 1555 1625 Apostolice
1575 1586 1679 1624 gratia
1699 1603 1749 1614 -.
1771 1585 1848 1614 Dat.
1870 1586 1907 1613 ut
1927 1592 2034 1622 supra.
2056 1595 2067 1610 »

1340 1778 1428 1804 2675
1755 1776 1894 1807 Viterbe,
1915 1776 1932 1801 4
1952 1776 2079 1802 octobre
2101 1775 2189 1802 1258.

1300 1818 1419 1844 Abbati
1446 1818 1484 1844 de
1511 1817 1540 1843 S.
1566 1817 1693 1850 Agatha
1718 1817 1849 1842 mandat
1877 1817 1912 1842 ut
1938 1815 2100 1842 ecclesiam
2127 1815 2164 1841 de
2191 1815 2271 1849 Ley-

1258 1858 1381 1891 singby,
1414 1856 1625 1883 Karleolensis
1656 1856 1796 1887 diocesiS,
1829 1863 1846 1881 a
1878 1855 2027 1888 magistro
2060 1854 2199 1881 Galfrido
2232 1855 2270 1881 de

1258 1897 1287 1924 S.
1317 1897 1453 1930 Agatha,
1481 1897 1600 1922 rectore
1628 1895 1774 1922 ecclesiae
1802 1895 1839 1921 de
1868 1895 2027 1925 Houcton,
2050 1894 2269 1921 Dunelmensis

1258 1937 1399 1967 diocesiS,
1433 1936 1594 1969 capellano
1627 1936 1675 1967 0.,
1709 1935 1738 1961 S.
1772 1935 1902 1961 Adriani
1935 1934 2059 1960 diaconi
2091 1934 2269 1966 cardinalis,

1258 1977 1313 2010 qui
1332 1977 1410 2002 duas
1430 1976 1607 2010 praedictas
1627 1975 1771 2002 ecclesias
1791 1975 1909 2007 absque
1929 1973 2162 2007 dispensatione
2181 1973 2269 2000 Sedis

1258 2016 1458 2049 Apostolicae
1474 2015 1658 2046 retinuerat,
1672 2015 1768 2040 libere
1784 2014 1975 2047 resignatam
1991 2013 2091 2040 eidem
2107 2013 2268 2046 magistro,

1258 2055 1475 2082 satisfactione
1498 2055 1535 2081 de
1556 2054 1711 2081 fructibus
1732 2054 1836 2080 medio
1858 2056 1999 2087 tempore
2020 2053 2175 2087 perceptis
2196 2060 2268 2086 poe-

1257 2095 1456 2128 nitentiaque
1486 2094 1616 2121 salutari
1644 2094 1811 2127 impositis,
1842 2093 2002 2126 assignent
2030 2093 2120 2126 eique
2161 2093 2268 2119 aucto-

1256 2135 1352 2161 ritate
1383 2134 1556 2168 apostolica
1586 2134 1769 2167 dispensent
1799 2134 1834 2159 ut
1864 2133 1965 2159 dictas
1995 2132 2138 2159 ecclesias
2168 2131 2267 2165 possit

1256 2175 1382 2201 insimul
1396 2175 1493 2200 libere
1508 2173 1640 2200 retinere
1656 2180 1701 2204 ac,
1718 2180 1753 2199 eo
1769 2173 1908 2206 ipsarum
1924 2172 2055 2198 alteram
2078 2171 2266 2204 resignante,

1257 2215 1357 2248 possit
1368 2215 1434 2240 loco
1445 2213 1528 2240 illius
1541 2220 1636 2247 quam
1648 2213 1863 2246 resignaverit.
1876 2212 1961 2238 aliud
1974 2211 2161 2238 beneficium
2173 2211 2266 2238 eccle-

1256 2254 1429 2285 siasticum,
1458 2253 1555 2279 etiam
1583 2253 1608 2279 si
1636 2252 1773 2285 dignitas
1800 2252 1850 2278 vel
1878 2253 2063 2285 personatus
2090 2251 2208 2277 existat
2235 2252 2263 2276 et

1256 2294 1368 2320 similis
1388 2294 1415 2319 ei
1437 2300 1510 2319 cura
1530 2293 1705 2323 immineat,
1726 2292 1871 2325 recipere,
1894 2291 1990 2323 (Bm.
2012 2291 2060 2322 25,
2082 2290 2102 2316 f.
2126 2290 2192 2322 155,
2215 2297 2254 2316 an

1259 2333 1311 2365 IV,
1334 2341 1358 2360 c.
1382 2333 1463 2365 231.)

1298 2448 1342 2471 «..,
1359 2436 1465 2465 abbati
1497 2444 1511 2464 e
1528 2436 1639 2465 Sancta
1650 2435 1785 2473 Aquam,
1796 2433 2001 2464 Eboracensis
2011 2433 2149 2463 diocesis.
2161 2433 2265 2462 Dilec-

1252 2491 1306 2519 tus
1322 2489 1406 2518 filius
1423 2488 1576 2526 magister
1588 2506 1637 2516 -·.
1654 2488 1730 2516 Dat.
1746 2487 1892 2520 Viterbii,
1911 2486 1978 2515 1111
1996 2495 2096 2515 nonas
2113 2485 2263 2519 octobris,

1253 2551 1338 2572 anno
1371 2544 1498 2580 quarto.
1531 2552 1543 2567 ι)

1333 2746 1421 2771 2676
1774 2744 1911 2774 Viterbe,
1933 2743 1950 2769 6
1969 2742 2069 2775 J'uillet
2093 2742 2180 2768 1258.

1294 2797 1459 2831 Religiosis
1482 2796 1663 2823 monasterii
1687 2796 1716 2823 S.
1739 2796 1854 2829 Egidii,
1878 2794 2098 2821 Nemausensis
2121 2794 2262 2826 diocesis,

1252 2837 1394 2871 indulget
1417 2838 1453 2863 ut
1475 2837 1514 2863 ad
1526 2836 1713 2862 solutionem
1736 2836 1914 2862 debitorum
1936 2842 1991 2868 pro
2014 2834 2128 2867 quibus
2150 2834 2263 2861 Petrus

1254 2877 1357 2904 dictus
1382 2877 1419 2903 de
1445 2876 1571 2906 Castris,
1596 2875 1681 2909 prior
1704 2875 1861 2909 prioratus
1886 2875 1923 2900 de
1949 2874 2054 2905 Seura‚
2079 2875 2189 2900 contra
2210 2873 2262 2900 lit-

1253 2918 1393 2943 terarum
1426 2915 1670 2949 apostolicarum
1703 2915 1925 2941 auctoritatem
1959 2914 2185 2940 monasterium
2215 2913 2263 2947 ip-

1254 2963 1358 2983 sorum
1380 2956 1586 2988 obligaverat,
1608 2954 1737 2981 minime
1758 2955 1936 2981 teneantur.
1959 2953 2056 2986 (Bm.
2078 2953 2126 2983 25,
2149 2953 2169 2979 f.
2193 2953 2262 2983 155,

1253 3003 1303 3022 an.
1337 2995 1389 3027 IV,
1421 3003 1446 3021 c.
1477 2994 1558 3024 232.)
