2477 3512
1004 312 1281 354 QUATRIEME
1301 311 1464 345 ANNEE
2230 312 2290 342 765

171 423 228 450 tue
251 420 423 459 probitatis
447 420 569 450 meritis
593 419 802 458 dispensavit.
828 418 909 456 Quia
932 427 1009 448 vero
1032 421 1080 453 tu,
1105 420 1179 457 post

171 473 357 511 hujusmodi
371 472 606 502 assecutionem
623 472 734 511 gratie,
759 474 796 501 ut
819 473 851 501 te
876 471 1008 510 dignum
1032 471 1178 500 redderes

171 525 289 564 potiori
309 525 491 563 litterarum
512 525 643 554 scientie
663 533 700 554 ae
721 525 854 554 honeste
875 523 1126 553 conversationis
1146 524 1180 552 et

169 578 237 607 vite
262 578 370 607 studio
395 577 600 607 laudabiliter
625 577 736 606 diceris
761 577 938 610 insudasse,
968 585 1025 605 nos
1049 578 1180 614 propter

171 631 241 664 hoc,
259 639 296 660 ac
313 630 413 659 etiam
430 630 567 659 obtentu
583 629 775 658 venerabilis
791 629 900 658 fratris
925 628 1059 662 nostri..,
1078 627 1179 657 archi-

170 683 311 721 episcopi
336 682 616 716 Armachanensis‚
643 682 697 720 qui
722 682 782 711 tibi
808 690 903 719 super
927 680 1088 719 premissis
1112 680 1180 710 lau-

171 736 275 765 dabile
301 735 523 764 testimonium
550 734 723 773 perhibuit,
759 737 792 763 et
818 736 849 763 te
876 733 968 762 nobis
994 732 1179 762 affectuosis

170 788 316 826 precibus
341 787 592 821 commendavit,
617 786 686 825 ejus
709 786 1000 824 supplicationibus
1023 785 1178 817 inclinati,

170 843 207 870 ut
228 842 437 879 personatum
458 840 509 869 vel
531 839 723 877 dignitatem
745 839 844 868 etiam
865 838 896 867 in
919 838 1027 876 aliqua
1049 838 1179 867 ecclesia

170 892 346 922 cathedrali
371 893 409 922 de
438 892 573 926 Ibernia,
599 892 625 921 si
648 892 709 921 tibi
734 891 812 921 alias
837 891 989 920 canonice
1013 890 1178 923 offeratur,

169 954 233 974 non
258 945 408 974 obstante
426 945 570 983 predicto
595 944 734 978 defectu,
759 944 903 973 obtinere
928 944 1046 977 valeas,
1071 945 1178 973 tecum

169 997 363 1027 auctoritate
396 997 572 1035 apostolica
606 997 839 1035 dispensamus,
873 999 918 1026 ita
951 999 1061 1025 tamen
1093 997 1178 1035 quod

168 1049 194 1078 si
224 1052 257 1079 te
295 1050 336 1079 ad
368 1050 588 1088 pontificalem
620 1050 811 1088 dignitatem
843 1049 970 1078 evocari
1000 1049 1178 1087 contingat,

169 1102 257 1132 illam
304 1111 510 1142 nequaquam
535 1103 667 1141 recipias
692 1102 758 1132 sine
783 1102 938 1131 mandato
965 1102 1053 1131 Sedis
1078 1102 1179 1140 Apos-

160 1155 263 1184 ‘toliee
300 1155 439 1194 speciali.
478 1156 565 1185 Nulli
592 1157 699 1184 nostre
726 1155 973 1193 dispensationis
999 1157 1060 1184 etc.
1101 1155 1177 1184 Dat.

167 1208 314 1242 Viterbii,
338 1208 369 1237 X
391 1208 454 1237 kal.
477 1208 640 1241 februarii,
663 1217 747 1237 anno
771 1210 897 1246 quarto.
921 1220 932 1234 η

250 1389 334 1414 2451
635 1391 771 1422 Viterbe,
783 1390 820 1416 22
832 1390 994 1416 decembre
1008 1389 1094 1416 1257.

212 1439 437 1472 Engelbertum
473 1440 510 1465 de
545 1439 742 1472 Valkenberg
776 1439 807 1464 in
842 1438 1039 1471 capellanum
1085 1445 1175 1463 suum

171 1479 325 1506 admittit.
347 1479 443 1512 (Bm.
465 1479 513 1510 25,
534 1479 554 1505 f.
578 1479 634 1504 120
654 1482 700 1510 v0,
721 1485 770 1505 an.
796 1477 847 1509 IV,
869 1485 893 1504 c.
915 1477 977 1510 39.)

212 1571 223 1585 «
248 1559 431 1597 Enyelberto
456 1559 491 1588 de
521 1559 722 1597 Vallcenberq,
748 1558 965 1588 archidiacono
999 1558 1173 1587 Leodiensi.

167 1611 289 1641 Meritis
312 1614 367 1640 tue
390 1611 562 1650 probitatis
585 1614 618 1640 et
641 1611 819 1641 nobilitatis
842 1611 1025 1640 inducimur
1047 1613 1084 1640 ut
1106 1620 1175 1649 per-

167 1673 279 1694 sonam
302 1667 394 1694 tuam
417 1665 559 1702 quadam
583 1664 787 1703 prerogativa
810 1664 912 1703 gratie
935 1666 1174 1702 prosequentes,

166 1726 238 1746 eam
260 1720 293 1747 et
316 1719 476 1755 oportuno
498 1717 683 1746 muniamus
705 1716 816 1746 favore
840 1719 871 1745 et
894 1717 1013 1746 honore
1036 1724 1175 1755 congruo

166 1770 364 1800 attollamus.
384 1770 430 1799 Ut
447 1769 545 1808 igitur
562 1779 599 1799 eo
617 1769 794 1799 ferventius
813 1769 929 1798 nostris
945 1772 977 1798 et
992 1769 1175 1808 Apostolice

167 1823 255 1852 Sedis
284 1823 413 1852 insistas
429 1822 600 1861 obsequiis,
618 1831 682 1860 quo
697 1822 835 1860 amplius
851 1831 907 1860 per
923 1831 979 1851 nos
994 1824 1027 1851 te
1043 1822 1175 1851 senseris

166 1875 327 1910 honorari,
357 1877 391 1904 te
422 1875 460 1904 de
491 1875 622 1913 speciali
653 1875 871 1904 benivolentia
902 1875 934 1904 in
974 1875 1174 1913 capellanum

167 1930 313 1957 nostrum
345 1927 496 1957 duximus
526 1927 778 1961 admittendum,
811 1928 868 1957 has
898 1927 958 1956 tibi
988 1928 1112 1957 litteras
1143 1928 1174 1957 in

165 1981 262 2019 hujus
303 1980 347 2009 rei
386 1980 609 2009 testimonium
650 1981 870 2009 concedentes.
922 1981 997 2010 Dat.
1039 1980 1175 2010 Viterbii

166 2033 216 2062 XI
238 2033 302 2063 kal.
324 2033 473 2071 januarii,
495 2042 580 2062 anno
603 2035 729 2071 quarto.
752 2044 764 2059 »

245 2228 333 2254 2452
661 2229 799 2259 Viterbe,
811 2228 849 2255 23
859 2228 983 2262 janvier
1006 2229 1092 2255 1258.

206 2276 433 2303 Monasterium
466 2277 494 2304 S.
526 2277 739 2304 Bartholomei
772 2278 809 2303 de
842 2277 1025 2310 Carpeneto,
1057 2277 1175 2303 ordinis

166 2317 195 2343 S.
236 2316 411 2348 Benedicti,
454 2317 623 2343 Pennensis
664 2317 805 2348 diocesis,
848 2317 1037 2342 monasterio
1079 2317 1175 2343 Casae

165 2356 284 2388 Novae,
332 2357 543 2383 Cisterciensis
581 2357 709 2389 ordinis,
747 2357 887 2389 eJ'usdem
919 2357 1059 2387 diocesis,
1095 2357 1173 2383 unit.

164 2396 260 2428 (ΒΕΘ.
284 2396 331 2427 25,
354 2397 374 2423 f.
401 2396 457 2422 120
480 2401 525 2428 νο,
549 2404 598 2424 3η.
625 2396 676 2428 IV,
699 2404 724 2424 c.
747 2396 809 2429 40.)

207 2493 217 2506 «ι
234 2504 251 2514 .,
283 2481 389 2510 abbati
403 2483 429 2510 el
443 2482 604 2511 conventui
629 2482 810 2511 monasterii
835 2482 990 2511 Casenovo
1007 2482 1087 2519 (sici,
1107 2481 1175 2511 Cis-

179 2534 324 2563 erciensis
344 2534 474 2568 ordinis,
491 2535 667 2563 Pennensis
681 2535 819 2564 diocesis.
837 2534 994 2572 Presignis
1015 2534 1174 2563 virtutum

164 2586 284 2615 ordinis
308 2587 408 2615 vestri
432 2587 549 2625 religio,
574 2587 773 2616 fecunditate
810 2587 927 2616 refecta
952 2587 1111 2615 virtutum
1143 2590 1175 2616 et

170 2639 357 2668 meritorum
381 2643 552 2676 conspicua
575 2640 760 2673 sanctitate,
785 2650 907 2669 necnon
938 2642 970 2668 et
995 2640 1175 2669 devotionis

166 2691 332 2721 sinceritas
365 2701 462 2730 quam
496 2695 678 2721 reverenter
710 2695 741 2721 et
781 2693 891 2722 sedulo
924 2700 996 2730 erga
1047 2701 1103 2721 nos
1143 2694 1176 2720 et

166 2744 347 2774 Romanam
369 2744 545 2774 Ecclesiam
557 2745 602 2783 (l)
622 2748 845 2783 promerentur
869 2747 905 2774 ut
929 2754 985 2774 vos
1008 2744 1176 2783 apostolici

164 2796 284 2826 favoris
296 2797 495 2835 plenitudine
507 2800 747 2836 prosequentes,
760 2798 851 2827 vobis
864 2798 1036 2827 reddamur
1047 2798 1173 2827 assidue

164 2849 205 2877 ad
230 2849 368 2887 gratiam
394 2850 548 2884 liberales,
576 2853 608 2879 et
634 2853 711 2879 tunc
737 2850 897 2889 precipue,
925 2851 1001 2879 dum
1035 2859 1091 2888 per
1116 2851 1174 2880 hu-

163 2901 305 2939 jusmodi
333 2905 439 2932 nostre
468 2903 670 2932 liberalitatis
699 2912 789 2941 opuS,
807 2903 905 2932 officii
935 2903 1080 2932 debitum
1109 2912 1173 2941 quo

160 2953 243 2983 circa
272 2954 479 2984 directionem
508 2955 650 2985 locorum
680 2955 899 2994 religiosorum
929 2955 1098 2994 invigilare
1128 2959 1173 2985 te-

200 3031 222 3054 1.
246 3031 267 3056 11
284 3036 402 3062 manque
419 3033 453 3056 ici
468 3038 506 3054 un
524 3034 582 3056 mot
599 3033 637 3056 tel
653 3037 706 3061 que
723 3032 858 3056 exhibetis.

1280 428 1402 451 nemur.
1417 419 1622 449 laudabiliter
1635 419 1858 457 adimplemus.
1875 419 1954 448 Cum
1969 418 2063 452 enim,
2079 419 2162 448 inter
2182 423 2290 451 nostre

1279 471 1501 500 sollicitudinis
1532 472 1649 505 studia,
1682 472 1759 501 illud
1791 471 2010 510 cognoscimus
2041 480 2108 501 esse
2139 481 2202 502 non
2230 474 2290 503 1ni-

1280 523 1403 553 nimum
1430 527 1466 552 ut
1491 524 1523 553 in
1549 524 1624 553 locis
1650 525 1709 554 sub
1736 524 1894 562 religionis
1920 524 2024 562 specie
2050 524 2159 554 divino
2186 526 2287 556 cultui

1281 576 1446 610 dedicatis,
1490 577 1735 615 providentibus
1779 577 1881 610 nobis,
1926 577 2131 606 observantia
2175 578 2283 616 vigeat

1280 629 1442 667 regularis,
1459 631 1491 658 et
1507 629 1686 658 deformata
1698 638 1754 667 pro
1766 632 1910 667 tempore
1926 629 2117 658 reformetur
2127 630 2288 665 honestas,

1281 681 1420 710 delectat
1438 691 1495 710 nos
1513 682 1689 711 admodum
1707 682 1783 711 locis
1816 682 1892 719 ipsis
1910 691 1947 711 ac
1965 682 2106 720 personis
2125 683 2156 711 in
2174 683 2218 712 eis
2237 684 2289 713 de-

1280 734 1429 771 gentibus
1450 734 1573 763 felicem
1595 736 1718 763 statum
1739 743 1776 763 ac
1797 743 1984 772 prosperum
2005 744 2185 772 procurare.
2208 736 2287 765 Cum

1279 786 1378 824 igitur
1395 786 1426 815 in
1445 786 1640 815 monasterio
1660 786 1769 816 Sancti
1803 787 2022 816 Bartholomei
2041 788 2079 816 de.
2098 788 2288 826 Carpeneto,

1280 839 1321 868 ad
1340 840 1521 868 Romanam
1539 839 1715 868 Ecclesiam
1732 839 1819 868 nullo
1836 839 1941 868 medio
1958 840 2150 877 pertinente,
2168 841 2287 871 ordinis

1281 891 1390 921 Sancti
1414 891 1592 925 Benedicti,
1620 891 1794 920 Pennensis
1822 892 1964 925 diocesis,
2006 893 2179 930 plurimum
2207 894 2291 923 sicut

1280 944 1461 982 accepimus
1484 946 1595 973 teneat
1619 944 1824 973 observantia
1850 943 2010 981 regularis,
2036 954 2103 978 nos,
2127 947 2195 974 tam
2220 955 2289 975 ves-

1280 997 1321 1026 tri
1341 1006 1439 1035 quam
1459 997 1603 1034 ejusdem
1635 996 1744 1025 Sancti
1762 996 1981 1024 Bartholomei
2018 998 2286 1028 monasteriorum

1280 1049 1477 1088 profectibus
1514 1049 1728 1082 intendentes,
1767 1048 1998 1077 monasterium
2035 1049 2141 1087 ipsum
2179 1051 2291 1080 Sancti

1278 1102 1508 1135 Bartholomei,
1527 1111 1590 1131 una
1609 1110 1681 1130 cum
1700 1101 1812 1130 castris
1829 1103 1862 1130 et
1878 1101 1962 1130 villis
1980 1104 2011 1130 et
2030 1102 2178 1131 omnibus
2197 1103 2288 1132 bonis

1280 1154 1452 1184 mobilibus
1475 1156 1507 1183 et
1529 1154 1747 1183 immobilibus
1769 1163 1807 1183 ac
1828 1153 1953 1191 juribus
1975 1154 2017 1182 ad
2039 1154 2117 1183 illud
2141 1158 2287 1193 spectan-

1280 1207 1377 1241 tibus,
1396 1207 1590 1236 monasterio
1607 1209 1715 1236 vestro
1733 1207 1771 1235 de
1788 1206 1927 1235 fratrum
1944 1209 2127 1236 nostrorum
2145 1208 2287 1241 consilio,

1280 1259 1475 1289 auctoritate
1485 1260 1661 1298 apostoliea
1676 1261 1831 1297 perpetuo
1846 1258 2108 1297 conn[ect]imus‚
2120 1259 2290 1299 ipsumque

1280 1312 1521 1350 incorporamus
1544 1312 1743 1341 Cisterciensi
1771 1311 1884 1345 ordini,
1909 1312 1946 1340 de
1970 1311 2052 1340 illius
2075 1312 2291 1350 pulcritudine

1282 1365 1377 1402 hujus
1391 1364 1605 1394 deformatam
1618 1364 1756 1402 speciem
1768 1364 1990 1397 reformantes,
2004 1364 2050 1393 ita
2064 1365 2151 1403 quod
2165 1367 2289 1394 utrum-

1282 1426 1344 1456 que
1364 1417 1595 1446 monasterium
1615 1417 1657 1446 sit
1677 1417 1715 1446 de
1744 1418 1848 1445 cetero
1887 1425 1987 1445 unum
2008 1425 2122 1455 corpus
2142 1418 2201 1446 sub
2221 1420 2290 1452 tuo,

1282 1470 1329 1499 fili
1357 1470 1468 1503 abbas,
1493 1472 1526 1499 et
1553 1478 1771 1498 successorum
1802 1471 1932 1498 tuorum
1968 1469 2130 1507 regimine,
2167 1470 2290 1504 castris,

1282 1522 1365 1551 villis
1389 1525 1422 1551 et
1446 1522 1558 1551 ceteris
1584 1521 1675 1551 bonis
1699 1521 1844 1559 ejusdem
1869 1521 2055 1550 monasterii
2081 1522 2190 1551 Sancti
2213 1523 2291 1552 Bar-

1282 1574 1436 1603 tholomei
1468 1574 1500 1603 in
1531 1574 1630 1612 ipsius
1662 1574 1859 1612 proprietate
1892 1574 2144 1608 remanentibus,
2177 1575 2290 1613 guber-

1283 1627 1437 1656 nandum.
1477 1627 1521 1655 Et
1559 1627 1635 1665 quia
1673 1626 1820 1664 cupimus
1855 1628 1892 1655 ut
1925 1626 1956 1654 in
1983 1626 2070 1655 dicto
2096 1627 2290 1656 monasterio

1284 1679 1393 1709 Sancti
1419 1679 1639 1709 Bartholomei
1667 1678 1768 1708 cultui
1797 1678 1897 1707 divini
1926 1678 2063 1708 nominis
2090 1679 2290 1714 intendatur,

1283 1732 1395 1761 eadem
1426 1732 1620 1761 auctoritate
1653 1731 1844 1770 precipimus
1876 1733 1913 1760 ut
1944 1734 2099 1769 perpetuo
2131 1732 2292 1762 serviatur

1282 1785 1360 1814 inibi
1387 1794 1442 1822 per
1468 1787 1706 1823 competentem
1733 1786 1929 1813 conventum
1956 1793 2164 1821 personarum
2191 1785 2291 1823 ipsius

1283 1837 1498 1867 Cisterciensis
1522 1837 1640 1866 ordinis
1663 1838 1723 1866 sub
1747 1839 1814 1871 tua,
1839 1837 1885 1865 fili
1908 1837 2019 1870 abbas,
2052 1838 2085 1865 et
2116 1838 2290 1867 eorundem

1282 1899 1500 1920 successorum
1539 1890 1721 1919 obedientia
1760 1898 2016 1928 pemiansurum.
2056 1889 2143 1918 Nulli
2182 1892 2293 1920 nostre.

1296 1943 1432 1976 unionis,
1457 1942 1723 1981 incorporationis
1754 1945 1787 1971 et
1818 1942 1960 1980 precepti
1992 1944 2052 1971 etc.
2078 1942 2154 1972 Dat.
2188 1942 2294 1972 Viter-

1283 1996 1337 2029 bii,
1362 1996 1394 2025 Χ
1417 1996 1479 2024 kal.
1504 1995 1666 2029 februarii,
1690 2004 1775 2024 anno
1799 1998 1925 2034 quarto.
1950 2006 1961 2021 n

1364 2259 1451 2284 2453
1748 2258 1885 2290 vitei-be,
1916 2258 1950 2284 13
1976 2259 2100 2292 janvier
2123 2259 2208 2287 1258.

1324 2308 1422 2334 Priori
1439 2308 1467 2334 S.
1487 2307 1625 2338 Martini,
1642 2307 1780 2333 ,Iohanni
1798 2307 1883 2333 dicto
1900 2308 2006 2340 Coquo
2023 2309 2053 2333 et
2070 2307 2291 2334 Bartholomeo

1284 2348 1368 2373 dicto
1384 2357 1393 2370 «
1407 2347 1533 2380 Bayeye
1545 2357 1567 2378 »,
1583 2347 1739 2373 canonicis
1753 2346 2009 2378 Nivernensibus,
2036 2348 2167 2373 mandat
2194 2349 2229 2374 ut
2255 2349 2291 2374 (le

1283 2387 1459 2420 receptione
1488 2387 1571 2413 Petri
1599 2387 1635 2412 (le
1664 2386 1825 2419 Mornayo,
1853 2386 1963 2417 clerici,
1991 2386 2021 2412 in
2049 2387 2233 2413 canonicum
2260 2388 2291 2413 in

1284 2427 1412 2453 ecclesia
1429 2427 1465 2452 de
1483 2426 1657 2459 Sanccrgio‚
1674 2426 1877 2452 Bituricensis
1894 2426 2034 2457 diocesis,
2045 2427 2139 2458 facta,
2151 2426 2291 2459 ejusdem

1283 2467 1429 2492 ecclesiae.
1466 2466 1566 2499 priore
1603 2466 1742 2497 absente,
1780 2466 1946 2491 veritatem
1984 2466 2154 2499 inquirant.
2193 2467 2288 2499 (REG.

1284 2506 1331 2537 25,
1352 2507 1372 2532 f.
1396 2506 1462 2537 121,
1484 2513 1532 2532 an.
1558 2506 1608 2536 IV,
1630 2513 1654 2533 e.
1675 2505 1736 2535 41.)

1325 2616 1335 2629 κ
1365 2627 1394 2638 ..,
1421 2604 1520 2642 priori
1549 2604 1655 2633 Sancti
1682 2603 1829 2637 ⁴Martini,
1859 2603 2001 2632 ,Iohanni
2028 2603 2106 2632 dicto
2134 2603 2236 2641 Coquo
2263 2605 2289 2631 el

1282 2656 1493 2686 Bartholomeo
1535 2657 1613 2685 dicto
1655 2656 1786 2694 Bayeye‚
1830 2656 1988 2685 canonicis
2030 2655 2287 2685 Nivernensibus.

1283 2709 1426 2739 Dilectus
1446 2709 1531 2738 filius
1554 2732 1582 2743 ..,
1616 2709 1700 2747 prior
1731 2709 1880 2737 secularis
1901 2708 2028 2737 ecclesie
2049 2709 2086 2737 (lc
2108 2708 2286 2746 SancergiQ

1280 2762 1489 2791 Bituriccnsis
1530 2762 1672 2794 diocesis,
1706 2770 1762 2790 sua
1801 2761 1892 2790 nobis
1923 2761 2151 2799 conquestione
2182 2770 2287 2790 mons-

1283 2815 1382 2845 travit
1411 2816 1507 2853 quod,
1538 2824 1609 2844 cum
1638 2814 1678 2843 ad
1708 2814 1897 2843 instantiam
1927 2813 2012 2842 Petri
2041 2814 2079 2842 de
2119 2813 2285 2851 Mornayo,

1281 2868 1394 2901 clerici,
1418 2868 1477 2906 ipsi
1520 2867 1614 2905 priori
1637 2869 1669 2896 et
1700 2866 1841 2904 capitulo
1872 2866 2015 2903 ejusdcm
2051 2866 2179 2895 ecclesie
2210 2866 2286 2895 reci-

1281 2920 1388 2959 piendi
1409 2929 1481 2949 eum
1504 2920 1533 2949 in
1557 2920 1642 2948 (licta
1664 2919 1793 2948 ecclesia
1810 2919 1839 2947 in
1852 2918 2041 2947 canonicum
2052 2921 2085 2947 et
2100 2919 2131 2947 in
2152 2918 2284 2948 fratrem

1279 2982 1317 3003 ac
1333 2973 1521 3011 providendi
1538 2972 1596 3001 sibi
1614 2973 1652 3001 de
1669 2972 1828 3010 prebenda
1846 2971 1905 3000 sub
1922 2973 2007 3000 certa
2024 2970 2125 3000 forma
2143 2980 2199 3009 per
2214 2980 2285 3000 nos—

1279 3029 1345 3055 tras
1371 3026 1494 3055 litteras
1528 3025 1774 3054 concesserimus
1800 3024 2000 3058 facultatem,
2027 3032 2063 3053 ac
2089 3023 2173 3052 idem
2199 3024 2285 3062 prior
