2477 3512
962 309 1191 348 TROISIEME
1216 311 1361 348 ANNEE

144 400 209 423 tum
238 392 349 423 taliter
374 393 644 433 pronuntiandum
671 394 805 423 estnon
837 395 961 429 tenere,
989 401 1028 421 ac
1056 391 1126 431 ipsa

143 448 249 479 redire
262 448 302 479 ad
318 448 480 489 prefatum
495 449 737 486 monasterium,
751 448 783 478 in
800 457 861 487 quo
882 447 978 488 juxta
1000 446 1128 488 profes·
1153 478 1154 481 ,

144 505 265 535 sionem
303 514 393 535 suam
426 505 505 535 Deo-
540 508 699 546 perpetuo
725 504 860 541 serviat,
888 502 1126 544 compellenda.

143 561 236 591 Dicta
256 571 334 591 vero
353 560 444 598 bona,
460 571 516 601 pro
533 571 570 591 eo
591 559 673 601 quod
690 560 854 590 nominata
870 559 984 590 mulier
1001 569 1039 590 ea
1054 569 1129 600 pre-
1153 587 1155 593 ζ

145 618 211 647 fato
225 617 423 648 monasterio
441 627 599 657 expresse
619 616 735 647 obtulit
749 618 781 647 et
801 616 947 654 donavit,
961 615 1000 646 ad
1025 616 1079 656 jus
1096 617 1128 645 et

145 674 375 714 proprietatem
393 673 494 714 ipsius
522 672 713 703 monasterii
739 672 905 713 pertinere
923 671 1074 709 dicimus,
1097 673 1127 702 et

145 729 312 770 Radulpho
323 732 353 760 et
376 729 502 759 mulieri
516 728 653 769 prefatis
668 732 857 770 perpetuum
876 728 996 759 debere
1009 728 1128 769 imponi

144 786 306 816 silentium
336 795 432 826 super
464 784 537 815 illis.
560 785 719 820 Quocirca
739 784 941 817 mandamus,
964 784 1126 824 quatinus,

145 842 266 873 vocatis
287 842 338 882 qui
356 841 475 871 fuerint
495 841 652 871 evocandi
674 844 705 871 et
727 840 843 871 auditis
866 840 939 871 hinc
959 839 1032 871 inde
1053 850 1127 881 pro-

141 898 255 939 positis
271 907 308 927 ac
329 898 460 927 servato
477 896 623 937 legitimo
646 906 803 937 processu
824 906 931 927 coram
951 899 982 927 te
1002 896 1124 934 habito,

142 953 305 994 negotium
326 953 430 994 ipsum
448 952 545 993 juxta
558 952 743 993 hujusmodi
764 953 958 993 rescriptum
978 956 1124 983 nostrum

140 1009 253 1050 previa
276 1009 402 1039 ratione
423 1008 566 1045 decidas,
589 1009 714 1040 faciens
744 1008 826 1049 qnod
854 1009 1044 1039 decreveris
1070 1020 1127 1050 per

140 1074 310 1096 censuram
349 1064 604 1095 ecclesiasticam
632 1064 768 1096 firmiter
806 1065 983 1096 observari.
1012 1065 1125 1096 Datum

126 1118 292 1158 viterbii,
309 1121 339 1149 V
361 1120 517 1151 kalendas
534 1121 689 1159 octobris,
709 1131 792 1152 anno
806 1122 920 1152 tertio.
943 1136 956 1147 »ι

209 1244 311 1272 2232
677 1246 802 1278 Viterbe,
820 1248 852 1272 20
864 1246 963 1280 Juillet
979 1248 1052 1271 12ῒιῑ4

174 1336 279 1362 Statuit
292 1336 483 1362 utGamelino
499 1337 634 1371 episcopo
649 1337 676 1363 S.
689 1336 833 1367 Andreae,
853 1337 938 1362 honis
952 1337 1126 1370 priusresti-

140 1383 220 1416 tutis,
242 1383 277 1409 de
293 1383 468 1410 criminibus
485 1384 509 1410 ei
526 1393 542 1410 a
559 1393 625 1420 rege
646 1385 758 1410 Scotiae
775 1384 900 1417 objectis
915 1384 1083 1418 inquiratur
1098 1389 1126 1410 et

135 1431 296 1464 judicetur.
314 1431 390 1460 (nm
413 1433 454 1462 25,
472 1439 498 1457 a.
523 1432 569 1462 ΙΙΙ,
585 1441 608 1458 c.
626 1432 698 1460 640¹,
717 1432 734 1457 f.
751 1433 795 1457 82¹⁴
808 1440 813 1458 :
825 1432 966 1457 Pommsw
984 1433 1089 1464 16936.)

184 1536 198 1550 u
221 1522 275 1553 Asl
284 1522 442 1563 suturam
459 1522 507 1553 rei
525 1521 734 1553 memoriam.
756 1523 935 1553 Venientes
951 1523 1070 1553 dudum
1086 1522 1125 1553 ad

139 1578 255 1610 Sedem
288 1579 509 1620 Apostolicam
545 1579 654 1610 dilecti
683 1579 737 1610 filii
772 1579 928 1620 magister
965 1578 1124 1610 Jordanus

140 1635 263 1666 Locard
277 1636 414 1666 clericus
435 1638 467 1667 et
488 1636 649 1667 Robertus
666 1635 705 1667 de
730 1636 898 1677 Theweng
918 1636 1023 1673 miles,
1050 1646 1124 1677 pro—

138 1694 305 1723 curatores
326 1693 485 1723 carissimi
506 1693 537 1723 in
559 1692 688 1723 Christo
709 1692 763 1723 filii
781 1693 882 1723 nostri
899 1717 919 1723 ..
944 1692 1031 1733 regis
1049 1692 1124 1723 Sco-

138 1755 241 1779 torum
262 1748 412 1786 illustris,
430 1759 537 1780 coram
554 1748 645 1779 nobis
670 1755 704 1780 et
731 1749 885 1780 fratribus
903 1749 1023 1780 nostris
1051 1760 1124 1790 pro-

138 1814 256 1845 ponere
278 1809 486 1843 curaverunt,
511 1805 593 1846 quod
615 1806 676 1846 ipsi
694 1808 841 1847 tempore
867 1805 1123 1836 consecrationis

133 1860 327 1892 venerabilis
355 1861 467 1892 fratris
506 1863 609 1892 nostri
642 1862 800 1893 Gamelini
837 1861 980 1903 episcopi
1013 1860 1149 1893 Sancti?

132 1917 263 1948 Andree
290 1918 321 1948 in
339 1918 447 1949 Scotia
469 1918 623 1959 quasdam
649 1928 764 1949 causas
786 1918 962 1959 legitimas,
990 1920 1124 1959 propter

133 1984 211 2014 quas
231 1974 314 2005 idem
344 1974 530 2005 nullatenus
560 1975 747 2006 consecrari
772 1975 924 2014 debebat,
947 1985 1121 2017 proposue-

133 2034 205 2060 runt
225 2040 333 2061 coram
351 2030 634 2062 consecratoribus
653 2032 681 2062 ei
699 2031 738 2062 ab
759 2031 873 2062 eadem
885 2031 969 2062 Sede
986 2042 1122 2062 conces-

132 2086 188 2124 sis,
202 2096 281 2126 quas
297 2086 500 2127 postmodum
520 2087 550 2117 in
565 2087 675 2118 libello
701 2097 809 2118 coram
826 2088 916 2119 nobis
943 2088 973 2118 in
997 2087 1120 2129 judicio

132 2142 278 2173 exhibito
298 2145 534 2184 expresserunt
555 2153 560 2174 :
586 2143 740 2174 videlicet.
760 2143 842 2184 quod
858 2144 927 2185 ipse
949 2144 988 2175 G.
1009 2155 1065 2185 pro
1082 2154 1120 2174 eo

131 2198 213 2239 quod
232 2199 328 2240 longo
340 2201 484 2241 tempore
506 2200 583 2231 dicti
602 2201 690 2242 regis
711 2204 744 2232 et
759 2201 853 2241 regni
875 2201 1119 2232 administrarat

132 2256 265 2296 negotia
282 2256 446 2297 multaque
463 2257 503 2287 ad
519 2267 631 2288 manus
652 2257 723 2298 ejus
737 2257 776 2288 de
792 2257 1002 2298 proventibus
1020 2257 1118 2298 ipsius

129 2312 275 2352 regniac
296 2313 392 2343 etiam
407 2312 493 2343 dicte
513 2313 654 2344 ecclesie
675 2314 786 2344 Sancti
809 2314 938 2345 Andree
954 2324 1117 2355 pervene-

129 2371 214 2405 rant,
237 2368 277 2399 de
302 2369 415 2409 quibus
437 2369 556 2400 nullam
578 2370 766 2401 reddiderat
791 2371 965 2408 rationem,
990 2371 1116 2412 magnis

131 2424 304 2455 tenebatur
322 2426 500 2456 ratiociniis
515 2426 690 2467 obligatus,
713 2437 750 2457 ac
770 2437 829 2468 per
849 2427 921 2464 hoc,
945 2428 1115 2467 antequam

129 2480 169 2511 ‹le
188 2481 251 2511 illis
268 2482 425 2513 rationem
440 2482 608 2520 redderet,
623 2493 684 2514 non
701 2482 841 2514 debebat
853 2483 892 2513 ad
909 2493 1023 2514 munus
1041 2494 1116 2514 con-

129 2538 322 2568 secrationis
351 2538 498 2576 admitti;
528 2539 674 2580 qnodque
704 2539 801 2576 idem,
826 2550 897 2570 cum
925 2544 1014 2571 esset
1036 2540 1114 2571 dicti

131 2594 218 2634 regis
257 2594 487 2632 cancellarius,
524 2597 556 2626 et
592 2595 673 2626 bona
709 2596 795 2626 dicte
834 2596 972 2627 ecclesie
1006 2596 1115 2628 Sancti

129 2650 258 2681 Andree
289 2651 388 2691 ipsius
419 2652 506 2693 regis
533 2652 659 2683 nomine
698 2652 888 2690 custodiret,
928 2653 1056 2684 litteras
1084 2656 1117 2683 et

128 2707 256 2737 nuntios
272 2707 310 2738 ad
331 2708 469 2738 dilectos
491 2707 597 2739 tilios..
623 2709 759 2749 priorem
784 2713 816 2740 et
832 2713 1024 2740 conventum
1046 2720 1116 2751 pre—

129 2764 195 2793 l'ate
211 2763 349 2795 ecclesie
371 2764 481 2795 Sancti
498 2764 627 2795 Andree
641 2775 681 2795 ex
705 2768 796 2806 parte
823 2766 912 2806 regia
927 2765 1114 2802 destinavit,

130 2823 162 2851 ut
183 2830 254 2852 eum
276 2821 305 2851 in
324 2831 413 2851 suum
433 2821 618 2862 episcopum
633 2822 846 2862 postularent,
859 2822 916 2861 eis,
936 2833 992 2863 per
1003 2822 1115 2864 hujus—

130 2876 212 2907 modi
230 2876 358 2908 litteras
379 2880 408 2908 et
435 2877 577 2914 nuntios,
604 2878 818 2917 gravissimos
844 2878 1028 2909 incutiendo
1050 2883 1116 2909 ter-

129 2942 230 2966 rores.
258 2933 423 2971 videlicet,
447 2933 530 2973 quod
564 2932 647 2964 idem
679 2944 739 2964 rex
760 2934 845 2975 ipsos
867 2944 927 2965 non
949 2935 1051 2966 solum
1076 2935 1114 2966 de

129 2986 218 3019 dicta
238 2989 390 3025 ecclesia„
415 2989 469 3020 sed
491 2990 589 3020 etiam
611 2989 650 3021 de
664 2992 732 3021 toto
753 3000 854 3031 regno
871 2991 1066 3032 expelleret,
1090 2992 1115 3021 si

2105 322 2165 353 687

1152 384 1155 412 l
1181 392 1306 433 eligere
1328 393 1380 423 vel
1399 393 1563 434 postulare.
1585 395 1678 425 alium
1701 398 1945 437 atten‘iptarent.
1960 396 1998 426 Et
2012 402 2044 427 ut
2061 397 2165 437 magis

1181 448 1219 478 ad
1241 460 1330 479 suum
1347 451 1544 491 propositum
1559 453 1702 482 arctaret
1719 452 1860 490 eosdem,
1878 452 1956 484 fecit
1976 453 2022 484 eis
2042 453 2165 483 victua-

1180 504 1222 534 lia
1243 505 1387 536 subtrahi
1409 508 1442 536 et
1475 507 1601 547 negari,
1640 508 1721 546 quod
1745 519 1800 538 eos
1823 509 1927 539 inedia
1962 510 2055 540 famis
2082 509 2163 540 mori

1181 561 1307 592 faceret
1327 562 1562 596 comminando,
1593 564 1713 603 sicque.
1737 574 1807 595 rum
1833 576 1891 605 per
1918 566 2163 606 impressionem

1180 617 1362 658 hujusmodi
1383 618 1558 659 postulatio
1585 619 1673 649 facta
1698 620 1736 650 de
1761 621 1830 661 ipso
1862 622 1979 652 vitiosa
2000 622 2165 654 extiterit.

1153 674 1291 704 'taliter
1325 674 1506 715 postulatus
1537 686 1597 705 non
1630 678 1699 706 erat
1731 676 1931 716 alismatenus
1966 688 2161 709 consecran-

1153 738 1154 750 ¹
1179 729 1250 764 dus,
1270 740 1340 760 cum
1362 741 1420 762 nec
1448 742 1504 761 nos
1526 731 1773 772 postulationem
1806 734 2047 765 admisissemus
2086 745 2164 765 ean-

1153 789 1154 818 l
1179 786 1250 817 dem
1273 787 1299 817 si
1316 786 1375 817 hec
1397 787 1435 818 de
1456 788 1524 828 ipso
1544 788 1583 818 ad
1598 792 1740 818 nostram
1760 790 1909 820 notitiam
1924 792 2161 830 pervenissent.

1152 830 1153 883 i
1179 846 1211 874 et
1232 853 1303 873 cum
1324 843 1407 873 idem
1430 844 1467 874 G.
1488 844 1650 884 juraverit
1675 844 1796 875 dictum
1824 856 1935 887 regem
1964 850 1997 877 et
2029 858 2161 888 regnum

1151 890 1153 940 l
1179 910 1215 931 ac
1236 901 1328 941 regni
1356 900 1438 930 bona
1457 904 1489 931 et
1511 900 1671 941 prefatam
1697 902 1869 933 ecclesiam
1890 904 2002 933 Sancti
2034 904 2161 935 Andree

1151 946 1152 977 l
1178 968 1248 987 cum
1281 957 1371 988 bonis
1397 957 1542 998 ejusdem
1568 957 1707 989 fideliter
1738 959 1913 993 custodire,
1948 960 2016 1000 ipse
2050 960 2163 991 salutis

1177 1015 1304 1056 proprie
1319 1014 1498 1045 immemor.
1513 1025 1573 1045 non
1596 1015 1717 1054 absque
1739 1018 1831 1045 reatu
1853 1015 1996 1056 perjurii,
2013 1017 2112 1047 multa
2123 1017 2162 1047 de

1176 1071 1267 1101 bonis
1285 1071 1385 1112 ipsius
1401 1071 1488 1111 regis
1516 1074 1549 1102 et
1564 1071 1656 1111 regni
1675 1081 1710 1101 ac
1733 1071 1831 1102 etiam
1847 1071 1932 1102 dicto
1954 1072 2092 1103 ecclesie
2113 1084 2166 1103 su-

1177 1127 1344 1168 breptione
1365 1127 1479 1158 illicita
1494 1128 1723 1165 contractavit,
1747 1138 1785 1158 ea
1810 1128 1875 1158 suis
1898 1128 2088 1159 utilitatibus
2112 1140 2167 1170 ap-

1149 1185 1152 1252 ί
1176 1184 1335 1225 plicando,
1366 1184 1436 1214 aliis
1465 1185 1565 1214 etiam
1596 1184 1748 1225 perjuriis
1772 1185 1804 1215 in
1839 1184 1985 1226 ejusdem
2018 1185 2106 1226 regis
2135 1188 2168 1215 et

1150 1241 1269 1282 ¹regni
1296 1250 1356 1270 non
1390 1240 1549 1271 modicum
1588 1240 1818 1271 detrimentum
1850 1241 2100 1282 dampnabiliter
2131 1251 2165 1272 se

1150 1303 1151 1309 ¹
1176 1297 1322 1327 involvit.
1358 1296 1434 1327 Cum
1472 1297 1556 1327 enim
1593 1296 1632 1327 de
1659 1296 1870 1328 custodiendo
1900 1296 2040 1328 fideliter
2065 1298 2164 1338 ipsius

1150 1362 1151 1367 ¹
1175 1354 1263 1394 regis
1278 1353 1383 1393 sigillo
1403 1353 1489 1384 etde
1510 1363 1572 1383 non
1594 1352 1773 1393 sigillandis
1798 1354 1827 1384 in
1852 1354 1921 1394 ejus
1950 1353 2165 1395 prejudicium

1150 1410 1334 1450 ,aliquibus
1366 1410 1484 1440 litteris
1519 1409 1641 1450 absque
1680 1410 1812 1450 speciali
1850 1410 1938 1451 regis
1964 1410 2111 1451 ejusdem
2134 1412 2167 1441 et

1150 1494 1151 1505 ,
1176 1477 1345 1507 procerum
1377 1476 1506 1497 suornm
1537 1466 1688 1497 mandato
1722 1477 1757 1497 se
1779 1466 1938 1506 corporali
1970 1467 2165 1497 astrinxerit

1171 1521 1370 1563 juramento,
1396 1522 1490 1554 idem.
1513 1522 1670 1562 religione
1702 1522 1822 1552 violata
1842 1522 1954 1562 ipsius,
1973 1522 2059 1553 dicto
2084 1532 2164 1563 rege

1149 1578 1151 1621 t
1175 1579 1275 1608 inscio
1296 1579 1329 1608 et
1353 1578 1479 1619 ignaro,
1499 1578 1617 1609 multas
1638 1579 1767 1609 litteras
1804 1578 1974 1619 sigillavit,
2004 1589 2060 1619 per
2085 1588 2164 1619 quas

1149 1632 1151 1671 ξ’
1175 1634 1260 1665 idem
1281 1644 1341 1666 rex
1358 1634 1511 1675 gravibus
1528 1634 1657 1671 debitis,
1679 1645 1738 1675 que
1765 1645 1826 1665 non
1858 1635 1987 1665 fuerunt
2012 1636 2044 1665 in
2064 1635 2164 1676 ipsius

1149 1678 1151 1726 l
1177 1693 1349 1723 utilitatem
1367 1703 1536 1730 conversa,
1555 1698 1604 1724 est
1627 1693 1813 1733 quibusdam
1842 1692 2056 1724 creditoribus
2084 1692 2163 1724 obli-

1149 1770 1150 1785 ,
1177 1751 1290 1788 gatus,
1310 1748 1380 1780 aliis
1401 1749 1628 1780 nichilominus
1643 1749 1680 1779 ad
1703 1760 1758 1780 nos
1778 1752 1810 1779 et
1829 1749 1951 1780 fratres
1972 1751 2100 1780 nostros
2121 1759 2162 1780 ex

1148 1796 1150 1851 f
1176 1808 1266 1846 parte
1286 1806 1379 1846 regia
1398 1806 1632 1846 deprecatoriis
1655 1806 1788 1843 litteris,
1807 1805 1845 1836 ab
1866 1816 1916 1844 eo,
1936 1807 2047 1846 preter
2066 1806 2164 1846 ipsius

1174 1862 1265 1902 regis
1286 1862 1531 1900 conscientiam,
1554 1862 1666 1893 eodem
1684 1862 1835 1903 sigillatis
1854 1862 1974 1902 sigillo,
1990 1871 2031 1893 ex
2048 1861 2163 1901 quibus

1147 1918 1149 1934 ¹
1174 1929 1232 1960 per
1251 1918 1470 1960 obreptionem
1492 1929 1510 1949 a
1529 1919 1620 1949 nobis
1640 1918 1779 1949 obtinuit
1798 1918 2048 1959 postulationem
2070 1928 2161 1949 suam

1174 1977 1213 2008 ad
1245 1977 1383 2017 gratiam
1419 1975 1672 2006 confirmationis
1693 1975 1832 2006 admitti.
1866 1974 1972 2012 Quare
2006 1974 2158 2005 dicebant

1173 2034 1402 2074 procuratores
1413 2032 1500 2073 regis
1516 2032 1634 2074 prefati
1654 2032 1776 2062 dictum
1793 2032 1829 2062 G.
1855 2033 1901 2062 tot
1912 2031 2062 2072 perjuriis
2078 2031 2161 2061 irre—

1173 2091 1264 2120 titum
1282 2092 1414 2130 propter
1427 2088 1586 2129 premissa
1606 2098 1667 2118 non
1688 2087 1806 2119 debere
1820 2087 2027 2127 aliquatenus
2044 2097 2161 2118 conse-

1171 2147 1268 2183 crari,
1285 2148 1318 2176 et
1339 2155 1378 2176 ne
1398 2145 1516 2186 prefati
1539 2147 1788 2176 consecratores
1807 2144 1847 2175 ad
1865 2144 1964 2185 ipsius
1983 2154 2160 2174 consecra-

1171 2204 1290 2234 tionem
1302 2202 1529 2244 procederent,
1555 2201 1595 2232 ad
1621 2204 1764 2232 nostram
1790 2200 1983 2231 audientiam
2018 2200 2160 2242 appella-

1170 2261 1255 2291 runt.
1288 2259 1379 2292 Unde
1410 2259 1486 2290 dicti
1509 2259 1737 2300 procuratores
1764 2257 1917 2298 petebant
1954 2268 1970 2287 a
1991 2257 2095 2294 nobis,
2128 2258 2161 2287 ut

1169 2327 1241 2347 cum
1262 2317 1320 2357 ipsi
1342 2316 1446 2357 parati
1475 2317 1588 2346 essent
1607 2314 1789 2355 hujusmodi
1810 2314 2058 2355 appellationem
2084 2323 2157 2354 pro-

1169 2373 1259 2413 sequi
1273 2383 1381 2403 coram
1398 2371 1503 2409 nobis,
1519 2371 1672 2402 dilectum
1694 2371 1791 2401 filium
1813 2371 2003 2411 magistrum
2037 2369 2158 2400 Rober-

1168 2431 1236 2461 tum
1252 2429 1291 2460 de
1311 2429 1484 2460 Prebemla
1507 2427 1707 2469 capellanum
1734 2431 1893 2465 nostrum,
1911 2429 2153 2468 procuratorem

1168 2487 1267 2527 ipsius
1287 2486 1430 2528 episcopi
1448 2486 1559 2516 Sancti
1570 2484 1700 2515 Andree
1717 2483 1915 2525 respondere
1929 2483 2049 2521 libello,
2063 2493 2156 2523 quem

1168 2544 1197 2574 ei
1213 2542 1394 2574 offerebant
1417 2553 1457 2574 ex
1479 2544 1572 2583 parte
1598 2542 1701 2582 regia.
1734 2541 1926 2571 faceremus.
1957 2539 2020 2571 Sed
2047 2539 2153 2570 dictus

1168 2602 1358 2641 procurator
1382 2599 1525 2640 episcopi
1553 2598 1719 2639 proposuit
1735 2607 1775 2628 ex
1797 2596 1948 2634 adverso,
1971 2596 2067 2637 quod,
2081 2605 2153 2626 cun]

1168 2656 1250 2687 idem
1286 2656 1457 2697 episcopus
1487 2658 1559 2696 post
1586 2654 1813 2685 admissionem
1847 2653 2073 2694 postulationis
2097 2662 2156 2682 sue

1169 2723 1240 2743 cum
1252 2722 1350 2743 cause
1367 2712 1553 2753 cognitione
1575 2710 1696 2741 anobis
1716 2710 1894 2747 obtentam,
1907 2720 1943 2740 ac
1961 2710 2059 2740 etiam
2080 2712 2157 2749 post

1168 2769 1448 2800 consecrationem
1492 2778 1581 2798 suam
1615 2766 1755 2797 tennerit
1788 2768 1822 2797 et
1854 2765 2038 2806 possederit
2073 2764 2154 2795 bona

1170 2825 1360 2866 temporalia
1379 2824 1417 2856 ad
1433 2824 1607 2855 ecclesiam
1629 2832 1718 2853 suam
1740 2822 1923 2863 spectantia
1944 2824 1976 2852 et
1993 2822 2022 2852 in
2041 2831 2150 2851 eorum

1169 2882 1376 2924 possessione
1396 2881 1507 2919 fuerit,
1529 2890 1566 2910 ac
1595 2878 1758 2920 predictus
1784 2889 1842 2910 rex
1859 2879 1908 2909 vel
1935 2877 1987 2908 alii
2006 2877 2033 2919 ej
2042 2888 2077 2908 us
2097 2887 2157 2908 no—

1168 2939 1252 2969 mine
1272 2940 1305 2969 et
1333 2938 1544 2974 auctoritate,
1573 2937 1641 2977 ipso
1662 2936 1691 2967 id
1721 2937 1826 2966 ratum
1852 2934 2004 2972 habente,
2032 2933 2152 2965 dictum

1168 2995 1351 3036 episcopum
1375 2994 1484 3025 Sancti
1509 2993 1640 3023 Andree
1660 2993 1749 3023 bonis
1770 2990 1951 3032 hujusmodi
1972 2985 2152 3031 spoliarint,
