2477 3512
966 297 1195 336 TROISIEME
1220 297 1366 335 ANNEE
2113 305 2176 335 547

150 375 195 407 -de
217 375 302 406 dicto
318 375 473 406 Wolrado
494 375 626 414 factam,
649 382 779 405 cassata
805 374 941 414 reliqua,
975 372 1143 404 confirma-

154 433 213 468 vit,
234 432 335 462 certis
347 442 445 472 super
458 432 517 462 hoc
530 431 636 463 eidem
653 431 706 461 W.
721 429 949 461 executoribus
966 429 1140 470 deputatis,

151 488 209 528 -qui
239 488 441 529 postmodum
465 488 495 518 in
530 490 574 525 te,
604 497 661 529 pro
694 497 730 517 eo
754 485 836 526 quod
870 485 1004 516 Ludolfo
1043 484 1143 516 adhe-

155 544 253 575 rebas
268 544 384 581 eidem,
408 544 573 575 interdicti
591 546 623 574 et
647 542 990 574 excommunicationis
1011 542 1143 572 senten-

156 601 219 632 tias
240 601 496 642 promulgarunt.
527 600 588 631 Sed
620 603 666 635 tu,
689 599 728 629 de
752 598 977 639 appellatione,
1007 608 1067 638 que
1086 606 1143 638 pro

154 658 250 698 parte
271 658 327 688 tua
343 659 375 688 et
391 656 470 687 cleri
494 655 777 687 Halberstadensis
798 654 858 684 suit
887 654 924 684 ab
951 655 997 685 eis
1022 653 1062 685 ad
1085 653 1143 684 Se-

155 713 230 744 dem
248 713 465 754 Apostolicam
476 711 651 752 interjecta
664 710 816 745 confisus,
826 711 856 741 in
865 710 1053 751 quibusdam
1064 710 1143 740 locis

156 771 291 811 propter
314 770 374 800 hoc
400 767 594 805 interdictis,
617 767 824 808 presentibus
848 766 1038 807 quibusdam
1058 766 1141 802 aliis,

155 826 317 866 quierant
342 824 496 855 similibus
526 823 698 854 sententiis
719 822 873 859 innodati,
900 824 931 853 te
952 822 1144 853 inmiscuisti

156 881 284 919 divinis,
321 880 531 911 absolutionis
561 878 716 910 beneficio
743 889 804 909 non
833 878 988 916 obtento;
1009 889 1144 920 cumque

158 940 203 975 tu,
227 947 286 978 per
311 937 414 967 dictos
436 938 644 973 executores,
670 946 688 966 a
714 935 884 966 sententiis
913 935 992 976 ipsis
1025 935 1144 966 fuisses

155 994 216 1024 rite
249 1003 285 1024 ac
322 993 419 1034 juxta
452 992 588 1023 sormam
621 992 769 1022 Ecclesie
796 992 973 1030 absolutus,
1007 991 1145 1022 dilectus

154 1049 240 1080 filius
256 1051 369 1080 noster
382 1049 421 1079 H.
444 1048 527 1080 tituli
544 1049 663 1080 Sancte
687 1048 804 1079 Sabine
816 1048 976 1089 presbiter
995 1048 1146 1079 cardina-

118 1121 123 1123 ·
154 1106 205 1141 lis,
233 1106 283 1136 cui
313 1115 422 1136 curam
450 1105 678 1146 penitentiarie
706 1108 818 1135 nostre
844 1105 1074 1139 commisimus,
1099 1107 1146 1135 te-

154 1173 240 1200 cum,
269 1162 467 1193 auctoritate
498 1163 621 1198 nostra,
647 1172 744 1202 super
763 1161 1022 1203 irregularitate.
1054 1172 1146 1201 quam

156 1229 198 1250 ex
241 1218 408 1260 premissis
448 1219 656 1249 contraxisse
696 1217 889 1256 dinosceris,
930 1217 1145 1258 dispensavit,

153 1277 251 1316 prout
271 1275 302 1305 in
320 1274 508 1316 patentibus
532 1275 652 1305 litteris
674 1275 745 1315 ejus
764 1274 923 1305 confectis
944 1274 1062 1305 exinde
1082 1273 1148 1314 ple—

154 1332 226 1362 nius
251 1331 449 1362 continetur.
475 1331 540 1362 Nos
561 1331 668 1371 itaque
693 1331 755 1361 tuis
781 1330 1068 1371 supplicationibus
1099 1330 1148 1361 in-

154 1386 278 1421 clinati,
296 1386 380 1427 quod
397 1397 493 1427 super
513 1387 572 1417 hoc
594 1386 631 1417 ab
644 1386 758 1417 eodeni
773 1386 928 1417 cardinali
945 1386 1066 1417 factum
1083 1388 1145 1424 est,

154 1446 260 1474 ratum
291 1445 323 1474 et
351 1444 478 1473 lirinum
500 1443 670 1482 habentes,
690 1442 721 1473 id
746 1443 941 1474 auctoritate
972 1442 1148 1483 apostolica
1172 1450 1174 1483 ᾖ

154 1500 384 1530 confirmamus
406 1502 439 1530 et
452 1500 615 1540 presentis
637 1499 748 1540 scripti
769 1499 950 1539 patrocinio
971 1499 1146 1530 communi-

154 1566 235 1586 inus.
259 1556 418 1587 Tenorem
440 1559 546 1586 autem
566 1555 748 1587 litterarum
767 1556 908 1597 ipsarum
930 1555 969 1586 de
987 1555 1086 1586 verbo
1107 1555 1144 1586 ad

152 1611 290 1642 verbum
307 1611 513 1652 presentibus
532 1611 667 1642 fecimus
681 1611 841 1648 annotari,
859 1611 909 1651 qui
925 1611 998 1642 talis
1018 1612 1069 1642 est
1084 1621 1091 1643 :

668 1728 768 1759 Rome,
785 1729 818 1753 ‘24
835 1729 996 1754 novembre
1016 1729 1090 1753 1256.

201 1816 215 1829 ι(
249 1801 419 1833 Universis
438 1803 608 1842 presentes
639 1801 768 1832 litteras
801 1802 1007 1842 inspecturis,
1042 1802 1145 1832 frater

157 1873 171 1885 (ι
199 1859 299 1899 Hugo
320 1859 528 1889 miseratione
548 1858 668 1895 divina,
685 1858 771 1888 tituli
784 1860 898 1889 sancte
918 1858 1035 1889 Sabine
1056 1868 1143 1899 pres—

157 1928 171 1942 «
199 1914 287 1946 biter
306 1914 491 1953 cardinalis,
508 1915 538 1945 in
559 1925 637 1945 vero
651 1915 786 1945 salutari
805 1915 953 1946 salutem.
975 1915 1144 1945 Accedens

159 1985 174 1998 ι(
203 1970 242 2002 ad
256 1971 478 2012 ,apostolicam
499 1970 616 2002 Sedem
642 1972 801 2011 magister
837 1971 1001 2005 Albertus,
1034 1973 1144 2002 custos

159 2041 172 2053 «
203 2029 236 2058 et
253 2028 426 2059 canonicus
447 2027 587 2058 ecclesie
607 2028 717 2059 Sancti
737 2028 828 2058 Pauli
844 2027 1142 2066 Halberstadensis,

159 2096 173 2111 «
204 2084 369 2124 proposuit
388 2094 495 2114 coram
518 2083 620 2121 nobis,
644 2084 725 2124 quod
747 2095 817 2115 cum
839 2085 911 2115 olim
934 2085 964 2115 in
988 2084 1144 2115 Halbers-

160 2151 174 2165 ι’(
206 2138 332 2170 tadensi
352 2140 491 2171 ecclesia
513 2140 551 2171 de
566 2141 739 2171 venerabili
759 2143 851 2181 patre
872 2140 1043 2180 VVolrado,
1062 2151 1144 2172 nunc

160 2208 173 2219 ι·
204 2195 352 2235 ejusdem
373 2196 516 2227 ecclesie
530 2198 694 2238 episcopo,
711 2196 922 2238 acLudolpho
942 2197 981 2228 de
1002 2197 1143 2230 Sladem,
1169 2215 1172 2247 ἶ

160 2265 172 2276 ιι
204 2251 368 2292 episcopo,
390 2253 584 2283 electiones¹
606 2253 667 2284 due
688 2253 851 2284 celebrate
866 2254 1016 2291 fuissent,
1041 2253 1145 2284 felicis

159 2322 173 2333 ιι
204 2307 440 2339 recordationis
467 2309 490 2339 Ι.
521 2319 601 2350 papa
636 2310 706 2343 IIII,
739 2310 856 2340 auditis
884 2321 902 2340 a
929 2311 1144 2351 procuratori—

159 2378 173 2389 ιι
205 2363 261 2394 bus
291 2364 428 2404 partium
454 2365 526 2396 hinc
559 2366 634 2397 inde
659 2367 844 2407 propositis,
884 2367 1076 2397 electionem
1106 2366 1145 2397 de

159 2434 172 2446 ιι
203 2419 331 2460 prefato
362 2420 428 2451 Wl.
451 2421 661 2460 celebratam,
692 2427 822 2453 cassata
855 2422 990 2463 reliqua,
1027 2422 1144 2453 confir-

158 2490 171 2502 «
203 2476 301 2507 mavit
333 2501 369 2513 ,..
846 2479 885 2510 de

422 2476 537 2508 abbate
595 2480 781 2509 monasterii

157 2659 171 2669 ιι
201 2644 433 2675 executoribus
462 2645 638 2686 deputatis,
660 2648 709 2687 qui
728 2658 784 2688 pro
805 2658 855 2686 eo,
883 2648 964 2688 quod
997 2648 1082 2679 dicto
1107 2649 1141 2679 L.

158 2716 171 2728 «
202 2707 278 2732 tunc
293 2702 449 2743 temporis
464 2702 653 2737 adherebat,
672 2704 700 2734 in
722 2705 823 2745 ipsum
844 2705 1029 2735 nominatim
1046 2705 1144 2736 inter-

157 2771 171 2783 ιι
200 2757 277 2788 dicti
303 2761 335 2788 et
373 2759 715 2790 excommunicationis
749 2761 928 2791 sententias
963 2761 1143 2802 promulga-
1169 2754 1170 2789 l

156 2827 171 2840 «
197 2816 280 2844 runt.
311 2816 395 2845 Sane
420 2814 503 2846 idem
525 2818 646 2853 custos,
670 2818 807 2846 confisus
839 2817 878 2847 de
912 2818 1142 2858 appellatione,

157 2884 171 2895 ιι
200 2880 294 2911 quam
329 2881 411 2901 nunc
441 2882 501 2902 una
534 2882 604 2902 cum
640 2872 727 2903 clero
763 2873 906 2904 civitatis
935 2878 967 2904 ct
1005 2873 1143 2904 diocesis

945 2479 1142 2517 3³13¹¹Sted'’
1169 2495 1171 2534 ζ
1198 2499 1274 2525 ricos
1289 2506 1342 2524 seu
1355 2498 1428 2524 alios
1444 2496 1605 2523 familiares
1621 2496 1694 2528 ejus,
1706 2494 1818 2520 ratione
1835 2493 1945 2521 delicti,
1963 2491 2074 2517 nullam
2093 2490 2182 2524 juris-

158 2547 172 2558 ιι
202 2535 235 2563 et
261 2558 280 2563 ,.
304 2533 468 2574 preposito
487 2533 627 2565 ecclesie
646 2535 764 2566 Sancte
778 2536 878 2566 Marie
896 2536 1141 2577 icrphordcusis,
1170 2539 1171 2559 l

158 2602 172 2615 «
204 2588 491 2619 Halberstadensis
517 2591 550 2620 et
569 2591 756 2631 Maguntine
777 2592 963 2630 diocesinm,
980 2592 1143 2633 superhoc
1169 2586 1171 2623 ,⁵

1167 2909 1170 2926 l

1196 386 1209 399 «
1239 357 1303 411 ιῙεὶΐ,
1330 373 1362 403 in
1382 373 1461 403 locis
1488 373 1681 411 interdictis,
1706 374 1995 405 excommunicatis
2018 374 2050 403 et
2074 373 2177 403 inter-

1196 442 1209 455 «
1239 429 1333 460 dictis
1352 429 1535 470 hujusmodi
1563 431 1733 461 occasione
1759 430 1975 472 presentibus,
1999 439 2035 460 se
2062 429 2178 459 divinis

1196 497 1209 511 (ι
1238 485 1412 521 inmiscuit,
1452 486 1661 516 absolutionis
1692 486 1849 517 beneficio
1883 495 1980 526 super
2021 485 2082 515 hoc
2115 493 2178 514 non

1196 555 1207 567 τι
1233 540 1378 572 obtento.
1402 542 1523 572 Verum
1546 552 1616 572 cum
1636 552 1654 572 a
1670 542 1765 573 dictis
1784 541 2128 573 excomn‘iunicationis
2147 542 2179 571 et

1197 611 1209 624 ιι
1234 598 1399 628 interdicti
1416 598 1588 629 sententiis
1606 599 1647 628 sit
1668 599 1729 628 rite
1747 599 1843 640 juxta
1860 599 1995 630 formam
2016 598 2176 635 Ecclesie‚

1197 668 1209 681 ιι
1238 654 1321 685 sicut
1345 655 1477 692 asserit,
1500 654 1678 686 absolutus.
1710 655 1902 695 supplicavit
1930 655 2094 686 humiliter
2120 653 2179 684 sibi

1197 726 1209 736 ιι
1240 721 1337 751 super
1355 721 1404 745 eo,
1428 711 1508 751 quod
1526 711 1672 751 predicto
1689 711 1781 742 modo
1802 722 1836 742 se
1857 711 1973 742 divinis
1995 710 2178 748 immiscuit,

1198 781 1204 795 <

1236 767 1276 798 de
1303 766 1395 798 Sedis
1415 767 1560 807 predicte
1590 767 1762 798 clementia
1788 767 1960 807 provideri.
1994 768 2059 798 Nos
2083 767 2182 808 igitur

1242 823 1448 854 attendentes
1483 824 1584 864 ipsius
1618 824 1762 854 custodis
1801 823 1950 854 devotam
1981 823 2181 861 instantiam,

1241 880 1437 910 auctoritate
1463 879 1580 910 domini
1597 890 1690 921 pape,
1718 880 1810 920 cujus
1829 880 2053 920 penitentiarie
2074 889 2181 909 curam

1198 950 1211 963 (ι
1237 936 1394 977 gerimus.
1425 946 1521 976 super
1545 936 1790 976 irregularitate
1822 935 1895 966 inde
1922 936 2089 966 contracta
2117 935 2183 965 dis-

1199 1006 1213 1020 ιι
1239 1003 1413 1034 pensamus
1445 991 1700 1023 misericorditer
1723 1002 1794 1023 cum
1815 992 1941 1028 eodem,
1960 992 2103 1033 injuncto
2126 991 2184 1021 sibi

1200 1063 1213 1077 «
1243 1049 1325 1090 quod
1348 1049 1486 1080 vidimus
1515 1048 1680 1089 expedire,
1712 1050 1884 1089 presentes
1912 1047 2016 1079 eidem
2041 1047 2182 1081 litteras,

1202 1120 1215 1134 ιι
1248 1106 1351 1136 nostri
1398 1104 1497 1146 sigilli
1535 1105 1708 1136 munimine
1746 1105 1927 1141 roboratas,
1962 1103 2186 1134 nichilominus

1201 1177 1213 1189 «
1246 1163 1276 1193 in
1300 1163 1517 1193 testimonium
1559 1161 1788 1192 concedentes.
1818 1161 1934 1191 Datum
1973 1161 2073 1191 Rome
2106 1160 2187 1200 apud

1241 1219 1392 1250 Sanctam
1415 1218 1578 1255 Sabinam,
1608 1218 1686 1248 Vin
1711 1217 1866 1248 kalendas
1883 1217 2077 1255 decembris,
2108 1226 2187 1257 pon-

1203 1290 1215 1304 ιι
1242 1275 1382 1307 titicatus
1423 1275 1539 1306 domini
1572 1274 1752 1305 Alexandri
1790 1284 1871 1315 pape
1913 1274 1971 1304 IIII
2013 1283 2095 1304 anno
2138 1284 2186 1303 se-

1201 1348 1214 1360 «
1243 1333 1358 1363 cundo.
1385 1346 1398 1359 n

1244 1402 1258 1416 «
1279 1389 1363 1419 Nulli
1377 1388 1470 1430 [etei
1483 1390 1595 1419 nostre
1609 1387 1861 1418 confirmationis
1872 1388 1936 1417 etc.
1956 1387 2069 1417 Datum
2090 1387 2185 1417 Late—

1199 1446 1284 1481 rani,
1306 1446 1334 1476 V
1356 1455 1456 1476 nonas
1477 1445 1596 1483 martii,
1617 1454 1700 1475 anno
1722 1444 1829 1475 tertio.
1852 1456 1864 1471 ι)

1261 1626 1357 1654 1774
1759 1624 1878 1655 Latran,
1901 1626 1929 1650 13
1947 1632 2024 1650 mars
2041 1626 2115 1651 ¹257.

1235 1719 1442 1746 Bartholomeo
1456 1719 1491 1745 de
1514 1719 1685 1746 Benavarre.
1701 1717 1808 1744 rectori
1832 1717 1973 1743 ecclesiae
1988 1717 2022 1743 de
2039 1716 2185 1750 Viacamp,

1197 1768 1305 1794 intuitu
1316 1767 1450 1794 Andreae
1458 1766 1742 1800 Valentiniepiscopi
1758 1765 1899 1799 indulget,
1911 1768 1944 1790 ut
1955 1764 2186 1798 praeterdictam

1197 1815 1367 1847 ecclesiam,
1385 1814 1469 1848 cujus
1483 1817 1642 1848 proventus
1658 1814 1791 1847 quinque
1808 1820 1921 1838 marcas
1935 1812 2046 1847 argenti
2065 1811 2187 1846 singulis

1197 1864 1284 1890 annis
1305 1871 1363 1890 non
1392 1863 1548 1893 excedunt,
1564 1862 1685 1888 unicum
1714 1861 1792 1887 aliud
1816 1860 2005 1893 beneficium,
2026 1859 2141 1886 etiamsi
2160 1860 2185 1885 ei

1196 1919 1266 1937 cura
1285 1911 1450 1937 animarum
1472 1910 1508 1936 sit
1526 1918 1651 1940 annexa,
1671 1909 1802 1942 recipere
1819 1908 1921 1934 valeat.
1938 1909 2016 1935 ium.
2035 1909 2077 1938 25,
2095 1916 2120 1933 a.
2140 1907 2184 1936 ΙΙΙ,

1196 1961 1292 1987 e.176,
1310 1959 1410 1991 [2313

1242 2064 1255 2076 ιι
1283 2047 1513 2080 Hartlzolomeo
1545 2046 1585 2078 de
1613 2048 1812 2080 Benacum-e,
1842 2045 1961 2077 rectori
1982 2043 2115 2075 ecclesie
2146 2043 2185 2074 de

1205 2105 1376 2148 i'iacamp,
1393 2103 1572 2136 Ilm-densis
1586 2102 1739 2135 diocesis.
1759 2103 1827 2134 Etsi
1846 2104 1978 2144 propter
1993 2100 2185 2132 ambitiones

1200 2181 1253 2192 —.
1272 2162 1342 2192 nat.
1367 2161 1531 2195 Laterani,
1556 2160 1597 2190 ΙΙΙ
1619 2160 1689 2190 idus
1710 2159 1829 2196 martii,
1853 2169 1934 2189 anno
1955 2158 2063 2189 tertie.
2084 2170 2097 2184 η

1270 2311 1369 2338 1775
1774 2309 1889 2339 Latran,
1908 2310 1922 2334 5
1936 2315 2014 2333 mars
2036 2308 2112 2333 1257,

1232 2402 1338 2429 jacobo
1352 2401 1534 2437 patriarchae
1548 2400 1793 2434 Jerosolymitano
1808 2397 1991 2432 indulgeam
2008 2395 2183 2426 Florentius,

1198 2450 1378 2478 Acconensis
1393 2450 1556 2484 episcopus,
1576 2449 1604 2474 in
1619 2456 1697 2475 eum.
1708 2453 1894 2481 quarumque
1911 2452 2007 2475 causa,
2023 2443 2065 2470 vel
2084 2444 2113 2469 in
2127 2443 2183 2469 cle-

1198 2546 1359 2572 dictionem
1376 2553 1512 2571 exercere
1525 2544 1624 2578 possit.
1644 2545 1720 2573 [nim.
1738 2544 1781 2569 25.
1799 2550 1823 2567 a.
1842 2541 1888 2572 111,
1905 2549 1929 2566 c.
1951 2542 2008 2572 177,
2026 2539 2112 2569 1224.)

1242 2665 1255 2677 ιι
1289 2651 1413 2681 Jacobo
1453 2647 1646 2691 patriarche
1690 2644 1962 2677 .ler0.s·0limit‹mo
1996 2643 2185 2687 Apostolice

1198 2706 1294 2739 Sedis
1322 2706 1444 2749 leqato.
1470 2706 1519 2736 Ex
1539 2708 1663 2735 tuorum
1691 2702 1839 2744 provenit
1859 2701 2028 2742 exigentia
2052 2700 2182 2732 merito-

1200 2774 1281 2801 rum,
1302 2767 1336 2794 ut
1364 2765 1410 2800 te,
1441 2761 1619 2803 apostolica
1648 2759 1767 2789 favoris
1788 2758 1895 2799 gratia
1911 2757 2120 2795 honorantes,
2143 2756 2181 2787 ad

1197 2821 1341 2861 optatum
1358 2819 1413 2850 illa
1432 2818 1644 2859 perducamus
1666 2814 1830 2852 effectum,
1846 2824 1906 2855 que
1921 2815 2009 2844 tuum
2025 2815 2058 2844 et
2074 2813 2181 2843 eccle-

1197 2878 1243 2908 sie
1259 2878 1313 2907 tue
1337 2876 1489 2907 honorem
1511 2884 1547 2904 ac
1567 2873 1748 2914 profectum
1771 2871 1938 2911 respicere
1958 2870 2179 2900 dinoscuntur.

159 2940 173 2951 ἰ
204 2926 492 2958 Halberstadcnsis
528 2927 566 2958 ad
589 2928 705 2959 sedem
725 2929 942 2969 Apostolicam
970 2930 1143 2971 interjece-
1166 2938 1169 2967 ,1
1195 2933 1268 2964 Tuis
1302 2932 1402 2973 igitur
1438 2928 1724 2971 supplicationibus
1750 2927 1907 2964 inclinati,
1941 2936 2078 2967 persone
2113 2926 2180 2961 tue,

191 3000 208 3021 1,
229 2999 276 3022 ills.
295 3008 299 3022 ;
315 3000 462 3024 electionis.

1168 3014 1170 3024 ί
1197 2989 1393 3020 auctoritate
1426 2986 1636 3028 presentium,
1666 2983 1881 3023 indulgemus,
1912 2985 1944 3013 ut
1988 2981 2182 3012 venerabilis
