2477 3512
159 250 221 281 128
850 241 1119 275 REGISTRES
1146 238 1497 273 D'ALEXANDRE
1526 237 1574 271 IV

239 351 321 376 3191
643 348 776 381 Anagni,
799 348 816 374 6
840 346 967 373 octobre
992 346 1077 372 1260.

199 403 344 437 Pragensi
365 404 395 429 ct
417 401 615 429 olomucensi
636 400 787 434 episcopis
809 400 939 426 mandat
963 401 993 425 nt
1017 399 1159 432 praefato

157 449 220 482 regi
234 448 402 475 Bohemiac
420 447 599 472 unctionem
616 445 799 478 impendant
818 446 846 470 ct
865 443 960 477 capiti
977 443 1043 476 ojus
1060 442 1160 475 regale

157 493 322 527 imponant
353 492 508 521 diadema,
539 498 609 516 cum
640 489 755 515 electus
787 488 989 521 Maguntinus
1021 487 1160 513 nondum

157 538 196 564 sit
227 545 244 564 a
274 537 351 563 Sede
380 535 560 569 Apostolica
589 533 816 563 consirinatus;
846 532 960 558 statuit
989 533 1096 557 autem
1127 531 1161 556 nt

157 582 277 608 nullum
299 588 335 607 ex
358 581 414 606 boc
436 580 465 605 in
487 580 648 612 posterum
669 577 872 611 pontificibus
895 575 1086 608 Maguntinis
1108 574 1161 608 qui

157 627 247 653 erunt
276 633 330 658 pro
359 626 508 657 tempore,
536 624 565 649 et
593 622 739 648 ccclesiae
767 621 970 652 Maguntinae
998 620 1162 651 generetur

157 669 396 704 praejiidiciinn,
426 668 501 701 quin
531 667 610 693 circa
640 666 736 699 ipsius
766 666 843 698 regis
873 670 1063 690 successores
1092 670 1162 689 exe-

158 716 296 748 quantur
314 713 408 739 libcre
428 712 511 745 quod
531 712 569 737 ad
590 718 641 736 eos
660 710 691 736 in
711 710 768 736 huc
788 711 877 743 purte
897 708 1042 742 pertinet.
1063 708 1160 741 (Ihm.

157 759 205 790 25,
225 759 245 784 f.
265 758 322 784 259
342 761 387 789 νο,
407 764 456 783 un.
478 756 531 787 VI,
551 764 575 781 c.
598 755 675 785 124;
698 754 867 780 i‘ormss‘r
888 753 983 779 17047
1000 760 1005 783 ;
1027 752 1162 777 Itoni-:N-

158 810 254 834 BERG,
273 804 295 828 t.
320 801 376 833 111,
396 804 430 827 ιι0
449 800 530 832 508.)

201 916 213 930 α
237 928 256 933 ..
284 901 450 942 l’raqwsi
474 903 524 932 el..
551 899 743 931 mmm-ensi
767 898 947 940 epis-(inus.
986 896 1161 936 Quoniam

156 956 199 986 ad
224 955 463 986 substantium
503 973 506 975 >
536 979 541 985 .
570 953 650 984 Dal.
677 951 845 991 Anugnic,
875 951 905 982 ll
934 960 1043 981 nonas
1067 952 1163 980 octo-

156 1009 237 1044 bris,
261 1018 352 1039 unno
374 1010 485 1038 sexto.
511 1021 522 1033 υ

240 1184 328 1210 3192
625 1181 759 1213 Anauni,
782 1181 816 1207 21
844 1180 971 1206 octobre
996 1180 1082 1205 1200.

198 1238 309 1264 Eidem
335 1236 504 1263 Boliemiae
532 1235 594 1268 regi
621 1242 675 1268 per
701 1234 874 1260 Berardum
902 1233 938 1258 de
969 1230 1164 1264 Furconliol,

157 1282 341 1316 scriptorem
360 1281 455 1315 ipsius
474 1287 584 1313 papae,
603 1278 753 1312 epistolae
771 1285 845 1304 suae
863 1277 1006 1307 latorem,
1026 1276 1163 1302 declarat

158 1333 359 1360 nequaquam
379 1324 563 1351 intentionis
583 1330 657 1349 suae
678 1330 742 1349 esse
764 1324 799 1349 ut
820 1321 978 1352 Nicolaus,
1000 1320 1093 1351 filiuS,
1116 1320 1164 1345 vel

158 1370 240 1396 tiliae
266 1369 332 1403 ejus
357 1368 566 1402 legitimitatis
590 1367 684 1394 titulo
710 1367 887 1397 decoratae,
912 1371 1042 1398 regnum
1066 1364 1166 1390 Bohe-

158 1415 238 1441 miae
260 1414 309 1440 vel
333 1413 473 1447 ejusdem
496 1412 581 1445 regni
603 1412 719 1444 regiam
742 1410 929 1443 dignitatem
953 1409 1094 1435 obtinere
1117 1408 1166 1434 vcl

158 1459 272 1485 habere
290 1458 411 1491 possint
429 1458 484 1483 aut
502 1456 665 1482 succedere
683 1455 714 1481 in
732 1455 857 1481 eisdem.
877 1454 973 1487 (ΠΕΟ.
990 1453 1038 1484 25,
1056 1452 1077 1478 f.
1096 1452 1165 1483 260,

159 1510 208 1530 an.
236 1502 291 1534 VI,
319 1502 347 1528 d.
376 1509 423 1533 c.;
452 1501 624 1527 Por‘rnAsr
652 1500 770 1527 17956:
799 1499 1023 1528 RODENssano‚
1053 1499 1074 1523 t.
1106 1496 1165 1527 ΙΙΙ,

159 1550 195 1573 n⁰
213 1546 295 1580 509.)

206 1657 217 1671 ι(
243 1670 262 1676 ..
290 1643 413 1675 illasii-1·
439 1643 508 1682 rrqi
536 1641 680 1672 Roemie.
707 1641 761 1672 lix
788 1643 886 1681 purte
914 1643 972 1670 lun
1034 1658 1052 1670 2
1081 1638 1163 1669 Dal.

160 1696 329 1737 Anugnic,
354 1696 424 1727 xll
449 1695 516 1726 kal.
540 1694 751 1729 novembri&
775 1703 866 1724 unni)
887 1695 998 1723 sexto.
1023 1705 1034 1719 »

243 1874 332 1900 3193
627 1872 761 1906 Anagni,
785 1873 819 1899 21
845 1872 974 1899 octobre
997 1872 1084 1898 1260.

200 1927 294 1954 Dicto
323 1927 473 1960 magistro
503 1926 641 1952 Berardo
672 1927 709 1952 de
741 1925 925 1959 Furconfio]
957 1926 1090 1952 mandat
1119 1927 1166 1957 ut,

160 1977 263 2005 regem
287 1970 457 1997 Bohemiae
483 1970 590 1997 adiens
615 1970 801 2004 litterasque
826 1969 1014 2003 apostolicas
1040 1969 1067 1996 ei
1093 1969 1167 1996 assi-

161 2021 270 2049 gnans,
293 2014 502 2041 intentionem
525 2014 622 2048 ipsius
645 2021 747 2048 papae
771 2014 876 2047 quoad
900 2013 1000 2040 filium
1023 2013 1168 2048 filiasque

161 2060 228 2092 ejus
252 2066 358 2085 coram
382 2058 517 2085 testibus
542 2058 661 2084 idoneis
686 2059 794 2092 aperte
820 2057 968 2085 declarat.
995 2058 1091 2091 (REG.
1119 2058 1167 2090 25,

160 2104 182 2130 t.
200 2103 268 2135 260,
286 2110 335 2129 an.
353 2102 409 2134 VI,
426 2110 451 2129 c.
470 2102 527 2128 125
542 2109 549 2134 ;
567 2102 739 2128 POTTHAST
757 2101 878 2136 17957.)

208 2212 220 2227 α
243 2199 414 2240 Mayislro
437 2199 585 2230 Remulo
609 2199 647 2230 de
670 2198 889 2241 Furc0n[i0],
913 2200 1070 2241 scriptori
1093 2210 1169 2231 nos·—

161 2254 221 2284 lro.
242 2252 296 2283 Ex
316 2255 416 2294 parte
436 2252 603 2283 carissimi
623 2271 677 2283 Q.
700 2253 781 2284 Dal.
803 2255 842 2284 ut
861 2253 895 2283 in
915 2253 994 2284 aliu.
1016 2266 1028 2281 »

247 2429 337 2455 3194
631 2431 765 2465 Anagni‚
789 2432 823 2458 21
849 2432 977 2459 octobre
1002 2433 1088 2460 1260.

204 2482 383 2509 Alexandro
408 2483 445 2509 de
470 2483 603 2509 Hothun
627 2483 768 2517 indulget
793 2487 837 2516 ut,
862 2487 986 2519 praeter
1009 2486 1170 2513 ecclesiam

165 2526 203 2552 de
222 2526 391 2560 Honneby‚
411 2526 500 2560 cujus
518 2529 692 2561 proventus
718 2529 813 2554 annui
846 2529 1024 2563 quindecim
1053 2538 1171 2557 marca-

163 2577 234 2596 rum
252 2570 478 2604 Sterlingorum
496 2578 652 2598 summam
670 2579 734 2600 non
752 2573 919 2606 excedunt,
938 2574 1066 2601 unicum
1085 2575 1170 2602 aliud

164 2614 353 2641 heneficium
376 2614 619 2641 ecclesiasticum
642 2616 774 2643 retinere
798 2618 839 2649 et,
863 2617 888 2643 si
910 2617 1045 2644 alterum
1068 2626 1105 2645 ex
1129 2618 1171 2646 eis

165 2665 196 2685 se
218 2658 373 2692 resignare
396 2658 572 2692 contigerit,
596 2659 681 2686 aliud
703 2660 838 2694 recipere
860 2662 968 2695 possit.
994 2662 1090 2696 (Hm.
1121 2663 1172 2695 25,

165 2702 186 2729 t.
206 2702 275 2734 260,
293 2709 343 2728 an.
363 2702 418 2734 VI,
437 2709 462 2729 c.
483 2702 564 2736 126.)

213 2814 225 2829 «
249 2800 444 2833 Aleaeundro
470 2802 508 2834 de
534 2803 685 2841 Ilolhun,
712 2805 828 2836 rectori
855 2805 986 2838 ecclesie
1011 2807 1050 2838 de
1074 2807 1173 2839 Hon-

168 2853 263 2893 neby,
303 2854 556 2886 Lincolniensis
594 2856 746 2889 diocesis.
788 2858 954 2890 Volentes
990 2859 1057 2891 tibi
1095 2868 1171 2901 gra-

169 2906 253 2936 tiam
276 2925 330 2938 —.
354 2907 437 2939 Dat.
461 2908 630 2949 Anagnic,
654 2909 727 2941 XIl
751 2911 818 2942 kul.
843 2912 1055 2950 novembris,
1078 2923 1171 2944 anno

169 2962 279 2990 sexto.
303 2972 315 2987 »

1349 343 1439 370 3195
1735 343 1870 377 Anagni,
1894 344 1931 370 14
1954 344 2082 371 octobre
2106 344 2193 372 1260.

1308 397 1426 424 Abbati
1448 398 1479 423 et
1502 396 1673 423 conventui
1696 396 1877 423 monasterii
1900 396 1929 423 S.
1954 396 2088 430 Remigii
2111 397 2274 425 Remensis

1265 441 1408 474 indulget
1435 442 1472 467 ut
1499 441 1537 466 de
1564 440 1681 467 abbate
1709 447 1763 473 per
1789 439 2058 474 archiepiscopum
2087 441 2275 469 Remensem

1266 485 1424 520 provideri
1441 484 1572 518 possint.
1591 484 1688 517 (Rau.
1707 484 1755 515 25,
1773 484 1794 510 t.
1812 484 1870 510 260
1888 487 1934 516 v⁰‚
1952 492 2002 511 an.
2022 485 2076 517 V1,
2093 492 2118 512 c.
2138 486 2220 520 127.)

1314 588 1325 601 υ
1347 600 1366 606 ..
1388 574 1503 605 abbati
1524 576 1552 604 el
1571 574 1748 605 connenlui
1769 574 1966 605 ittonaelerii
1988 574 2104 606 Sancti
2126 574 2276 616 Remiyii

1269 627 1455 661 leenwnsis.
1489 627 1620 658 ordinis
1652 627 1769 658 Sam-li
1803 627 1987 658 Benedicti.
2021 627 2277 660 nonasterium

1268 683 1427 711 vestrum
1464 680 1596 710 sincera
1635 679 1819 719 diligentes
1854 679 1888 710 in
1927 679 2079 711 Domino
2115 680 2276 716 caritate,

1267 733 1419 764 libenter
1447 733 1546 763 vobis
1574 732 1630 763 illa
1657 732 1884 764 concedimus
1910 742 1977 774 que
2004 732 2114 774 ipsius
2140 736 2173 765 et
2203 742 2278 775 per-

1269 795 1436 817 sonarum
1478 786 1511 816 in
1554 796 1593 816 co
1635 785 1839 825 degentium
1880 785 2068 816 comodum
2110 786 2279 827 respicere

1269 838 1513 870 dinoscuntur.
1540 838 1633 870 Hinc
1656 841 1710 869 est
1734 838 1828 880 quod
1855 848 1928 875 nos,
1955 838 2081 870 vestris
2103 838 2280 880 supplica-

1272 891 1428 922 tionibus
1457 891 1629 928 inclinati,
1662 894 1712 928 ut,
1745 891 1892 922 cedente
1922 891 1978 923 vel
2009 891 2202 924 decedente
2232 894 2278 929 te,

1270 943 1321 974 fili
1347 943 1470 980 abbas,
1497 943 1553 975 vel
1579 943 1739 985 quolibet
1763 952 2004 975 successorum
2029 946 2186 981 tuorum,
2213 943 2282 976 Re-

1272 996 1401 1028 mensis
1440 995 1726 1038 archiepiscopus
1765 996 1824 1037 qui
1863 1005 1926 1038 pro
1966 999 2124 1038 tempore
2162 996 2280 1034 fuerit,

1272 1059 1341 1080 non
1370 1049 1434 1080 nisi
1462 1048 1496 1080 in
1525 1058 1607 1080 casu
1637 1048 1850 1090 negligencie
1877 1048 2071 1081 dumtaxat
2098 1049 2282 1091 providere

1271 1102 1487 1133 auctoritate
1505 1111 1569 1133 sua
1588 1101 1707 1133 valeat
1727 1101 1822 1133 dicto
1843 1101 2056 1134 monasterio
2076 1103 2119 1134 de
2137 1102 2279 1140 abbate,

1272 1155 1466 1186 dummodo
1492 1155 1527 1186 id
1553 1154 1639 1186 alias
1665 1155 1695 1186 ei
1723 1165 1791 1186 non
1817 1157 2000 1196 competat
2025 1155 2068 1187 de
2093 1158 2282 1188 consuetu-

1272 1207 1352 1239 dine
1378 1207 1434 1238 vel
1459 1207 1537 1248 jure
1563 1207 1632 1239 alio
1657 1207 1810 1249 speciali,
1837 1208 2054 1240 auctoritate
2081 1208 2180 1240 vobis
2206 1218 2283 1250 pre-

1271 1261 1426 1292 sentium
1447 1260 1683 1301 indulgemus.
1705 1259 1800 1291 Nulli
1822 1262 1940 1292 nostre
1961 1261 2194 1293 concessionis
2213 1263 2280 1294 etc.

1273 1314 1356 1345 Dat.
1379 1313 1549 1354 Anagnie,
1575 1313 1608 1344 II
1629 1313 1708 1345 idus
1728 1313 1893 1350 octobris,
1915 1322 2008 1345 anno
2027 1316 2140 1346 sexto.
2163 1327 2176 1343 »

1356 1492 1444 1518 3196
1665 1494 1714 1519 Au
1727 1493 1856 1525 Latran,
1879 1493 1897 1520 9
1920 1493 2091 1520 novembre
2114 1493 2202 1521 1260.

1314 1554 1470 1588 Episcopo
1497 1555 1631 1588 Regensi
1656 1555 1788 1582 mandat
1814 1556 1849 1582 ut
1875 1555 1913 1581 de
1938 1555 2089 1582 electione
2113 1554 2227 1582 Jacohi
2251 1554 2283 1581 in

1273 1599 1423 1625 abbatem
1441 1599 1625 1626 monasterii
1643 1599 1672 1626 S.
1693 1598 1815 1626 Genesii
1833 1600 1871 1626 de
1885 1598 2032 1631 Bersello,
2049 1599 2089 1625 ad
2105 1598 2284 1625 Romanam

1272 1642 1436 1669 ecclesiam
1459 1643 1544 1669 nullo
1567 1643 1670 1670 medio
1694 1643 1892 1677 pertinentis,
1915 1642 2032 1669 ordinis
2056 1642 2085 1670 S.
2107 1642 2284 1675 Benedicti,

1273 1687 1451 1714 Parmensis
1469 1687 1611 1720 diocesis,
1627 1687 1832 1721 inquisitione
1848 1687 1946 1719 facta,
1963 1687 1991 1713 ei
2008 1694 2123 1713 munus
2139 1686 2285 1714 benedie-

1271 1731 1366 1758 tionis
1392 1731 1568 1765 impendat,
1590 1732 1774 1765 recepturus
1798 1731 2005 1765 postmodum
2027 1731 2068 1758 ab
2092 1730 2160 1765 ipso
2183 1730 2284 1758 fideli-

1272 1775 1348 1802 tatis
1364 1775 1592 1809 Juramentum.
1610 1774 1708 1809 (Rea.
1727 1774 1776 1807 25,
1794 1775 1814 1802 t.
1833 1774 1892 1802 260
1909 1778 1956 1808 v0,
1973 1782 2023 1802 an.
2041 1774 2098 1808 VI,
2115 1781 2142 1802 c.
2159 1774 2243 1809 128.)

1320 1877 1332 1893 «
1357 1889 1377 1896 ..
1403 1864 1561 1906 episcopo
1585 1864 1744 1905 Reqensi.
1770 1864 1825 1895 Ex
1849 1866 1950 1906 parte
1975 1863 2094 1896 dilecti
2117 1882 2172 1896 —.
2199 1863 2282 1895 Dat.

1274 1917 1452 1954 Laterani,
1476 1916 1507 1948 V
1526 1917 1606 1949 idus
1629 1917 1842 1954 novembris,
1865 1926 1960 1949 anno
1980 1919 2094 1949 sexto.
2117 1928 2131 1946 »

1357 2097 1445 2124 3197
1633 2098 1683 2124 Au
1706 2098 1836 2130 Latran,
1858 2098 1897 2125 24
1919 2098 2091 2125 novembre
2115 2098 2202 2125 1260.

1318 2160 1529 2194 Inirascriptis
1548 2162 1595 2192 ut,
1614 2168 1678 2187 non
1697 2161 1846 2188 obstante
1865 2162 1979 2195 quarto
1999 2160 2283 2194 consanguinltatis

1275 2204 1385 2238 gradu,
1408 2204 1440 2231 in
1462 2205 1664 2231 matrimonio
1688 2206 1852 2232 contracto
1874 2205 1959 2232 licite
1980 2212 2141 2232 remanere
2162 2204 2285 2239 possint

1275 2248 1429 2276 concedit.
1447 2248 1544 2282 (REO.
1562 2249 1611 2282 25,
1627 2249 1648 2275 f.
1666 2249 1725 2276 260
1740 2253 1787 2282 νο,
1803 2256 1855 2276 an.
1871 2249 1928 2282 VI,
1943 2256 1970 2276 c.
1987 2249 2070 2283 129.)

1321 2350 1335 2367 (ι
1368 2338 1492 2370 Pontio
1526 2338 1646 2371 de....¹
1679 2340 1708 2370 et
1742 2337 1935 2370 Alamande
1968 2337 2056 2370 dem.
2090 2347 2150 2375 na,
2187 2337 2285 2370 uxori

1276 2391 1350 2432 ejus
1353 2416 1412 2429 .....
1448 2391 1557 2423 censis
1592 2390 1745 2423 diocesis.
1782 2391 1861 2423 Etsi
1895 2390 2091 2432 conjugalis
2125 2393 2286 2423 contrac-

1281 2447 1356 2476 tum
1395 2463 1450 2477 —-.
1491 2444 1575 2476 Dat.
1616 2444 1795 2483 Laterani,
1836 2444 1928 2476 VIII
1967 2444 2036 2476 kal.
2078 2443 2283 2481 decembris,

1278 2506 1371 2529 anno
1397 2499 1510 2529 sexto.
1539 2509 1552 2527 »

1360 2677 1448 2705 3198
1636 2678 1686 2706 Au
1708 2677 1838 2712 Latran,
1861 2678 1899 2706 22
1922 2677 2094 2706 novembre
2118 2676 2204 2704 1260.

1317 2741 1410 2769 Petro
1434 2741 1584 2776 Gregorii,
1606 2742 1757 2770 canonico
1780 2742 1819 2769 de
1847 2741 1943 2774 Urbe,
1965 2740 2192 2768 tabellionatus
2216 2737 2286 2766 offl-

1277 2786 1361 2812 cium
1377 2786 1530 2813 concedit.
1548 2786 1645 2820 (Rau.
1663 2787 1712 2819 25,
1728 2786 1750 2813 s.
1768 2786 1826 2813 260
1842 2789 1890 2818 v⁰,
1907 2793 1956 2812 an.
1974 2784 2030 2817 VI,
2047 2792 2072 2811 c.
2091 2783 2173 2817 130.)

1308 2907 1330 2927 1.
1349 2906 1486 2932 L'adresse.
1503 2908 1565 2929 mise
1580 2908 1644 2929 dans
1661 2908 1685 2929 la
1701 2912 1787 2934 mai-ge
1803 2908 1901 2929 interne
1917 2906 1952 2927 du
1968 2905 2080 2931 registi-e,
2097 2905 2137 2925 est
2152 2901 2243 2924 eschen
2258 2907 2290 2923 eu

1275 2943 1355 2968 pai-tle
1368 2944 1393 2962 et
1406 2942 1500 2963 reudue
1513 2943 1611 2964 illisihle
1624 2949 1670 2970 par
1682 2944 1706 2965 lu
1719 2943 1815 2964 tellure.
1831 2943 1852 2964 Π
1865 2949 1896 2965 en
1908 2943 1947 2964 est
1959 2941 1991 2962 de
2003 2940 2086 2962 memo
2097 2944 2163 2966 pour
2174 2938 2210 2960 les
2222 2937 2290 2959 doux

1277 2977 1364 2999 lettres
1378 2978 1516 2999 sulvuutes.
