2477 3512
235 274 304 308 842
959 267 1217 302 REGISTRES
1234 265 1570 300 D'ALEXANDRE
1585 265 1633 298 IV

236 373 293 408 gat
321 370 407 409 quod
436 367 716 401 excommunicari,
744 366 896 405 suspendi
923 366 974 395 vel
1002 365 1148 395 interdici
1177 374 1241 395 non

237 423 361 461 possint
380 432 435 461 per
453 422 576 451 litteras
595 421 680 450 dicte
700 420 788 450 Sedis
806 419 838 448 in
858 419 975 458 quibus
994 428 1058 448 non
1076 418 1119 448 sit
1138 419 1176 447 de
1194 418 1241 447 in-

237 476 328 505 dulto
349 474 532 513 hujusmodi
553 474 645 512 plena
666 473 787 502 mentio
807 474 840 501 et
859 480 1019 510 expressa.
1040 471 1116 501 Dat.
1137 471 1241 500 Viter-

237 528 290 562 bii,
314 527 417 557 XIIII
441 527 503 556 kal.
526 526 617 564 junii,
641 534 726 555 anno
749 527 876 564 quarto.
899 535 912 551 n

315 698 402 724 2⁷57
760 697 897 728 Viterbe,
924 697 960 723 19
985 697 1048 723 mai
1072 696 1159 723 1258.

276 751 386 777 Eidem
413 758 469 785 pro
496 750 644 785 pensione
672 751 711 777 ab
740 750 792 781 H.,
821 750 935 776 abbate
964 749 1146 776 monasterii
1172 749 1241 776 Clu-

234 791 397 822 niacensis,
435 790 672 818 Matisconensis
709 790 850 821 diocesiS‚
888 789 1048 824 praedicto
1086 789 1240 816 Willelmo

236 837 390 857 concessa.
415 831 513 864 (Rae.
539 830 586 862 25,
611 830 632 856 f.
659 830 726 861 168,
750 837 800 856 an.
828 829 880 860 IV,
905 836 930 855 c.
955 829 1037 862 313.)

275 920 418 950 «Eidem.
433 920 576 950 Dilectus
588 920 673 949 filius
685 920 838 958 magIster
849 919 974 953 Wasco,
986 919 1123 957 scriptor
1134 921 1243 948 noster

233 975 295 1003 etc.
316 976 353 1003 ut
373 973 405 1003 in
425 974 487 1003 alia
508 982 631 1012 usque:
652 973 860 1006 constitutus,
881 972 1045 1010 quondam
1066 972 1120 1006 H„
1140 971 1242 1001 abhas

233 1028 267 1055 et
302 1029 481 1056 conventus
516 1025 701 1056 monasterii
737 1025 962 1059 Cluniacensis,
998 1024 1241 1054 Matisconensis

233 1079 376 1113 diocesis,
395 1082 487 1117 grata
506 1081 539 1108 et
559 1079 659 1113 utilia,
675 1081 736 1108 etc.
752 1087 875 1116 usque:
896 1087 991 1116 super
1010 1078 1069 1107 hoc
1088 1077 1241 1106 confectis

233 1132 348 1161 litteris
372 1132 495 1170 plenius
519 1132 637 1161 dicitur
659 1131 816 1161 contineri
839 1133 900 1160 etc.
939 1140 1041 1169 usque
1075 1130 1107 1159 in
1131 1130 1240 1159 finem.

234 1185 310 1214 Dat.
334 1185 480 1218 Viterbii,
505 1184 567 1214 XV
590 1185 653 1214 kal.
676 1184 768 1222 junii,
792 1193 877 1213 anno
901 1186 1027 1222 quarto.
1052 1194 1063 1210 »

315 1358 402 1384 2758
752 1356 890 1388 Viterbe,
917 1356 956 1383 23
982 1356 1046 1382 mai
1073 1356 1160 1383 1258.

275 1411 386 1437 Eidem
406 1418 461 1444 pro
482 1410 630 1444 pensione
650 1417 668 1436 a
686 1409 865 1443 praeposito
886 1410 917 1435 et
937 1408 1076 1443 capitulo
1096 1409 1241 1436 ecclesiae

234 1451 272 1477 de
309 1450 519 1481 Lombriasco,
550 1449 750 1476 Taurinensis
787 1449 927 1480 diocesiS,
965 1448 1049 1475 dicto
1086 1448 1241 1476 Willelmo

235 1497 389 1517 concessa.
414 1490 511 1522 (REG.
536 1489 584 1520 25,
609 1489 629 1515 f.
656 1489 722 1520 168,
747 1496 797 1515 an.
825 1489 877 1520 IV,
901 1496 927 1515 c.
952 1488 1035 1522 314.)

276 1580 432 1609 «Eidem.
460 1579 604 1608 Dilectus
642 1579 728 1608 filius
766 1579 919 1617 magister
957 1578 1145 1607 Guillelmus
1179 1581 1240 1608 etc.

234 1635 271 1662 ut
301 1633 333 1662 in
363 1633 425 1662 alia
457 1641 579 1671 usque:
613 1632 820 1665 constitutus,
842 1631 1040 1670 quondam..,
1060 1632 1241 1670 prepositus

233 1688 267 1715 et
297 1685 474 1724 capitulum
504 1685 633 1714 ecclesie
664 1685 702 1714 de
732 1684 950 1718 Lombriasco,
982 1684 1101 1713 ordinis
1132 1684 1241 1714 Sancti

234 1738 416 1776 Augustini,
431 1737 636 1768 Taurinensis
656 1737 800 1772 diocesis,
815 1737 875 1766 sibi
888 1737 1063 1766 liberaliter
1077 1737 1241 1775 quandam

234 1793 459 1821 concesserunt
490 1791 676 1829 pensionem
712 1793 773 1819 etc.
797 1790 904 1819 verbis
929 1792 1150 1828 competenter
1172 1799 1242 1819 mu—

233 1844 311 1874 tatis
345 1853 445 1882 usque
477 1844 510 1873 in
544 1843 654 1872 finem.
689 1843 766 1872 Dat.
801 1842 948 1877 viterbii,
985 1843 1017 1871 X
1050 1843 1114 1872 kal.
1148 1843 1240 1880 junii,

233 1906 318 1927 anno
347 1899 474 1935 quarto.
504 1908 516 1924 »

316 2066 406 2092 2759
774 2067 911 2099 Viterbe,
937 2068 954 2094 5
978 2068 1047 2101 juin
1073 2068 1160 2095 1258.

277 2119 432 2153 Episcopo
453 2121 484 2146 et
505 2119 644 2153 capitulo
665 2120 904 2147 Zamorensibus
925 2121 1057 2147 mandat
1078 2123 1113 2147 ut
1135 2121 1242 2147 Marti-

236 2166 311 2185 num
348 2159 516 2190 Dominici,
552 2159 697 2186 clericum
734 2160 818 2186 chori
855 2160 1001 2186 ecclesiae
1037 2161 1241 2189 Zamorensis,

235 2198 267 2224 in
284 2199 511 2232 portionarium
529 2201 559 2225 et
575 2199 606 2225 in
623 2200 752 2226 fratrem
768 2200 922 2233 recipiant
938 2200 1028 2233 eique
1045 2201 1082 2226 de
1099 2200 1242 2234 portione

237 2238 342 2271 aliqua
365 2239 527 2272 providere
549 2241 669 2271 curent,
691 2247 753 2266 non
776 2240 923 2266 obstante
945 2240 1030 2273 quod
1052 2240 1129 2266 alias
1151 2240 1242 2266 hene-

237 2278 361 2304 ficiatus
389 2278 495 2305 existit
515 2280 573 2305 etc.
605 2279 701 2311 (Rae.
720 2279 768 2311 25,
786 2279 806 2305 f.
826 2279 883 2306 168
912 2283 957 2311 v0,
976 2287 1025 2306 an.
1046 2279 1098 2312 IV,
1116 2287 1141 2306 c.
1159 2279 1241 2312 315.)

278 2379 333 2402 «..‚
371 2368 512 2406 episcopo
549 2370 575 2397 et
610 2369 745 2407 capitulo
781 2369 1033 2399 Zamorensibus.
1071 2370 1242 2400 Credentes

234 2428 293 2449 vos
316 2420 368 2449 illa
392 2437 442 2449 -——.
468 2421 543 2449 Dat.
567 2421 714 2455 Viterbii,
740 2422 830 2451 nonis
853 2422 945 2459 junii,
970 2431 1054 2451 anno
1079 2425 1205 2461 quarto.
1230 2434 1242 2450 υ

316 2605 406 2632 2760
757 2608 883 2643 Naples,
907 2609 945 2635 30
969 2610 1048 2636 avril
1072 2610 1159 2636 1255.

278 2645 501 2672 Monasterium
544 2647 727 2674 monialium
770 2648 799 2674 S.
842 2649 1029 2675 Catharinae
1071 2650 1240 2682 Janucnse,

237 2685 353 2711 ordinis
375 2685 403 2712 S.
426 2686 583 2718 Damiani,
604 2687 661 2713 sub
682 2695 737 2714 sua
758 2688 952 2721 protectione
972 2689 1112 2723 suscipit,
1134 2697 1240 2716 omnes

237 2724 304 2757 ejus
321 2725 528 2758 possessiones
547 2733 583 2752 ac
600 2726 692 2758 bona,
710 2727 780 2760 jura
798 2729 829 2753 et
847 2728 1019 2762 privilegia,
1037 2736 1157 2756 necnon
1175 2737 1240 2756 om-

238 2771 291 2790 nes
315 2764 477 2791 libertates
502 2767 533 2791 et
558 2765 774 2793 immunitates
800 2774 877 2800 quas
902 2768 1002 2794 eidem
1041 2766 1155 2805 [Ottol‚
1194 2777 1240 2796 ar-

238 2803 452 2838 chiepiscopus
495 2805 662 2831 ,Januensis
705 2806 845 2838 indulsit,
898 2808 1075 2839 confirmat,
1117 2809 1240 2836 litteras

238 2844 409 2876 supradicti
425 2844 660 2878 archiepiscopi,
676 2852 758 2872 anno
774 2846 963 2873 Nativitatis
979 2847 1080 2874 MCC.
1098 2848 1238 2879 XXX10,

239 2881 288 2908 die
319 2883 454 2915 sabbati,
486 2884 580 2910 tertio
612 2885 731 2911 decimo
763 2886 878 2912 mensis
910 2887 1104 2921 septembris,
1138 2888 1238 2919 datas,

238 2921 384 2989 {2833138'
405 2922 501 2955 (REG.
523 2923 571 2955 25,
591 2923 612 2949 5.
635 2924 691 2951 168
712 2928 757 2956 v0,
778 2933 827 2952 an.
852 2926 903 2957 IV,
924 2934 949 2952 c.
970 2926 1047 2958 316;
1068 2927 1239 2954 PorrnAs‘r

1392 376 1448 399 «..,
1474 364 1629 394 abbatisse
1652 363 1832 393 monasterii
1859 364 1969 393 Sancte
1994 363 2156 394 Comen-ine
2183 363 2356 394 Janumsis

1349 417 1474 456 ejusque
1497 416 1654 446 sororibus
1677 418 1740 446 tam
1763 416 1958 455 presentibus
1981 425 2073 455 quam
2096 416 2212 454 lutatis
2235 416 2356 455 requia-

1348 479 1410 500 rem
1420 470 1514 500 vitam
1523 469 1681 508 professis,
1694 469 1726 498 in
1734 471 1926 508 perpetuum.
1937 469 2131 508 Religiosam
2140 469 2242 499 vitam
2251 471 2356 499 etc.—.

1349 523 1416 553 Dat
1442 522 1577 561 Neapoli
1603 531 1659 561 per
1684 531 1817 551 manum
1843 522 1988 561 magistri
2014 521 2185 556 Guillelmi,
2211 522 2356 562 magistri

1348 576 1506 606 scolarum
1531 575 1724 609 Parmensis,
1749 575 1866 605 Sancte
1891 576 2037 605 Romane
2051 574 2193 604 Ecclesie
2209 575 2356 606 vicecan-

1349 629 1476 663 cellarii,
1505 628 1553 657 ΙΙΙ
1579 628 1642 658 kal.
1667 628 1754 662 maii,
1779 628 1954 658 indictione
1978 627 2080 658 X111·
2099 651 2106 663 ‚
2123 627 2356 658 lunai-nationis

1349 682 1516 712 Dominice
1539 690 1624 711 anno
1648 681 1707 710 M0.
1732 681 1806 711 CC0.
1826 681 1910 715 LV⁰‚
1930 681 2141 720 pontificatus
2157 690 2234 711 vero
2257 681 2357 712 donni

1349 735 1420 773 (sic)
1442 734 1616 764 Alexandri
1639 743 1721 772 pape
1748 733 1813 763 1111
1837 734 1857 754 ²¹
1879 743 1964 764 anno
1987 734 2100 773 primo.
2123 746 2136 762 n

1427 923 1508 949 2761
1867 923 2005 955 Viterbe,
2026 922 2063 950 10
2081 922 2161 950 avril
2179 922 2267 950 1258.

1390 975 1544 1007 Generali,
1566 976 1661 1010 priori
1683 978 1715 1003 et
1738 976 1888 1002 fratribus
1907 976 2077 1003 Heremitis
2099 975 2216 1003 ordinis
2238 975 2268 1003 S.
2292 975 2357 1002 Au·

1349 1015 1467 1049 gustini
1488 1016 1714 1042 monasterium
1737 1016 1766 1042 S.
1789 1016 2023 1042 Bai-tholomaei
2065 1016 2104 1042 de
2133 1015 2286 1049 Sestinga‚
2307 1022 2357 1042 or-

1349 1055 1430 1082 dinis
1457 1055 1485 1082 S.
1511 1055 1687 1087 Benedicti,
1713 1055 1920 1082 Grossetanae
1946 1055 2088 1087 diocesis,
2114 1062 2185 1082 cum
2210 1054 2357 1082 omnibus

1348 1094 1471 1128 juribus
1489 1095 1553 1121 suis
1571 1094 1702 1121 confert.
1721 1095 1818 1128 (REG.
1837 1095 1887 1128 25,
1904 1096 1926 1121 f.
1946 1095 2003 1122 168
2021 1098 2067 1127 νο,
2086 1102 2136 1122 an.
2158 1094 2210 1121 1v.
2228 1102 2255 1122 c.
2272 1094 2356 1128 317.)

1391 1209 1447 1232 «..,
1485 1198 1632 1236 yenerali,
1667 1198 1767 1237 priori
1802 1200 1829 1228 et
1863 1198 2013 1236 tratribus
2034 1198 2203 1228 Heremitis
2236 1197 2358 1228 ordinis

1350 1251 1457 1281 Sancti
1479 1251 1664 1290 Auqnstini.
1688 1251 1739 1281 Sic
1760 1251 1839 1281 ordo
1852 1251 2115 1281 vester—,Hinc
2124 1253 2174 1281 est
2186 1250 2273 1290 quod
2286 1259 2355 1286 nos.

1347 1304 1464 1333 vestris
1489 1306 1522 1333 et
1547 1304 1647 1343 ipsius
1672 1303 1792 1334 ordinis
1816 1304 1960 1334 comodis
1984 1306 2119 1343 paterna
2143 1303 2357 1334 sollicitudine

1348 1357 1555 1387 intendentes
1583 1366 1621 1387 ac
1649 1357 1796 1387 volentes
1823 1359 1861 1387 ut
1888 1357 2037 1387 sentiatis
2064 1357 2157 1387 vobis
2173 1357 2357 1396 Apostolioe

1350 1410 1439 1440 Sedis
1463 1411 1630 1440 dexteram
1654 1409 1828 1444 liberalem,
1851 1410 1968 1440 vestris
1989 1412 2024 1440 et
2045 1410 2154 1440 dilecti
2175 1409 2234 1440 filii
2256 1409 2357 1440 nostri

1348 1463 1400 1497 B„
1431 1463 1540 1492 Sancti
1579 1463 1692 1502 Angeli
1732 1463 1858 1493 diaconi
1897 1462 2078 1498 cardinalis,
2113 1462 2242 1502 patroni
2272 1462 2357 1502 ejus-

1351 1516 1424 1545 dem
1452 1516 1572 1546 ordinis
1599 1516 1746 1555 precibus
1772 1518 1962 1551 annuentes,
1988 1516 2221 1546 monasterium
2247 1515 2358 1547 Sancti

1346 1569 1568 1599 Bartholomei
1606 1569 1645 1598 de
1682 1569 1840 1607 Sestinga‚
1877 1569 1998 1598 ordinis
2035 1569 2146 1599 Sancti
2178 1568 2357 1604 Benedicti,

1350 1622 1542 1651 Grossetane
1562 1622 1697 1651 diocesis
1710 1622 1752 1651 ad
1766 1631 1824 1651 nos
1837 1624 1871 1651 et
1885 1621 2068 1651 Romanam
2081 1621 2257 1652 Ecclesiam
2269 1621 2357 1652 nullo

1350 1675 1456 1704 medio
1478 1675 1651 1713 pertinens,
1675 1683 1749 1704 cum
1778 1674 1927 1704 omnibus
1947 1674 2083 1713 juribus,
2105 1674 2357 1714 possessionibus

1349 1730 1382 1758 et
1407 1727 1610 1766 pertinentiis
1636 1728 1701 1757 suis
1725 1727 1818 1757 vobis
1843 1730 1877 1757 et
1901 1736 1958 1766 per
1980 1736 2040 1757 vos
2065 1727 2152 1758 dicto
2177 1728 2292 1763 ordini,
2317 1728 2357 1758 de

1348 1780 1488 1810 fratrum
1511 1783 1695 1810 nostrorum
1718 1781 1860 1815 consilio,
1885 1781 1924 1810 de
1946 1780 2049 1819 gratia
2072 1780 2265 1811 conferimus
2286 1789 2358 1820 spe-

1348 1833 1431 1867 ciali,
1461 1834 1668 1863 decernentes
1695 1834 1823 1863 irritum
1851 1836 1884 1863 et
1925 1834 2021 1863 inane
2046 1834 2074 1863 si
2100 1842 2192 1863 secus
2220 1834 2260 1863 de
2286 1834 2356 1873 ipso

1348 1886 1546 1916 monasterio
1573 1887 1685 1925 ejusve
1701 1886 1837 1925 juribus,
1857 1886 2111 1925 possessionibus
2136 1889 2170 1916 et
2195 1887 2357 1926 pertinen-

1346 1939 1401 1969 tiis
1421 1949 1477 1978 per
1497 1948 1723 1978 quemcunque
1742 1942 1801 1969 aut
1821 1948 2031 1978 quoscunque
2050 1942 2160 1969 nostra
2176 1939 2228 1969 vel
2241 1940 2356 1979 quavis

1348 1992 1410 2022 alia
1430 1993 1626 2022 auctoritate
1646 1993 1818 2031 contigerit
1836 1993 2039 2031 attemptari.
2060 1992 2148 2022 Nulli
2167 1995 2275 2023 nostre
2294 1993 2358 2023 coI-

1348 2045 1477 2075 lationis
1508 2048 1541 2074 et
1571 2045 1812 2075 constitutionis
1841 2048 1902 2075 etc.
1926 2046 2003 2075 Dat.
2026 2045 2172 2080 Viterbii,
2199 2045 2266 2075 1111
2284 2045 2356 2075 idus

1349 2099 1468 2137 aprilis,
1499 2107 1585 2128 anno
1616 2101 1743 2137 quarto.
1775 2110 1787 2125 »

1429 2293 1518 2319 2762
1794 2294 1932 2327 Viterbe‚
1946 2295 1984 2322 28
1996 2296 2174 2329 septembre
2186 2296 2274 2323 1258.

1391 2346 1575 2373 Pensionem
1602 2347 1752 2380 magistro
1779 2347 1926 2380 Gregorio
1953 2348 1991 2374 de
2017 2348 2115 2380 Posis,
2141 2349 2285 2383 scriptori
2310 2349 2356 2383 ip-

1349 2386 1422 2418 sius,
1439 2394 1456 2413 a
1472 2386 1601 2413 Nicolao
1618 2387 1655 2413 de
1671 2387 1858 2419 Rumiliaco,
1874 2388 1970 2421 priori
2010 2388 2167 2422 prioratus
2183 2388 2213 2415 S.
2239 2388 2357 2416 Flaviti

1348 2426 1449 2452 Villae
1476 2426 1588 2458 Mauri,
1615 2426 1775 2453 Treccnsis
1803 2427 1944 2459 diocesis,
1972 2435 2150 2455 concessam
2177 2427 2355 2461 confirmat,

1348 2466 1443 2499 hujus
1469 2465 1675 2492 concessionis
1701 2468 1841 2493 tenorem
1867 2467 2013 2494 inserens.
2040 2467 2137 2500 (Rae.
2164 2467 2212 2500 25,
2237 2467 2259 2494 f.
2286 2467 2353 2500 169.

1349 2512 1398 2532 an.
1433 2505 1484 2537 1V,
1515 2513 1540 2532 c.
1571 2505 1653 2539 318.)

1389 2620 1401 2635 «
1423 2609 1579 2647 Maqistro
1608 2609 1751 2647 Greqorio
1773 2609 1808 2638 de
1830 2610 1932 2644 Posis,
1954 2610 2098 2649 scriptori
2119 2612 2230 2640 nostro.
2273 2610 2353 2640 Cum

1347 2670 1365 2690 a
1389 2662 1480 2691 nobis
1504 2661 1626 2700 petitur
1648 2664 1708 2691 etc.
1734 2671 1834 2701 usque
1857 2663 1920 2692 ad:
1946 2662 2109 2692 effectum.
2135 2663 2216 2693 Sane
2239 2662 2354 2702 petitio

1346 2716 1404 2744 tua
1428 2714 1519 2743 nobis
1542 2715 1686 2744 exhibita
1711 2715 1900 2745 continebat
1923 2715 2009 2754 quod
2033 2716 2169 2745 dilectus
2191 2715 2277 2746 filius
2299 2715 2356 2746 Ni-

1347 2767 1455 2796 colaus
1488 2767 1526 2796 de
1560 2767 1751 2802 Rumiliaco,
1784 2768 1870 2806 prior
1901 2768 2062 2807 prioratus
2094 2769 2204 2799 Sancti
2235 2767 2355 2798 Flaviti

1346 2820 1427 2849 Ville
1443 2820 1557 2854 Mauri,
1575 2820 1694 2849 ordinis
1712 2821 1822 2850 Sancti
1835 2821 2013 2855 Benedicti,
2030 2821 2193 2851 Trecensis
2209 2821 2352 2855 diocesis.

1346 2875 1477 2911 propter
1492 2874 1584 2911 grata
1602 2875 1635 2902 et
1651 2875 1782 2912 accepta
1800 2874 1930 2903 servitia
1949 2883 2010 2912 que
2027 2874 2087 2904 sibi
2103 2877 2137 2904 et
2153 2874 2256 2904 eidem
2270 2873 2352 2912 prio-

1346 2926 1429 2954 ratui
1457 2926 1648 2955 exhibueras
1682 2928 1715 2955 et
1739 2926 1772 2955 in
1798 2926 1944 2956 futurum
1971 2929 2099 2965 poteras
2125 2927 2284 2961 exhibere,
2310 2933 2347 2955 ac

1346 2978 1603 3008 consideratione
1641 2979 1750 3009 dilecti
1785 2979 1845 3008 filii
1881 2979 2027 3018 magistri
2063 2979 2199 3010 Jordani
2235 2977 2351 3009 Sancte
