2477 3512
164 255 233 288 832
893 253 1150 286 REGISTRES
1167 253 1504 286 D’ALEXANDRE
1520 253 1568 286 1v

162 351 271 390 gentia
288 351 458 390 specialem
476 351 611 380 fecerint
629 351 836 385 mentionem,
868 351 1070 389 presentibus
1100 354 1174 390 post
1225 353 1229 409 Ι

162 404 367 443 septennium
384 404 514 434 minime
537 403 695 433 valituris.
719 404 805 433 Nulli
829 406 936 434 nostre
959 404 1173 434 concessionis

162 460 223 486 etc.
248 457 315 486 Dat
337 460 374 486 ut
397 457 428 486 in
451 457 523 486 alia.
545 468 556 482 1,

243 642 301 667 271
311 642 332 667 9
623 642 756 675 Anagni,
774 642 809 667 12
824 641 987 668 decembre
1002 641 1089 668 1258.

202 694 321 720 Abbati
344 695 375 720 et
397 694 568 720 conventui
591 693 773 720 monasterii
796 693 949 727 praedicti
971 694 1114 727 indulget
1136 695 1172 720 ut

161 734 193 760 in
227 734 416 767 quibusdam
481 734 582 760 causis
616 740 720 759 coram
754 733 911 766 aliquibus
946 733 1171 768 archiepiscopi

163 773 349 800 senonensis
366 773 573 806 suffraganeis
591 773 776 806 respondere
794 780 856 799 non
874 774 1052 799 teneantur.
1071 773 1169 805 (Bm.

163 812 211 844 25,
235 813 256 839 f.
283 812 338 839 162
363 816 408 844 v⁰‚
433 820 483 839 an.
512 813 563 843 IV,
589 820 613 839 c.
639 813 721 846 275.)

204 926 259 949 «..,
290 915 395 944 abbati
425 917 451 945 et
480 915 640 944 conventui
669 914 849 944 monasterii
878 915 1017 953 predicti.
1048 915 1170 944 Vestris

163 976 332 1006 precavere
360 968 534 1006 dispendiis
563 970 595 997 et
624 976 786 997 occurrere
813 967 1055 1005 gravaminibus
1084 968 1172 1006 cupi-

163 1022 263 1055 entes,
286 1020 377 1050 vobis
399 1020 595 1050 auctoritate
617 1020 814 1058 presentium
836 1020 1038 1058 indulgemus
1061 1022 1098 1049 ut
1119 1029 1172 1049 ve-

163 1074 296 1103 nerabili
326 1073 419 1103 fratri
451 1076 593 1107 nostro..,
637 1073 876 1111 archiepiscopo
908 1073 1092 1107 Senonensi,
1138 1073 1171 1102 in

163 1126 266 1155 causis
293 1135 354 1164 que
380 1134 437 1164 pro
463 1126 532 1164 ipso
559 1127 669 1154 contra
696 1134 754 1154 vos
779 1125 941 1163 aliquibus
966 1125 1031 1154 suis
1057 1125 1172 1154 suffra-

162 1178 271 1216 ganeis
298 1178 348 1207 vel
376 1178 562 1207 immediate
590 1177 650 1207 sibi
678 1177 832 1215 subjectis
859 1178 1055 1207 auctoritate
1083 1177 1172 1207 Sedis

162 1231 345 1269 Apostolice
380 1231 430 1260 vel
464 1231 644 1269 legatorum
678 1230 778 1268 ipsius
812 1230 851 1259 de
885 1233 991 1260 cetero
1026 1231 1173 1260 commit-

162 1285 282 1317 tentur,
299 1292 362 1312 non
378 1283 552 1312 teneamini
567 1291 675 1312 coram
690 1282 734 1311 eis
749 1283 953 1321 aliquatenus
969 1283 1170 1322 respondere.

163 1335 249 1365 Nulli
277 1338 384 1366 nostre
411 1335 622 1365 concessionis
649 1337 710 1365 etc.
737 1335 814 1364 Dat.
841 1335 997 1374 Anagnie‚
1029 1335 1059 1365 11
1100 1336 1172 1365 idus

164 1389 350 1423 decembris,
380 1397 465 1418 anno
495 1390 621 1427 quarto.
652 1399 664 1414 »

247 1600 337 1626 2720
627 1600 765 1632 Viterbe,
781 1600 798 1626 8
813 1600 990 1634 septembre
1006 1599 1092 1626 1258.

206 1653 325 1679 Abbati
345 1652 527 1679 monasterii
547 1651 577 1680 S.
598 1653 768 1685 Augustini
789 1652 1023 1680 cantuariensis
1043 1652 1176 1679 mandat

167 1694 201 1719 ut
224 1693 373 1725 magistro
396 1692 535 1719 Johanni
557 1693 595 1718 de
618 1692 802 1724 Camezano,
824 1692 1003 1719 litterarum
1026 1692 1176 1725 apostoli-

166 1740 273 1759 carum
301 1732 449 1764 auditori,
477 1732 509 1758 in
536 1732 700 1766 provincia
728 1732 946 1759 Cantuariensi
972 1731 1067 1764 juxta
1094 1731 1176 1758 ordi-

165 1773 327 1799 nationem
349 1772 389 1798 ab
416 1772 449 1803 1.‚
472 1772 560 1798 tituli
583 1772 690 1798 Sancti
713 1771 875 1798 Laurentii
896 1772 928 1798 in
951 1771 1071 1798 Lucina
1093 1778 1176 1805 pres-

165 1811 276 1846 bytero
301 1812 452 1838 cardinali
474 1811 603 1842 factam,
628 1812 666 1837 de
689 1819 751 1838 uno
774 1812 824 1838 vel
847 1811 989 1845 pluribus
1014 1811 1176 1837 beneficiis

165 1852 382 1878 ecclesiasticis
405 1851 581 1884 provideat..
605 1851 702 1884 (Bm.
727 1851 775 1882 25,
798 1851 819 1877 f.
845 1851 902 1877 162
925 1853 971 1882 v0,
995 1857 1045 1876 an.
1072 1850 1124 1882 IV,
1149 1858 1174 1877 c.

207 2019 251 2042 «..‚
273 2007 378 2036 abbati
398 2006 578 2036 monasterii
600 2006 707 2036 Sancti
728 2006 903 2045 Auyuslini
925 2006 1174 2041 Cantuariensis,

165 2060 206 2089 ad
224 2060 399 2089 Romanam
418 2059 588 2089 Ecclesiam
606 2059 692 2089 nullo
711 2059 811 2089 medio
828 2059 1021 2098 pertinentis.
1042 2059 1175 2088 Dudum

163 2113 248 2142 inter
276 2115 309 2142 te
338 2121 375 2142 36
405 2112 538 2142 dilectos
568 2112 651 2141 filios
681 2114 878 2142 conventum
908 2112 1095 2141 monasterii
1114 2111 1174 2145 tui,

165 2174 204 2194 ex
227 2174 290 2194 una
316 2167 417 2203 parte,
442 2167 475 2194 et
499 2164 688 2203 magistrum
713 2165 896 2194 Johannem
921 2165 960 2194 de
984 2164 1173 2199 Camezano‚

165 2218 365 2256 capellanum
387 2219 533 2246 nostrum
556 2219 588 2246 et
607 2217 789 2247 litterarum
809 2220 992 2247 nostrarum
1009 2217 1174 2247 contradic

164 2272 271 2299 tarum
294 2270 485 2304 auditorem,
517 2279 557 2299 ex
571 2270 682 2304 altera,
710 2279 805 2309 super
818 2270 949 2300 ecclesia
965 2270 1003 2299 de
1018 2270 1172 2304 Lenham,

164 2322 402 2352 Cantuariensis
432 2323 577 2357 diocesis,
607 2323 742 2352 materia
773 2323 949 2362 questionis
978 2325 1100 2357 exorta,
1130 2322 1175 2352 fe-

164 2375 231 2404 licis
258 2375 488 2404 recordationis
518 2375 725 2404 Innocentius
752 2384 847 2413 papa,
875 2376 1078 2413 predecessor
1104 2383 1175 2404 nos-

164 2429 223 2461 ter,
246 2427 361 2456 dilecto
382 2426 449 2456 filio
470 2427 623 2465 magistro
644 2427 786 2456 Johanni
808 2428 846 2456 de
868 2428 985 2457 Sancto
1003 2428 1173 2461 Germano,

164 2479 290 2509 notario
303 2481 422 2513 nostro,
442 2482 520 2509 tunc
538 2480 736 2509 subdiacono
756 2482 788 2508 et
807 2480 972 2518 capellano
991 2489 1059 2514 suo,
1080 2479 1175 2508 duxit

165 2540 295 2561 causam
319 2531 505 2569 hujusmodi
529 2532 792 2565 commitendam,
818 2541 881 2570 quo
905 2532 1067 2561 mediante
1092 2532 1175 2560 inter

164 2587 272 2623 partes
298 2584 485 2622 hujusmodi
511 2584 688 2613 amicabilis
715 2584 905 2623 compositio
932 2593 986 2613 seu
1014 2584 1174 2614 ordinatio

164 2636 348 2670 intervenit,
392 2636 541 2666 videlicet
584 2637 681 2675 quod,
726 2637 852 2666 tamdiu
895 2637 998 2666 eidem
1033 2635 1173 2666 auditori

166 2689 275 2718 decem
292 2691 325 2718 et
342 2691 415 2718 octo
431 2697 613 2718 marcarum
631 2698 772 2718 annuam
791 2689 884 2718 certis
901 2689 970 2718 loco
987 2690 1020 2718 et
1036 2688 1173 2718 termino

169 2743 206 2770 tu
234 2750 271 2770 ac
300 2741 377 2770 dicti
406 2743 584 2770 conventus
612 2741 733 2770 solvere
762 2741 949 2770 teneremini
977 2741 1172 2779 pensionem,

165 2793 266 2823 donec
291 2794 350 2823 sibi
377 2794 415 2822 de
441 2794 571 2823 ecclesia
597 2794 647 2823 vel
674 2793 894 2823 ecclesiasticis
920 2793 1083 2823 beneficiis
1110 2795 1181 2822 uno'

165 2846 216 2875 vel
238 2847 391 2884 pluribus,
414 2847 651 2885 quinquaginta
673 2856 854 2876 marcarum
875 2846 973 2876 annui
994 2846 1112 2875 valoris
1133 2847 1173 2875 ad

165 2899 281 2932 minus,
312 2898 395 2928 foret
426 2899 457 2928 in
489 2899 652 2937 provincia
686 2899 906 2929 Cantuariensi
937 2898 1112 2937 provisum,
1143 2901 1176 2928 et

166 2952 251 2989 quod
275 2951 426 2989 magister
446 2952 542 2990 Hugo
562 2952 599 2980 de
617 2952 744 2981 Mortuo
762 2952 853 2985 Mari,
872 2951 1018 2981 officialis
1036 2951 1176 2980 (13111113-

1283 353 1405 387 riensis‚
1436 355 1588 382 executor
1617 362 1712 391 super
1741 353 1923 392 provisione
1961 354 2107 385 facienda
2145 355 2206 394 ipsi
2234 365 2292 386 au-

1282 406 1389 440 ditori,
1428 406 1459 435 in
1491 406 1577 435 dicta
1616 405 1779 444 provincia
1809 415 1828 436 a
1867 407 2087 445 predecessore
2117 408 2293 447 deputatus

1281 459 1394 488 eodem
1423 468 1518 497 super
1547 459 1727 497 provisione
1757 459 1954 497 hujusmodi,
1983 460 2044 490 tibi
2074 462 2292 492 committeret

1282 511 1367 541 vices
1398 520 1482 541 suas.

1323 564 1467 603 Cumque
1488 565 1571 594 inter
1590 567 1623 594 te
1641 573 1678 595 ac
1698 565 1801 595 dictos
1822 567 2029 600 conventum,
2049 575 2089 595 ex
2107 569 2199 605 parte
2217 576 2292 602 una.

1279 619 1312 646 et
1341 617 1521 655 predictum
1550 617 1743 651 auditorem,
1773 627 1813 647 ex
1841 618 1954 652 altera,
1985 619 2152 650 occasione
2183 619 2290 658 provi-

1279 670 1376 699 sionis
1397 670 1592 708 hujusmodi,
1613 670 1739 709 questio
1759 671 1891 700 suborta
1912 670 2036 706 fuisset,
2058 680 2115 702 nos
2134 672 2167 702 in
2187 681 2224 702 ea
2245 673 2292 703 di-

1279 722 1399 752 lectum
1428 722 1531 752 filium
1561 725 1707 753 nostrum
1740 723 1774 758 I.‚
1805 723 1893 753 tituli
1924 724 2034 754 Sancti
2064 724 2232 755 Laurentii
2259 726 2292 756 in

1279 775 1399 805 Lucina
1443 775 1656 814 presbiterum
1699 776 1907 810 cardinalem,
1953 776 2100 806 dedimus
2143 777 2292 816 partibus

1278 828 1470 858 auditorem.
1507 828 1595 859 Idem
1627 837 1704 858 vero
1736 829 1909 859 cardinalis
1941 829 1974 859 in
2008 838 2105 868 quem
2137 830 2292 870 magistri.

1279 880 1440 911 Radulfus
1462 881 1501 910 de
1518 881 1700 921 Fromoigh.
1718 884 1751 911 et
1773 881 1931 912 Ricardus
1954 882 1993 912 de
2015 882 2124 917 Herst,
2145 891 2294 922 procura-

1279 937 1364 964 tores
1385 935 1434 963 tui
1456 936 1489 964 et
1509 934 1654 972 ejusdem
1677 937 1866 969 conventus,
1889 935 2048 965 habentes
2070 944 2088 965 a
2110 937 2144 965 te
2165 944 2203 966 ac
2223 935 2293 975 ipso

1279 989 1453 1021 conventu,
1499 987 1531 1016 in
1561 987 1729 1026 questione
1759 988 1957 1026 hujusmodi,
1998 988 2039 1018 ad
2068 989 2232 1027 agendum
2260 990 2294 1018 et

1280 1040 1518 1070 defendendum
1536 1040 1672 1078 speciale
1689 1042 1723 1070 et
1739 1040 1772 1070 in
1791 1041 1941 1071 omnibus
1960 1041 2064 1071 causis
2082 1041 2147 1071 tuis
2164 1043 2198 1071 et
2215 1041 2294 1071 dicti

1280 1095 1459 1123 conventus
1487 1093 1529 1122 ad
1558 1093 1828 1131 componendum,
1858 1094 2087 1132 paciscendum
2115 1096 2148 1124 et
2176 1094 2292 1124 transi-

1279 1146 1430 1185 gendum,
1455 1146 1600 1184 generale
1624 1146 1790 1180 mandata,
1815 1148 1848 1176 et
1871 1147 2034 1185 predictus
2057 1147 2188 1178 auditor
2210 1149 2294 1178 tam·

1280 1208 1379 1238 quam
1403 1199 1435 1229 in
1461 1199 1620 1229 arbitrum
1645 1199 1883 1233 arbitratorem‚
1910 1200 2131 1230 ordinatorem
2156 1203 2190 1230 et
2213 1200 2293 1230 arni-

1281 1253 1415 1283 cabilem
1444 1252 1691 1291 compositorem
1718 1261 1814 1291 super
1840 1253 1989 1283 omnibus
2017 1253 2130 1288 causis,
2154 1252 2295 1292 questio-

1281 1306 1385 1340 nibus,
1406 1305 1527 1339 litibus,
1549 1305 1762 1335 controversis
1781 1307 1814 1334 et
1834 1305 1969 1344 querelis
1988 1306 2072 1336 inter
2084 1308 2117 1336 te
2130 1314 2168 1336 36
2191 1305 2294 1336 dictos

1282 1360 1479 1388 conventum
1497 1360 1530 1387 et
1548 1357 1686 1387 eundem
1705 1358 1886 1388 auditorem
1905 1358 2002 1388 motis
2020 1360 2054 1388 et
2073 1367 2135 1398 que
2162 1360 2294 1397 possent

1282 1411 1405 1440 moveri
1423 1410 1588 1440 occasione
1607 1410 1762 1448 predicta,
1783 1410 1821 1440 de
1839 1410 1906 1440 alto
1925 1412 1959 1440 et
1977 1410 2070 1440 basso
2087 1410 2294 1449 compromit—

1283 1465 1350 1493 tere
1376 1465 1581 1497 curarevunt,
1607 1471 1702 1501 super
1727 1463 1787 1492 hiis
1813 1463 1882 1502 ejus
1908 1463 2077 1497 sententie,
2093 1462 2293 1498 diffinitioni,

1284 1516 1469 1555 provisioni,
1506 1515 1711 1549 ordinationi,
1747 1517 1874 1545 statuto
1909 1515 2053 1549 arbitrio,
2091 1515 2293 1554 beneplacito

1284 1571 1317 1598 et
1342 1568 1505 1598 voluntati
1531 1577 1562 1597 se
1588 1568 1769 1597 voluntarie
1795 1568 2035 1602 submittentes,
2062 1570 2159 1607 prout
2183 1568 2216 1598 in
2241 1568 2293 1598 lit-

1282 1621 1359 1650 teris
1376 1620 1449 1650 inde
1478 1620 1631 1649 confectis
1648 1623 1681 1649 et
1705 1620 1804 1659 ipsius
1821 1621 1990 1650 cardinalis
2007 1630 2044 1650 ac
2061 1621 2221 1651 dictorum
2237 1629 2294 1651 au-

1284 1674 1397 1703 ditoris
1425 1676 1457 1702 et
1485 1673 1712 1712 magistrorum
1741 1673 1849 1712 sigillis
1877 1673 2011 1712 signatis
2039 1674 2164 1712 plenius
2192 1674 2294 1704 conti—

1284 1728 1387 1756 netur.
1411 1726 1469 1755 Cui
1489 1726 1589 1755 etiam
1611 1726 1812 1765 questionem
1834 1725 2020 1764 hujusmodi
2041 1735 2098 1764 per
2118 1726 2294 1757 ordinatio-

1284 1788 1367 1814 nem,
1395 1779 1621 1818 provisionem,
1649 1778 1915 1817 compositionem
1941 1781 1975 1808 et
2001 1778 2231 1809 diffinitionem
2255 1789 2294 1810 ac

1283 1832 1352 1862 aliis
1381 1832 1495 1866 modis,
1527 1834 1624 1870 prout
1653 1831 1681 1860 ei
1710 1831 1816 1860 visum
1833 1831 2030 1871 f[uerit](l)‚
2049 1832 2244 1862 terminandi
2259 1834 2293 1862 et

1282 1894 1378 1923 super
1410 1885 1522 1914 eadem
1555 1884 1723 1923 questione
1756 1884 1926 1913 ordinandi
1959 1886 1992 1913 et
2024 1884 2163 1914 faciendi
2195 1887 2293 1923 prout

1282 1937 1375 1968 libito
1402 1937 1592 1971 voluntatis,
1620 1945 1658 1966 ac
1684 1937 1855 1976 supplendi
1883 1936 2056 1971 defectum,
2084 1937 2184 1975 siquis
2211 1939 2291 1973 erat.

1281 1992 1314 2021 in
1333 1990 1496 2021 mandatis
1506 1989 1723 2029 predictorum
1734 1991 1988 2028 procuratorum,
2000 1989 2169 2028 specialem
2180 1991 2293 2020 contu-

1282 2044 1376 2073 limus
1385 2045 1592 2082 potestatem,
1601 2042 1830 2072 mandatorum
1840 2042 2056 2081 h[ujusmodi]
2068 2042 2148 2080 (2)...
2165 2042 2292 2080 supleto

1283 2095 1411 2125 defectu
1433 2098 1466 2125 et
1488 2095 1664 2134 questionis
1686 2095 1837 2133 premisse
1860 2095 1982 2124 meritis
2004 2094 2177 2124 summarie
2197 2094 2290 2130 intel-

1282 2149 1391 2183 lectis;
1416 2150 1448 2178 et
1471 2148 1599 2186 cognito
1623 2147 1709 2186 quod
1733 2147 1764 2176 in
1788 2147 1942 2186 premissa
1967 2147 2170 2176 ordinatione
2192 2146 2292 2186 ipsius

1283 2201 1400 2231 notarii
1419 2201 1603 2230 continetur
1633 2200 1719 2239 quod
1739 2200 1844 2230 dictus
1863 2200 2010 2230 officialis
2029 2199 2089 2229 tibi
2108 2208 2204 2238 super
2220 2208 2292 2238 pro-

1282 2254 1404 2283 visione
1429 2253 1489 2292 ipsi
1514 2253 1654 2282 auditori
1679 2252 1826 2282 facienda
1852 2253 2070 2282 committeret
2094 2252 2181 2282 vices
2205 2260 2290 2287 suas,

1282 2307 1431 2345 quamvis
1455 2306 1618 2345 predictus
1642 2305 1789 2335 officialis
1812 2305 1845 2334 id
1869 2308 1945 2334 ante
1970 2305 2105 2343 predicti
2129 2305 2292 2344 predeces-

1281 2359 1360 2389 soris
1391 2359 1517 2389 obitum
1549 2368 1612 2388 non
1645 2358 1773 2388 duxerit
1803 2358 2057 2396 adimplendum,
2090 2358 2128 2387 de
2159 2357 2288 2396 speciali

1282 2412 1438 2442 mandato
1457 2414 1566 2441 nostro
1585 2420 1681 2449 super
1699 2411 1759 2440 hoc
1777 2410 2000 2445 sententiavit,
2021 2409 2188 2444 diffinivit,
2208 2408 2291 2439 ordi-

1282 2465 1384 2499 navit,
1416 2464 1544 2498 statuit,
1576 2464 1729 2502 precepit,
1761 2466 1794 2492 et
1825 2463 2038 2492 amicabiliter
2068 2462 2290 2501 componendo

1281 2517 1386 2546 voluit
1407 2518 1440 2545 et
1461 2515 1632 2545 mandavit
1653 2524 1691 2544 ac
1713 2515 1751 2544 de
1781 2516 1894 2544 eodem
1927 2515 2083 2544 mandato
2105 2516 2139 2543 et
2160 2513 2288 2552 speciali

1282 2568 1477 2599 auctoritate
1503 2570 1612 2598 nostra
1638 2567 1781 2606 providit
1805 2567 1889 2596 inter
1913 2567 1975 2596 alia
2001 2566 2087 2605 quod
2113 2565 2289 2604 supradicti

1282 2621 1438 2651 auditoris
1470 2621 1611 2659 provisio
1645 2620 1704 2649 tibi
1738 2629 1793 2658 per
1827 2622 1952 2649 nostras
1985 2619 2109 2648 litteras
2143 2617 2290 2648 commit-

1282 2677 1382 2708 tatur,
1408 2676 1504 2712 prout
1529 2674 1560 2702 in
1586 2673 1801 2702 instrumento
1827 2672 1955 2711 publico
1979 2672 2053 2701 inde
2078 2670 2225 2700 confecto
2248 2670 2289 2700 si-

1281 2727 1391 2765 gillato
1413 2726 1513 2764 sigillo
1535 2726 1634 2764 ipsius
1656 2725 1825 2755 cardinalis
1847 2725 1971 2763 plenius
1992 2724 2186 2754 continetur.
2208 2722 2288 2753 Cum

1282 2781 1392 2809 autem
1416 2788 1482 2812 nos,
1506 2778 1571 2807 tuis
1594 2780 1626 2806 et
1649 2777 1727 2806 dicti
1750 2779 1929 2806 conventus
1952 2785 1988 2806 ac
2011 2776 2110 2814 ipsius
2133 2774 2289 2805 auditoris

1281 2830 1570 2870 supplicationibus
1584 2829 1739 2863 inclinati,
1756 2829 1841 2868 quod
1856 2837 1952 2867 super
1966 2829 2024 2858 hoc
2039 2828 2080 2857 ab
2095 2827 2207 2857 eodem
2221 2835 2289 2856 car-

1317 2923 1341 2980 ἑ.
1362 2921 1468 2985 {aaz}
1491 2957 1514 2980 lc
1540 2958 1597 2979 mot
1622 2957 1733 2980 suivant
1758 2960 1885 2984 marique,
1910 2953 2062 2983 egalement
2085 2952 2181 2977 ertace.
