2477 3512
175 264 236 296 108
870 255 1138 290 REGISTRES
1164 254 1516 288 D'ALEXANDRE
1546 254 1592 286 IV

173 370 261 401 sorte
292 367 509 403 vacaverint,
541 367 680 398 interim
711 366 828 398 omnia
858 364 1092 396 ecclesiastiea
1122 373 1175 394 sa-

172 426 351 455 cramenta
388 432 406 454 a
442 423 566 454 vicinis
601 422 772 464 episeopis
808 421 963 462 accipere
999 419 1104 451 libere
1139 422 1175 451 et

172 480 304 520 absque
334 478 613 509 contradictione
644 477 794 519 possitis,
825 476 871 507 sic
903 479 1020 507 tamen
1052 478 1101 511 ut,
1132 484 1176 506 ex

171 534 235 566 hoe
267 534 299 565 in
332 537 522 575 posterum,
555 533 702 574 propriis
732 531 904 573 episeopis
934 531 1068 562 nullum
1100 540 1175 572 prc-

171 590 341 630 judicium
384 592 578 628 generetur.
623 588 711 627 Quia
755 597 835 618 vero
877 587 1055 618 interdum
1098 596 1175 628 pro-

172 643 325 684 priorum
349 642 592 683 episcoporum
614 641 751 682 copiam
776 650 842 671 non
867 640 1015 675 hahetiS,
1038 640 1063 670 si
1087 649 1176 681 quos

171 696 352 737 episcopos
381 695 538 726 Romane
567 694 674 730 Sedis,
705 697 738 725 ut
770 693 933 730 diximus,
961 693 1112 733 gratiam
1139 695 1174 725 et

171 748 454 779 communionem
494 748 675 783 habentes,
715 750 746 778 et
788 747 829 778 de
868 746 996 787 quihus
1034 746 1174 787 plenam

172 801 335 832 notitiam
366 801 525 832 habeatis
553 810 613 842 per
639 810 702 831 vos
731 800 876 831 transire
904 799 1101 839 contigerit,
1130 799 1174 830 ab

171 855 218 886 eis
251 854 510 885 henedictiones
540 863 705 885 vasorum
736 856 767 884 et
801 853 965 889 vestium,
996 862 1178 884 consecra-

173 908 287 939 tiones
312 908 475 938 altarium
503 910 535 938 et
563 907 802 938 ordinationes
827 906 1030 937 clericorum
1056 908 1177 937 aueto-

174 961 278 992 ritate
320 961 519 1001 Apostolice
560 960 657 991 Sedis
698 960 847 1001 recipere
888 959 1046 991 valeatis.
1088 960 1174 991 Cum

173 1017 292 1045 autem
319 1014 478 1053 generale
505 1013 731 1045 interdictum
759 1016 825 1044 etc.
855 1023 962 1054 usque
989 1013 1175 1045 celebrare.

174 1067 304 1098 (lrisuia
331 1077 422 1103 vero,
448 1068 562 1098 oleum
587 1069 760 1101 sanctum,
786 1066 1065 1097 consecrationes
1089 1066 1177 1098 alta-

172 1120 260 1151 rium
293 1130 350 1150 seu
386 1120 604 1151 basilicarum
637 1123 666 1150 et
703 1120 941 1151 ordinationes
972 1119 1174 1151 clericorum

174 1173 232 1214 qui
262 1174 304 1204 ad
336 1173 473 1204 ordines
503 1173 629 1203 luerint
663 1173 903 1214 1›1·‹›111‹›x·‹=n‹1i‚
935 1183 953 1203 a
983 1173 1177 1204 diocesauis

173 1226 369 1267 suscipietis
404 1226 585 1267 episcopis,
623 1226 796 1266 siquidem
833 1226 996 1257 catholici
1033 1227 1174 1262 l'uerint,

173 1282 204 1310 et
231 1279 380 1319 gratiani
405 1282 436 1309 et
462 1279 745 1310 cominunionem
770 1282 992 1311 sacrosancte
1017 1279 1176 1311 Romane

174 1332 271 1363 Sedis
298 1332 484 1363 habuerint
510 1334 545 1363 et
570 1342 608 1363 ea
635 1332 735 1363 vohis
760 1332 937 1363 volueriut
962 1332 1035 1364 sine
1062 1333 1177 1374 pravi-

174 1387 248 1415 tate
283 1385 438 1425 quolihet
474 1385 648 1416 exhihere.
686 1384 916 1416 l'rohil)emus
951 1386 1092 1427 insuper
1126 1389 1175 1421 ut,

172 1438 261 1468 infra
293 1438 379 1469 sines
410 1438 691 1479 parroechiarum
722 1442 930 1475 vestrarum,
962 1439 1076 1470 nullus
1104 1439 1177 1470 sine

173 1500 314 1522 assensu
355 1491 530 1522 diocesani
570 1492 722 1533 episcopi
762 1495 792 1523 et
838 1494 965 1528 vestro,
1006 1492 1177 1534 capellam

173 1554 231 1575 seu
261 1544 453 1576 oratorium
483 1545 523 1576 de
552 1554 644 1576 novo
672 1547 873 1576 construere
902 1546 1043 1582 audeat,
1072 1546 1178 1577 salvis

174 1597 362 1638 privilegiis
388 1598 596 1638 pontificum
623 1598 877 1630 Romanorum.
902 1599 956 1629 Ad
981 1598 1043 1630 hec
1068 1609 1178 1630 novas

174 1652 207 1680 et
235 1650 410 1681 indebitas
436 1651 638 1681 exactiones
664 1652 708 1682 ah
735 1651 1004 1692 archiepiscopis
1030 1654 1063 1683 et
1090 1652 1179 1693 epis-

174 1703 280 1743 eopis,
309 1703 563 1734 archidiaconis
589 1714 646 1734 seu
676 1704 816 1735 decanis
843 1704 988 1746 aliisque
1015 1705 1179 1737 omnihus

174 1756 415 1787 ecclesiasticis
437 1757 696 1788 seculariluisve
719 1758 884 1798 personis,
907 1768 923 1788 a
948 1758 1047 1789 vohis
1068 1759 1179 1789 onini-

176 1819 219 1839 no
243 1809 314 1839 l'ieri
341 1810 576 1850 prohiiwnms.
603 1811 827 1851 Sepulturani
852 1821 992 1852 quoque
1014 1811 1049 1842 in
1072 1812 1178 1843 eccle-

174 1862 231 1892 siis
267 1863 391 1893 vestris
427 1863 571 1894 liberam
607 1873 679 1893 esse
716 1864 945 1900 decernimus,
984 1867 1022 1895 ut
1057 1874 1177 1896 eorum

174 1915 352 1945 devotioni
380 1919 444 1946 etc.
474 1926 582 1957 usque
608 1919 848 1947 assumuntur.
876 1917 1039 1948 Decimas
1065 1921 1178 1959 prete-

173 1977 229 1998 rea
262 1971 291 1998 et
331 1969 562 2009 possessiones
586 1970 629 2000 ad
652 1969 708 2010 jus
731 1970 955 2001 ecclesiarum
979 1973 1177 2003 vestrarum

173 2023 375 2062 spectantes
405 2031 471 2062 que
501 2032 518 2052 a
550 2022 645 2053 laicis
676 2023 890 2059 detinentur,
921 2023 1112 2055 redimendi
1144 2027 1179 2055 et

172 2073 326 2113 legitime
349 2074 519 2105 liberandi
544 2076 584 2106 de
608 2075 771 2106 manibus
793 2086 925 2111 eorum,
949 2079 984 2107 et
1006 2077 1049 2107 ad
1073 2078 1179 2108 eccle·

174 2127 242 2157 sias
267 2128 308 2157 ad
335 2136 423 2168 quas
449 2128 621 2168 pertinent
652 2129 850 2165 revocandi,
876 2129 983 2160 libera
1009 2129 1053 2161 sit
1078 2130 1179 2162 vobis

175 2180 216 2210 de
238 2183 354 2211 nostra
376 2181 590 2212 auctoritate
610 2182 771 2212 facultas.
794 2182 956 2213 (Jlieuute
977 2192 1058 2214 vero
1077 2191 1179 2223 gene-

174 2233 235 2263 rali
257 2233 359 2273 priori
379 2236 496 2264 vostro
515 2234 568 2265 vel
587 2244 730 2265 suorum
750 2235 909 2275 quolibet
927 2245 1177 2273 successorum,

175 2286 289 2316 nullus
316 2286 362 2316 ihi
390 2287 546 2328 qualihet
576 2288 640 2318 sul)
668 2288 831 2318 rectionis
859 2289 991 2319 astutia
1018 2298 1077 2320 seu
1106 2289 1180 2320 vio-

174 2338 280 2369 lentia
321 2343 547 2380 preponatur,
588 2340 650 2371 nisi
691 2349 795 2381 quem
836 2341 961 2372 fratres
999 2342 1178 2374 communi

175 2401 342 2422 consensu
374 2393 426 2423 vel
458 2402 577 2424 eorum
608 2393 721 2433 major
750 2403 830 2434 pars
858 2394 991 2425 consilii
1020 2395 1177 2431 sanioris,

174 2445 366 2475 secundum
394 2445 506 2477 Deum
529 2448 560 2477 et
588 2446 688 2476 Beati
715 2446 893 2477 Benedicti
919 2447 1073 2487 regulam
1099 2458 1177 2489 pro-

174 2497 322 2528 viderint
353 2499 562 2537 eligendum.
590 2499 670 2529 l'aci
699 2509 839 2540 quoque.
865 2503 900 2531 et
927 2501 1178 2541 tranquillitati

173 2553 288 2581 vostro
314 2554 379 2582 etc.
408 2561 515 2592 usque
537 2561 705 2583 exercere.
739 2552 897 2584 l’reterea
930 2563 1049 2585 omnes
1080 2554 1180 2585 liher-

174 2606 266 2634 tates
302 2607 335 2635 et
374 2604 616 2635 imniuuiti‘ites
653 2616 671 2635 a
710 2606 1012 2646 predecessorihus
1050 2607 1179 2637 nostris

176 2656 345 2688 Romanis
374 2658 601 2699 pontificibus
628 2658 710 2689 locis
740 2659 864 2689 vestris
891 2669 1073 2691 concessas
1102 2670 1180 2691 nec-

175 2720 243 2741 non
278 2710 459 2742 libertates
492 2713 526 2741 et
559 2711 802 2752 exemptiones
835 2712 1045 2744 secularium
1078 2723 1180 2744 exac-

175 2763 311 2795 tionum
335 2773 355 2794 a
378 2763 516 2805 regibus
539 2766 574 2794 et
598 2764 813 2805 principibus
837 2765 891 2796 vel
916 2765 992 2796 aliis
1015 2766 1179 2798 fidelihus

175 2816 432 2848 rationabiiiter
451 2816 552 2848 vohis
572 2817 728 2848 indultas
749 2818 962 2849 auctoritate
984 2820 1177 2859 apostolica

175 2869 426 2901 confirmamus
456 2872 491 2900 et
522 2870 692 2911 presentis
723 2871 842 2911 scripti
875 2870 1056 2912 privilegio
1087 2881 1180 2903 com-

176 2922 363 2953 munimus.
394 2922 622 2953 Decernimus
650 2931 730 2963 ergo
761 2926 797 2954 ut
828 2923 912 2955 nulli
942 2924 1085 2955 omnino
1113 2928 1180 2957 etc.

174 2983 284 3016 usque
314 2975 511 3016 protutura,
542 2976 639 3008 salva
671 2976 768 3007 Sedis
796 2976 999 3017 Apostolice
1029 2978 1180 3010 auctori-

1283 364 1369 397 tate,
1397 363 1430 392 et
1459 361 1728 392 diocesanorum
1754 359 2001 402 episcoporum
2027 361 2198 394 canonica
2222 361 2296 403 jus-

1286 414 1364 445 titia
1386 416 1417 445 et
1443 414 1474 445 in
1497 413 1711 455 supradictis
1731 412 1876 445 decimis
1896 413 2140 447 moderatione
2159 406 2295 447 concilii

1283 467 1464 507 generalis
1498 466 1531 498 si
1563 475 1632 508 qua
1663 466 1771 506 igitur
1800 465 1835 497 in
1866 465 2029 499 futurum
2059 466 2294 500 ecclesiastica

1282 520 1495 552 secularisve
1540 528 1690 561 persona
1718 521 1786 551 etc.
1819 528 1929 560 usque
1971 519 2109 552 ultioni.
2151 520 2296 554 Cunctis

1282 576 1402 605 autem
1429 576 1496 605 etc.
1526 582 1635 614 usque
1663 571 1859 604 inveniant.
1882 571 2007 611 Amen,
2035 582 2150 611 amen,
2178 583 2296 606 amen-

1286 627 1368 658 Dat.
1389 626 1547 666 Anagnie
1567 635 1627 667 per
1645 634 1790 657 manum
1810 625 1968 665 magistri
1986 625 2146 664 Jordani,
2166 626 2294 659 Sancte

1286 680 1445 711 Romane
1463 678 1615 710 Ecclesie
1633 678 1759 709 notarii
1775 680 1811 709 et
1827 678 2113 716 vicecancellarii.
2134 679 2208 712 1111
2222 679 2293 712 kal.

1285 733 1414 775 apriliS,
1436 732 1628 764 indictione
1653 732 1696 768 11,
1722 731 1980 763 Incarnationis
1999 732 2183 765 Dominice
2201 742 2295 765 anno

1286 786 1455 822 MCCLX,
1485 785 1717 827 pontificatus
1744 794 1827 816 vero
1855 784 1989 817 domini
2015 784 2207 818 Alexandri
2236 795 2301 828 pa·

1288 849 1328 881 pe
1356 839 1441 876 1111,
1466 848 1558 870 anno
1582 841 1694 870 sexto.
1721 851 1733 866 »

1368 1066 1456 1092 3082
1804 1064 1938 1098 Anagni,
1962 1064 1999 1091 12
2023 1064 2103 1091 avril
2128 1064 2216 1092 1260.

1327 1128 1428 1155 Aiano
1446 1128 1483 1155 de
1502 1127 1644 1159 Satn-eiu,
1662 1126 1765 1159 militi,
1783 1128 1815 1153 et
1832 1126 1950 1154 Aanori
1966 1126 2057 1154 uxori
2073 1126 2152 1160 eius,
2171 1125 2296 1154 Nanne-

1286 1173 1382 1200 tensis
1411 1172 1551 1203 diocesis,
1581 1172 1742 1205 dispensat
1769 1173 1805 1197 ut
1833 1170 1864 1197 in
1892 1170 2093 1198 matrimonio
2120 1172 2296 1204 contracto,

1288 1225 1348 1244 non
1373 1217 1522 1243 obstante
1546 1215 1831 1248 consanguinitate,
1856 1221 2016 1242 remanere
2040 1214 2172 1249 possint.
2197 1214 2296 1249 (Rea.

1287 1261 1336 1294 25,
1352 1261 1372 1287 t.
1388 1261 1446 1287 243
1461 1264 1507 1292 νο,
1523 1267 1573 1287 an.
1589 1259 1644 1291 VI,
1660 1267 1685 1286 e.
1701 1259 1764 1291 37.)

1333 1371 1345 1385 «
1366 1357 1479 1389 Alana
1498 1357 1537 1389 (Ie
1558 1356 1717 1398 Salsreio,
1739 1356 1854 1393 militi,
1876 1357 1905 1388 et
1925 1356 2069 1393 Aanori,
2093 1356 2191 1388 uxori
2210 1356 2297 1398 eJ'uS,

1288 1410 1519 1443 ,Vannetcnsis
1545 1410 1698 1442 diocesis.
1730 1410 1873 1441 Intenta
1899 1409 2023 1441 salutis
2050 1409 2215 1451 operibus
2241 1429 2297 1444 -——.

1291 1466 1371 1496 Dat.
1394 1464 1565 1505 Anagnie,
1593 1463 1624 1495 Il
1648 1463 1726 1494 idus
1748 1462 1878 1504 aprilis,
1902 1472 1995 1494 anno
2017 1465 2130 1494 sexto.
2154 1475 2166 1491 υ

1370 1685 1460 1711 3083
1805 1682 1940 1717 Anagni,
1964 1683 2001 1709 12
2024 1682 2103 1710 avril
2126 1682 2213 1710 1260.

1329 1747 1478 1781 Magistro
1498 1749 1529 1774 et
1549 1747 1699 1773 fratribus
1719 1746 1851 1773 militiae
1870 1746 1899 1773 S.
1920 1745 2043 1777 Jacobi‚
2063 1744 2183 1773 intuitu
2203 1745 2298 1773 devo-

1288 1792 1381 1819 tionis
1404 1791 1629 1822 Emmanuelis,
1652 1790 1791 1824 germani
1812 1790 1890 1824 regis
1912 1789 2076 1822 castellae,
2099 1789 2244 1816 concedit
2263 1790 2300 1817 ut

1288 1844 1410 1870 semper
1431 1843 1511 1862 unus
1533 1835 1620 1862 miles
1642 1835 1771 1861 idoneus
1793 1836 1824 1861 et
1846 1834 1947 1861 fidelis
1969 1834 2007 1860 de
2027 1834 2095 1868 ipso
2117 1833 2237 1866 ordine,
2258 1833 2298 1861 ad

1285 1880 1486 1907 insidendum
1503 1880 1534 1906 in
1551 1886 1659 1906 mensa
1677 1879 1813 1905 Romani
1830 1878 1990 1912 pontificis
2007 1878 2122 1905 debeat
2140 1878 2298 1912 deputari,

1286 1925 1331 1952 ita
1349 1925 1444 1958 quod,
1462 1924 1513 1950 illo
1531 1924 1661 1950 cedente
1678 1923 1728 1950 vel
1745 1923 1926 1955 decedente,
1944 1922 2022 1949 alius
2039 1922 2170 1949 idoneus
2187 1922 2296 1949 subro-

1287 1971 1386 2002 getur.
1401 1969 1498 2002 (Rea.
1515 1968 1563 2000 25,
1578 1968 1598 1995 f.
1615 1968 1673 1995 243
1688 1971 1735 2000 νο,
1750 1975 1799 1995 an.
1816 1967 1872 1999 VI,
1886 1975 1912 1994 c.
1927 1967 1990 2000 38.)

1333 2079 1345 2094 «
1375 2091 1394 2098 ..
1424 2065 1586 2107 maqistro
1615 2067 1643 2096 et
1669 2064 1838 2106 fratribus
1865 2064 1988 2096 militie
2017 2063 2135 2096 Sancti
2162 2063 2298 2102 Jacobi,

1289 2119 1500 2151 Devotionis
1544 2121 1661 2150 vestre
1705 2127 1851 2160 operosa
1894 2136 1950 2150 —-.
1996 2117 2079 2149 Dat.
2126 2117 2298 2159 Anagnie‚

1293 2173 1325 2204 II
1344 2173 1422 2204 idus
1440 2172 1569 2214 aprilis,
1588 2181 1682 2204 anno
1700 2174 1812 2203 sexto.
1833 2184 1845 2199 υ

1371 2392 1462 2418 3084
1806 2389 1941 2424 Anagni,
1965 2389 2002 2416 10
2024 2388 2103 2415 avril
2127 2387 2214 2415 1260.

1329 2454 1469 2481 ,Iohanni
1497 2454 1535 2480 de
1564 2453 1742 2485 Heslerton,
1772 2452 1884 2479 rectori
1912 2451 2058 2478 ecclesiae
2087 2450 2116 2477 S.
2147 2449 2232 2477 Petri
2259 2449 2298 2476 de

1287 2498 1502 2529 «Cokefend»,
1543 2497 1751 2524 Norwicensis
1785 2495 1926 2527 diocesis,
1961 2495 2000 2522 ad
2035 2493 2297 2529 supplicationem

1288 2542 1442 2577 praedicti
1460 2541 1685 2572 Emmanuelis,
1704 2540 1855 2568 Castellae
1873 2541 1904 2566 et
1922 2539 2064 2573 Legionis
2082 2538 2161 2572 regis
2178 2543 2298 2571 germa-

1289 2587 1330 2618 ni,
1357 2586 1499 2620 indulget
1524 2587 1571 2617 ut,
1598 2587 1722 2619 praeter
1748 2584 1901 2611 beneficia
1926 2582 2136 2610 ecclesiastica
2161 2588 2296 2616 quorum

1290 2631 1352 2656 duo
1373 2630 1596 2657 commendata
1618 2631 1648 2655 et
1670 2636 1769 2655 unum
1791 2628 1990 2654 intitulatum
2012 2626 2146 2657 obtinet,
2168 2625 2296 2652 unicum

1289 2675 1374 2701 aliud
1403 2673 1589 2700 beneficium
1619 2681 1689 2699 eum
1718 2680 1791 2700 cura
1820 2672 1996 2699 animarum
2024 2670 2158 2704 recipere
2185 2669 2294 2703 possit.

1289 2719 1385 2751 (Bm.
1404 2719 1452 2750 25,
1470 2718 1489 2744 f.
1508 2718 1565 2744 243
1583 2722 1629 2749 νυ,
1646 2725 1695 2744 an.
1714 2717 1768 2748 VI,
1786 2725 1810 2743 c.
1829 2716 1891 2749 39.)

1336 2832 1347 2847 ι(
1385 2819 1541 2851 Jolmnni
1579 2819 1618 2850 de
1656 2818 1844 2855 Heslerton,
1884 2816 2000 2848 rectori
2026 2815 2160 2847 ecclesie
2176 2815 2294 2848 Sancti

1288 2872 1380 2904 Petri
1410 2872 1448 2903 (ie
1479 2872 1659 2913 Cokesend,
1679 2870 1909 2903 Norwicensis
1934 2869 2088 2901 diocesis.
2120 2868 2218 2900 Licet
2251 2877 2293 2900 ne

1289 2925 1366 2967 quis
1399 2944 1452 2956 —.
1489 2925 1571 2957 Dat.
1605 2925 1775 2966 Anagnie‚
1814 2923 1886 2955 1111
1924 2922 2003 2954 idus
2039 2921 2159 2963 aprilis
2199 2930 2292 2953 anno

1288 2980 1401 3010 sexto.
1431 2991 1442 3006 u
