2477 3512
958 265 1230 312 CINQUIEME
1256 268 1421 305 ANNEE
2201 277 2243 308 45

175 389 188 405 «
214 376 391 409 Guillelmo
411 376 497 408 dicto
516 376 646 414 Attoni,
667 377 784 408 rectori
804 376 936 408 ecclesie
957 377 995 408 de
1018 377 1136 408 Turri-

131 429 202 466 bus,
235 429 440 461 Bilerrensis
471 429 623 466 diocesis,
659 429 788 461 Oblata
822 429 922 461 nobis
959 439 1003 461 ex
1033 433 1134 471 parte

135 485 195 514 tua
225 482 351 524 petitio
382 482 589 514 continebat
620 483 714 524 quod
744 482 853 514 felicis
883 483 1135 514 recordationis

135 535 361 567 Innocentius
392 545 495 576 papa,
528 535 751 576 predecessor
782 537 910 572 noster,
944 535 1033 567 bone
1064 545 1136 567 me—

132 588 240 619 morie
274 588 494 619 Narbonensi
529 587 789 629 archiepiscopo
824 588 1050 629 dispensandi
1084 591 1135 619 te-

133 650 213 672 cum
247 641 352 682 quod,
387 643 502 682 preter
534 640 782 672 canonicatum
814 641 1066 672 Bitterrensem
1100 643 1135 673 et

133 693 314 725 ecclesiam
343 694 384 725 de
412 693 578 727 Paolano.
605 693 813 725 Biterrensis
842 693 996 730 diocesis,
1027 704 1133 735 quam

1241 378 1412 410 adicimus
1433 380 1615 421 apostolici
1637 380 1842 411 muniminis
1864 380 2071 413 firmitatem
2092 384 2132 414 ut
2153 382 2241 415 inte-

1241 434 1375 463 merata
1411 432 1617 469 consistant,
1654 442 1734 464 cum
1770 435 1890 464 nostro
1924 434 2056 465 fuerint
2090 435 2240 476 presidio

1240 485 1469 516 communita.
1500 485 1607 517 Lecta
1636 485 1810 527 siquidem
1839 486 1939 517 nobis
1968 489 2085 519 vestra
2114 487 2239 529 petitio

1240 537 1446 569 continebat
1476 538 1569 580 quod
1599 548 1673 575 vos,
1704 538 1739 569 in
1768 538 1918 579 generali
1948 538 2103 580 capitulo
2132 541 2241 571 vestri

1240 590 1380 627 ordinis,
1408 591 1659 622 deliberatione
1686 591 1833 632 provida
1859 591 2036 623 statuistis
2061 594 2101 623 ut
2126 592 2241 625 nullus

1238 643 1388 674 fratrum
1416 644 1580 685 nullaque
1605 653 1763 675 sororum
1787 644 1896 675 vestri
1921 644 2051 676 ordinis
2075 655 2241 677 veneram

1186 698 1187 735 3
1238 696 1271 727 in
1296 696 1393 736 signo
1420 697 1555 728 deferat
1578 706 1637 728 seu
1661 696 1827 728 cukillam
1850 697 1914 728 nisi
1937 697 2056 735 frater,
2081 699 2241 730 sacerdos

132 748 217 778 tunc
248 746 414 783 habebas,
445 756 565 778 curam
596 746 793 777 animarum
824 746 1025 782 habentem,
1058 757 1135 788 pos·
1186 739 1187 793 i

133 808 186 830 ses
213 799 248 830 in
278 799 498 830 Narbonensi
527 798 708 840 provincia
734 799 876 830 unicum
905 798 999 831 aliud
1028 799 1135 831 eccle-

129 852 310 883 siasticum
341 851 550 883 beneficium
581 854 643 882 aut
673 854 902 892 personatum
932 852 987 883 vel
1023 852 1133 893 digni-

128 907 252 941 tatem,
287 905 393 936 etiam
427 904 453 935 si
487 904 634 935 similem
668 914 788 935 curam
822 904 966 936 haberet
999 908 1035 936 et
1067 906 1132 936 tibi

128 957 293 989 canonice
321 957 517 991 offerretur.
546 957 697 998 recipere
725 967 764 989 ac
792 957 931 993 habere,
960 959 1132 990 concessit

129 1010 194 1042 sub
219 1013 314 1042 certa
339 1010 451 1041 forma
477 1020 538 1051 per
562 1019 642 1041 suas
667 1010 803 1041 litteras
827 1011 1047 1047 facultatem,
1074 1012 1133 1053 qui

130 1066 249 1095 tecum
270 1073 374 1104 super
395 1063 459 1094 hoc
482 1063 723 1104 postmodum,
746 1064 955 1095 mandatore
978 1064 1131 1100 vivente,

124 1116 229 1157 juxta
264 1116 415 1147 formam
450 1115 516 1147 sibi
554 1116 737 1153 traditam,
776 1117 1005 1158 dispensavit.
1044 1118 1132 1157 Quia

127 1179 220 1206 vero,
265 1171 346 1211 post
390 1169 691 1210 dispensationem
735 1169 950 1210 hujusmodi,
995 1171 1132 1212 prefata

131 1221 274 1254 ecclesia
307 1222 348 1253 de
382 1222 536 1253 Paolano
570 1222 724 1258 dimissa,
759 1223 921 1264 recepisti
953 1222 1134 1255 ecclesiam

129 1276 170 1306 de
194 1275 363 1306 Turribus
386 1284 535 1316 eamque
552 1275 690 1306 disseris
707 1274 799 1316 (sic)
817 1275 985 1312 obtinere,
1011 1286 1052 1307 ne
1074 1286 1135 1318 per

127 1328 192 1359 hoc
213 1328 277 1359 tibi
298 1327 441 1369 aliquod
464 1327 697 1369 prejudicium
719 1328 795 1365 fiat,
822 1329 997 1370 provideri
1025 1329 1086 1360 tibi
1113 1339 1131 1360 a

130 1381 229 1412 nobis
257 1380 437 1412 humiliter
463 1381 680 1422 supplicasti.
710 1381 782 1411 Nos
809 1381 925 1421 igitur,
956 1381 1024 1412 tuis
1052 1392 1133 1423 sup-

127 1433 378 1475 plicationibus
400 1433 570 1469 inclinati,
595 1433 685 1464 veris
708 1433 942 1465 existentibus
965 1444 1031 1475 que
1056 1444 1133 1465 nar-
1184 1458 1186 1469 ,

131 1489 265 1523 rantur,
294 1486 400 1528 quod,
429 1489 546 1527 preter
571 1486 755 1517 ecclesiam
782 1486 895 1527 ipsam
923 1487 964 1518 de
992 1487 1133 1518 Turrui-
1184 1485 1186 1526 j

1184 1534 1185 1575 ἶ
1236 1544 1398 1574 sacerdos
1419 1543 1550 1574 ibidem
1572 1543 1606 1574 in
1629 1542 1805 1584 premissis
1827 1544 2132 1575 commendatores
2150 1543 2239 1574 exis-

127 1539 193 1571 bus
230 1539 317 1579 (sic)
353 1541 388 1570 et
422 1538 671 1574 canonicatum
705 1539 856 1570 eundem
892 1549 958 1580 que
993 1539 1132 1571 obtines

127 1592 231 1633 juxta
263 1594 421 1623 tenorem
453 1594 489 1622 et
520 1591 672 1623 formam
704 1592 977 1633 dispensationis
1010 1593 1130 1634 hujus-

126 1645 221 1676 modi
252 1644 317 1675 tibi
348 1644 452 1681 facte,
485 1643 579 1675 aliud
612 1644 822 1676 beneficium
854 1645 1130 1677 ecclesiasticum

127 1698 277 1739 recipere
312 1697 431 1729 valeas
466 1700 501 1729 et
537 1707 606 1729 una
642 1707 723 1729 cum
759 1698 807 1729 eis
841 1698 934 1729 licite
969 1698 1129 1737 retinere,

129 1751 343 1783 auctoritate
380 1750 445 1781 tibi
482 1750 698 1792 presentium
735 1751 902 1782 duximus
938 1752 1131 1783 conceden-

124 1805 220 1836 dum.
245 1804 341 1835 Nulli
365 1806 482 1835 nostre
505 1803 736 1835 concessionis
759 1807 825 1835 etc.
850 1804 932 1842 Dat,
957 1805 1128 1846 Anagnie,

124 1857 198 1889 XII
223 1856 292 1888 kal.
317 1856 403 1897 julii,
430 1866 522 1888 anno
548 1857 684 1898 quinto.
712 1870 725 1885 »

199 2043 282 2069 2901
655 2044 789 2077 Anagni‚
815 2045 850 2071 17
873 2045 935 2071 mai
961 2046 1047 2072 1259.

159 2096 279 2123 Abbati
309 2098 340 2123 et
370 2097 508 2130 capitulo
539 2097 685 2123 secularis
716 2097 861 2124 ecclesiae
894 2098 922 2124 S.
954 2099 1127 2131 Affrodisii,

118 2140 303 2168 Biterrensis
334 2142 465 2167 mandat
498 2143 532 2167 ut
566 2141 716 2167 Poncium
749 2142 950 2175 Audeguerii,
983 2143 1128 2170 clericum

116 2185 335 2217 Biterrensem‚
367 2186 398 2212 in
429 2186 616 2212 canonicum
647 2186 799 2219 recipiant
831 2187 921 2220 eique
952 2187 989 2213 de
1021 2187 1127 2221 aliqua

118 2229 299 2264 praebenda
319 2229 517 2263 provideant.
540 2230 636 2263 (Bm.
659 2230 707 2262 25,
729 2230 750 2256 f.
773 2231 842 2262 210,
864 2238 914 2257 an.
937 2231 974 2263 V,
996 2239 1021 2258 c.
1046 2232 1127 2266 137.)

165 2331 178 2347 «
211 2343 230 2350 ..
264 2318 379 2350 abbati
411 2321 438 2350 et
470 2319 619 2360 capitulo
649 2319 812 2351 secularis
844 2320 976 2353 ecclesie
1009 2321 1125 2354 Sancti

120 2371 305 2413 Alsrodisii
341 2372 556 2404 Biterrensis.
595 2372 760 2404 Volentes
797 2373 925 2405 dilecto
960 2374 1034 2406 filio
1072 2395 1124 2406 ἡ.

121 2425 204 2457 Dat.
231 2425 401 2466 Anagnie,
430 2425 515 2456 XVI
542 2425 610 2457 kal.
636 2425 737 2466 junii,
764 2436 856 2458 anno
883 2427 1019 2468 quinto.
1047 2440 1059 2456 n

199 2602 288 2628 2902
633 2602 768 2636 Anagni,
791 2603 808 2629 6
830 2602 932 2636 Juillet
956 2603 1043 2630 1259.

160 2655 308 2689 Magistro
330 2657 361 2682 et
383 2655 534 2681 universis
556 2655 706 2682 fratribus
727 2656 844 2682 ordinis
866 2656 996 2682 militiae
1018 2656 1047 2683 S.
1071 2657 1125 2683 Ja-

120 2700 190 2726 cobi
210 2700 366 2734 quaedam
386 2702 509 2726 statuta
529 2700 566 2726 ‹le
586 2700 735 2726 fratribus
756 2710 766 2723 «
785 2707 932 2727 veneram
953 2708 1006 2727 seu
1029 2701 1125 2727 cukil-

120 2744 182 2770 lam
208 2754 218 2767 n
243 2744 444 2778 portantibus
469 2744 645 2770 confirmat.
672 2744 768 2777 (Hm.
795 2745 843 2776 25,
869 2745 890 2771 f.
917 2745 986 2776 210,
1012 2752 1060 2771 an.
1089 2745 1125 2778 V,

120 2796 145 2815 c.
169 2789 249 2822 138.)

165 2891 176 2903 «ι
199 2904 218 2910 ..
240 2879 400 2920 maqistro
421 2880 448 2910 el
470 2879 637 2910 uniuersis
656 2879 822 2920 fratribus
842 2879 974 2911 ordinis
1003 2879 1124 2911 militie

121 2932 237 2963 Sancti
280 2932 414 2963 Jacobi.
459 2932 535 2963 lliis
577 2942 643 2973 quc
686 2932 851 2971 religiosis
893 2933 1048 2973 personis
1090 2933 1122 2963 in

120 2985 299 3025 religionis
338 2985 494 3016 favorem
535 2985 679 3026 provide
718 2987 937 3021 statuuntur,
978 2986 1127 3017 libenter

1238 749 1293 780 vel
1326 749 1424 781 miles
1455 752 1490 780 et.
1522 759 1619 780 soror
1651 749 1693 780 de
1725 749 1869 781 militari
1901 758 2023 790 genere
2068 751 2241 792 procreati

1238 802 1380 838 fuerint,
1406 805 1439 833 et
1465 802 1558 843 quod
1585 802 1733 843 predicti
1757 802 1883 833 fratres
1907 802 2110 843 hujusmodi
2134 803 2243 835 cukil-

1238 854 1308 886 lam
1340 864 1399 886 seu
1430 864 1597 886 veneram
1628 854 1663 886 in
1694 854 1792 895 signo
1824 857 2007 896 portantes
2037 855 2108 887 sint
2138 856 2241 898 primi

1238 907 1273 938 in
1302 908 1418 944 choro,
1449 907 1679 949 processione,
1709 907 1866 949 capitulo
1895 910 2003 949 atque
2033 918 2164 945 mensa,
2194 911 2240 946 et,

1239 970 1317 991 cum
1347 960 1499 1002 aliquem
1528 960 1681 1001 ipsorum
1711 960 1897 1001 contigerit
1925 961 1968 991 ad
1998 961 2153 1002 aliquam
2181 961 2242 993 do-

1239 1024 1336 1044 mum
1367 1013 1475 1045 vestri
1506 1013 1636 1044 ordinis
1667 1013 1859 1054 pervenire,
1892 1013 1983 1044 idem
2016 1014 2048 1044 in
2080 1014 2241 1055 expensis

1238 1066 1418 1103 faciendis,
1448 1066 1481 1097 in
1510 1066 1650 1097 licentia
1680 1066 1808 1101 danda,
1838 1066 1871 1097 in
1900 1066 2075 1107 loquendo
2103 1070 2138 1098 et
2166 1066 2241 1098 aliis

1237 1122 1272 1150 et
1303 1120 1455 1150 tenendo
1485 1119 1681 1160 capitulum
1712 1119 1745 1149 in
1777 1119 1899 1150 eadem
1931 1120 2035 1150 domo
2065 1129 2242 1151 commen-

1239 1173 1342 1203 dator
1366 1172 1507 1208 existat,
1536 1172 1728 1203 dummodo
1754 1172 2023 1203 commendator
2048 1172 2156 1214 ipsius
2182 1173 2241 1204 ‹lo-

1239 1235 1316 1256 mus
1342 1235 1508 1256 veneram
1536 1235 1604 1255 non
1632 1225 1764 1256 deferat
1793 1235 1852 1256 seu
1880 1225 2057 1256 cukillam.
2086 1225 2186 1264 Quod
2214 1226 2241 1256 si

1240 1279 1308 1310 duo
1348 1288 1391 1309 ex
1431 1278 1514 1319 ipsis
1554 1277 1721 1309 fratribus
1761 1278 1937 1319 predictas
1976 1277 2141 1309 cukillani
2181 1288 2239 1310 seu

1238 1341 1403 1363 veneram
1432 1333 1626 1372 portantes,
1656 1340 1805 1372 quorum
1835 1341 1924 1362 unus
1952 1332 2123 1368 sacerdos,
2152 1330 2241 1363 alter

1238 1394 1320 1416 vero
1357 1384 1454 1415 miles
1490 1384 1656 1420 existant,
1694 1383 1833 1415 insimul
1871 1385 1914 1415 ad
1952 1394 2059 1416 unam
2095 1384 2239 1416 domum

1239 1437 1369 1468 ordinis
1410 1437 1636 1478 pervenerint
1676 1437 1881 1478 supradicti,
1930 1437 1957 1469 si
1999 1438 2124 1469 domus
2164 1437 2238 1479 ipsa

1238 1490 1387 1521 fratrum
1411 1490 1515 1521 fuerit
1539 1489 1719 1526 laicorum,
1744 1490 1853 1527 miles,
1873 1490 1899 1521 si
1917 1500 1998 1521 vero
2022 1490 2237 1527 clericorum,

1236 1598 1317 1627 tant
1340 1596 1423 1627 dum
1447 1596 1705 1637 permanserint
1725 1595 1761 1626 in
1783 1596 1917 1632 eadem,
1949 1598 1983 1627 et
2006 1596 2101 1637 quod
2124 1596 2239 1627 nullus

1236 1649 1345 1691 ipsius
1368 1648 1499 1680 ordinis
1521 1648 1640 1685 frater,
1666 1650 1857 1690 postquam
1880 1648 1914 1679 in
1937 1658 1977 1680 eo
2001 1658 2062 1690 per
2084 1648 2239 1690 quinque

1236 1712 1347 1733 annos
1375 1701 1524 1738 steterit,
1555 1711 1701 1733 uxorem
1729 1700 1880 1743 recipere
1909 1701 2043 1743 possit;
2073 1701 2239 1743 quodque

1236 1755 1367 1786 nemini
1406 1764 1450 1786 ex
1488 1754 1616 1786 vestris
1655 1753 1835 1791 fratribus,
1877 1753 1941 1785 nisi
1982 1754 2080 1785 miles
2119 1753 2235 1790 fuerit,

1235 1808 1378 1849 aliquod
1419 1810 1576 1839 castrum
1617 1808 1661 1839 ad
1702 1807 1819 1849 ipsum
1861 1807 2018 1839 ordinem
2060 1807 2239 1849 pertinens

1235 1862 1429 1893 tenendum
1462 1861 1517 1892 vel
1550 1860 1823 1892 custodiendum
1855 1860 1900 1892 ab
1933 1870 1973 1891 eo
2014 1860 2238 1901 aliquatenus

1235 1914 1493 1946 committatur.
1526 1913 1640 1953 Quare
1670 1913 1770 1944 nobis
1800 1913 1981 1944 humiliter
2009 1913 2235 1955 supplicastis

1236 1970 1275 1999 ut
1305 1969 1443 1999 statuta
1473 1966 1548 2008 ipsa
1579 1966 1787 1998 confirmare
1819 1967 1861 1998 de
1891 1965 2109 2007 benignitate
2141 1966 2238 1998 Sedis

1234 2020 1436 2062 Apostolice
1460 2029 1672 2051 curaremus.
1699 2019 1772 2050 Nos
1796 2019 1928 2061 itaque,
1954 2019 2080 2050 vestris
2105 2019 2237 2060 suppli-

1234 2073 1433 2106 cationibus
1456 2072 1626 2109 inclinati,
1651 2075 1788 2104 statuta
1813 2072 2015 2113 hujusmodi
2040 2072 2130 2103 sicut
2153 2075 2236 2103 sunt

1233 2126 1386 2159 salubria
1417 2129 1453 2158 et
1484 2126 1643 2162 honesta,
1675 2128 1753 2157 rata
1785 2125 1956 2156 habentes
1986 2127 2022 2156 et
2052 2127 2163 2166 grata,
2196 2135 2236 2157 ea

1233 2179 1447 2212 auctoritate
1481 2178 1675 2220 apostolica
1710 2178 1961 2209 confirmamus
1995 2180 2031 2209 et
2066 2178 2236 2219 presentis

1233 2233 1352 2275 scripti
1379 2232 1572 2274 patrocinio
1598 2232 1868 2263 communimus.
1895 2231 1989 2262 Nulli
2014 2233 2131 2262 nostre
2155 2241 2236 2263 con-

1232 2286 1443 2318 firmationis
1482 2288 1548 2316 etc.
1591 2286 1672 2316 Dat.
1713 2285 1882 2325 Anagnie,
1928 2284 1958 2315 ΙΙ
2000 2294 2109 2315 nonas
2147 2284 2233 2325 julii.

1231 2351 1323 2371 anno
1348 2339 1482 2380 quinto.
1510 2352 1520 2366 υ

1310 2542 1397 2567 2903
1745 2539 1878 2572 Anagni,
1903 2539 1919 2565 7
1941 2538 2041 2571 juillet
2067 2537 2152 2563 1259.

1270 2595 1418 2626 Jobanni,
1450 2594 1599 2620 canonico
1632 2593 1828 2623 Moraviensi,
1861 2591 2001 2624 indulget
2034 2592 2079 2621 ut,
2111 2591 2235 2624 praeter

1229 2640 1388 2667 ecclesiam
1413 2639 1449 2664 de
1481 2638 1595 2671 Dufrys
1618 2645 1723 2663 curam
1747 2637 1923 2663 animarum
1946 2636 2125 2665 habentem,
2150 2633 2234 2660 alind

1229 2684 1416 2711 beneficium
1444 2682 1698 2713 ecclesiasticum,
1726 2682 1929 2715 personatum
1957 2680 2005 2706 vel
2034 2679 2233 2711 dignitatem,

1229 2729 1324 2755 etiam
1346 2735 1415 2753 cum
1438 2727 1529 2753 simili
1550 2734 1634 2755 cura,
1656 2726 1685 2751 in
1708 2731 1800 2757 regno
1823 2725 1944 2750 Scotiae
1966 2724 2098 2756 recipere
2121 2722 2230 2755 possit.

1229 2774 1324 2807 (Rau.
1344 2772 1392 2803 25,
1410 2772 1430 2797 f.
1450 2772 1517 2802 210,
1536 2778 1584 2797 an.
1607 2770 1641 2801 V,
1659 2778 1685 2796 c.
1705 2770 1784 2802 139.)

1277 2892 1289 2906 ι(
1315 2877 1482 2914 .]οΙι(ιηηί,
1510 2876 1624 2907 rectori
1652 2875 1782 2907 ecclesie
1808 2875 1846 2906 (le
1870 2874 2007 2915 Dusfys,
2037 2871 2233 2904 Moruuien-

1228 2931 1276 2962 sis
1299 2931 1450 2967 diocesis,
1474 2930 1634 2960 canonico
1657 2928 1881 2960 Moruuiensi.
1906 2928 2002 2958 Licet
2026 2937 2065 2957 ne
2090 2925 2166 2966 quis
2178 2944 2232 2956 ᾖ.

1233 2984 1314 3014 Dat.
1345 2983 1511 3023 Anas-gnie,
1541 2982 1640 3012 nonis
1665 2982 1751 3022 julii,
1780 2991 1871 3012 anno
1899 2981 2034 3021 quium.
2065 2992 2075 3004 ⁰
