2477 3512
221 266 264 298 22
920 263 1188 298 REGISTRES
1215 264 1567 297 D’ALEXANDRE
1596 264 1644 297 IV

223 370 296 402 «tis
318 370 482 402 omnibus
503 370 665 412 expensis
686 373 719 401 ct
743 370 917 406 oneribus,
942 370 1084 402 valcant
1106 371 1227 412 hujus-

222 425 345 457 «modi
379 428 522 457 centum
556 428 587 456 et
625 425 808 465 sexaginta
844 425 1013 456 librarum
1047 426 1226 458 'l'uronen-

222 480 339 512 «sium
358 481 528 517 redditus,
549 480 742 512 secundum
762 480 1032 512 extimationem
1053 481 1226 513 bonorum

222 546 233 561 «
249 534 404 565 virorum
422 534 465 565 ad
484 533 596 575 ipsam
614 533 884 564 extimationem
901 533 1100 565 faciendam
1119 534 1226 576 ‹lepu-

221 586 437 617 «tandorum
471 596 490 617 a
526 586 636 622 nobis,
671 586 904 618 concedentes
937 588 972 617 et
1006 586 1226 627 assignantes

220 649 289 670 «ex
320 649 411 670 nunc
443 638 526 680 ipsis
557 639 690 676 abbati,
723 639 915 671 conventui
945 642 980 670 et
1011 640 1224 672 monasterio

219 691 539 727 «Molismensibus,
566 691 608 723 de
633 692 815 728 mandam,
842 694 1021 733 potestate
1045 694 1078 723 et
1104 695 1226 724 aucto-

219 744 351 776 «ritate
384 744 562 786 predictis,
596 744 778 786 grangiam
812 745 854 776 de
888 745 1011 781 Ulmis,
1045 745 1225 777 'l'recensis

218 797 402 834 «diocesiS‚
431 807 512 828 cum
539 797 652 834 terris,
682 797 970 839 possessionibus,
1002 798 1112 835 bonis,
1140 798 1225 839 juri-

217 850 309 882 «bns
344 853 380 881 et
414 850 637 892 pertinentiis
671 850 743 882 suis
779 860 818 882 ac
854 851 1027 882 fructibus
1062 861 1105 882 ex
1140 851 1224 893 ipsis

216 903 308 934 «hoc
341 913 432 934 anno
466 903 768 945 provenientibus,
802 904 845 935 ad
879 903 1014 935 dictum
1048 907 1223 936 monaste-

215 956 332 987 «rium
363 958 596 998 spectantem,
628 958 664 988 et
694 956 925 988 investientes
956 957 1069 989 dictos
1100 967 1223 999 procu-

215 1021 227 1037 «
242 1011 376 1040 ratores
399 1009 640 1040 Molismenses
665 1009 925 1051 presentialiter
949 1010 990 1041 de
1014 1010 1156 1048 eisdem,
1182 1020 1221 1043 ac

215 1062 479 1098 «decernentes,
523 1061 729 1094 ordinantes
771 1065 806 1094 et
856 1063 1083 1104 providentes
1126 1065 1220 1105 quod

214 1114 400 1146 «redditus
422 1115 532 1156 ipsius
555 1114 709 1156 grangie,
734 1117 920 1152 terrarum,
948 1116 1219 1157 possessionum,

214 1167 383 1208 «jurium,
424 1168 597 1199 bonorum
636 1170 671 1199 et
710 1168 1008 1209 pertinentiarum
1046 1169 1121 1210 ejus
1161 1181 1222 1212 per

214 1220 356 1251 «dictos
378 1220 489 1252 bonos
511 1220 605 1251 viros
627 1220 855 1257 extimelitur,
880 1224 915 1252 et
937 1222 1107 1259 redditus,
1132 1233 1220 1264 quos

216 1274 436 1304 «secundum
468 1273 737 1305 extimationem
770 1274 926 1315 ipsorum
959 1275 1092 1306 valebit
1125 1276 1219 1308 dicta

212 1326 383 1367 «grangia
413 1336 493 1357 cum
524 1326 634 1363 bonis,
664 1326 802 1367 juribus
831 1330 866 1358 et
895 1327 1118 1369 pertinentiis
1146 1330 1218 1362 suis

212 1379 437 1415 «annuatim,
465 1379 625 1411 deductis
650 1379 814 1411 omnibus
840 1380 1004 1412 oneribus
1029 1384 1063 1413 et
1088 1392 1218 1424 expen-

214 1432 296 1469 «sis,
342 1432 376 1463 in
421 1442 559 1464 summa
604 1432 780 1464 dictorum
824 1433 1028 1465 reddituum
1073 1438 1217 1468 centum

211 1488 274 1516 «et
304 1485 488 1526 sexaginta
518 1485 689 1517 librarum
720 1486 978 1518 Turonensium
1009 1491 1217 1530 computen-

210 1541 306 1570 «tur.
336 1538 384 1570 Et
413 1538 581 1580 quicquid
610 1538 759 1570 defuerit
791 1540 832 1571 de
862 1539 956 1571 dicta
986 1550 1125 1573 summa
1155 1552 1216 1584 per

211 1591 379 1622 «easdem
414 1591 615 1633 priorissam
650 1595 683 1623 et
720 1595 936 1624 conventum
972 1593 1061 1625 infra
1096 1595 1216 1627 termi-

210 1656 223 1672 κ
238 1654 323 1675 num
345 1645 576 1676 statuendum
599 1654 618 1676 a
641 1645 741 1676 nobis
762 1646 980 1687 suppleatur,
1003 1649 1039 1678 et
1060 1648 1214 1689 suppleri

210 1697 365 1728 «debeat
393 1697 523 1729 eisdem
551 1698 685 1734 abbati,
714 1699 905 1730 conventui
936 1702 969 1731 et
999 1701 1212 1733 monasterio

208 1750 518 1782 «Molismensibus
549 1752 590 1782 de
620 1751 696 1782 aliis
726 1751 837 1788 terris,
869 1752 1147 1794 possessionibus
1176 1757 1212 1786 et

207 1803 336 1834 «bonis
381 1804 539 1844 ejusdem
584 1804 822 1836 Andeciarum
868 1807 1072 1837 monasterii
1119 1807 1211 1839 dicte

207 1856 375 1897 «grangie
399 1856 720 1898 propinquioribus,
746 1860 781 1889 et
806 1858 850 1889 ab
875 1858 971 1890 omni
996 1859 1210 1900 obligatione

208 1909 460 1946 «creditorum,
490 1912 523 1941 et
553 1919 778 1951 quacumque
805 1910 873 1942 alia
900 1911 1017 1943 liberis
1044 1915 1079 1944 et
1106 1922 1211 1955 expe-

206 1974 219 1989 «
235 1961 317 1993 ditis
335 1961 441 2002 juxta
462 1962 732 1995 extimationem
754 1963 1007 2004 predictorum,
1030 1965 1079 1997 ita
1101 1966 1208 2007 quod,

206 2016 427 2046 «secundum
471 2015 743 2048 extimationem
787 2026 919 2054 eorum,
964 2018 1049 2050 dicti
1093 2019 1210 2050 Molis-

205 2077 368 2099 «menses
406 2068 440 2100 in
481 2072 693 2110 perpetuum
732 2070 889 2101 habeant
927 2073 963 2102 et
1002 2072 1207 2113 percipient,

204 2123 267 2152 «et
300 2121 427 2152 habere
461 2124 496 2153 et
529 2122 706 2164 percipere
739 2122 894 2160 valeant,
932 2124 1096 2156 omnibus
1129 2135 1209 2157 one-

203 2173 327 2205 «ribus
355 2177 390 2206 et
417 2175 579 2216 expensis
607 2176 779 2213 deductis,
810 2177 851 2208 de
880 2177 974 2208 (licta
1002 2178 1145 2219 grangia
1173 2181 1209 2210 et

203 2226 306 2258 «aliis
342 2227 442 2259 bonis
478 2229 682 2260 monasterii
718 2230 967 2267 Andeciarum,
1005 2231 1105 2263 annis
1141 2232 1209 2263 sin-

205 2279 330 2321 «gulis,
360 2280 493 2322 integre
526 2281 657 2313 dictam
686 2292 887 2320 summam;
918 2284 1084 2325 quodque
1116 2285 1208 2317 dicte

203 2332 394 2375 «priorissa
428 2337 463 2365 et
497 2338 694 2366 conventus
728 2345 768 2367 ae
803 2337 1057 2369 monasterium
1092 2338 1209 2370 Ande—

205 2385 365 2417 «ciarum
393 2389 582 2418 teneantur
607 2391 643 2419 et
670 2389 823 2420 debeant
850 2399 910 2431 per
937 2390 1120 2422 dominum
1147 2401 1207 2423 seu

205 2439 394 2471 «dominos
423 2440 622 2481 spirituales
652 2444 687 2473 et
719 2443 928 2484 temporales
956 2443 991 2474 in
1022 2444 1123 2485 cujus
1152 2445 1207 2476 vel

204 2504 217 2520 «
232 2501 382 2533 quorum
403 2494 560 2533 guardia,
581 2494 734 2535 justicia,
757 2496 897 2527 censiva
919 2496 974 2528 vel
996 2507 1207 2540 quocunque

203 2544 298 2576 «alio
320 2545 474 2577 dominio
495 2550 589 2584 sunt,
612 2548 706 2579 dicta
727 2549 870 2589 grangia
891 2551 927 2580 et
946 2549 1024 2590 jura
1045 2553 1080 2582 et
1101 2551 1207 2592 perti-

203 2598 348 2630 «nentie
374 2599 450 2640 ejus
476 2610 536 2641 per
562 2610 624 2632 nos
649 2611 812 2633 concessa
838 2605 873 2634 et
899 2603 1076 2644 assignata
1104 2605 1206 2637 dictis

202 2650 512 2684 «Molismensibus
556 2656 591 2685 et
635 2654 766 2685 suerint
812 2658 912 2693 terre,
958 2657 1203 2698 possessiones,

202 2716 215 2733 α
230 2704 322 2736 bona
344 2708 379 2737 et
399 2705 478 2747 jura
501 2716 568 2748 que
590 2717 651 2749 pro
674 2708 840 2749 predictis
861 2709 987 2741 annuis
1009 2711 1205 2743 redditibus

203 2758 467 2790 «concedentur
508 2762 544 2791 et
587 2760 862 2801 assignabuntur
904 2762 1046 2799 eisdem,
1090 2764 1203 2796 facere

202 2811 377 2853 «propriis
408 2812 571 2854 expensis
602 2813 693 2845 infra
725 2814 916 2846 terminum
949 2825 968 2846 a
1001 2816 1101 2848 nobis
1133 2820 1204 2849 sta—

202 2864 413 2901 «tuendum,
434 2865 571 2897 laudari
592 2867 851 2899 concessionem
872 2871 907 2899 et
929 2868 1202 2910 assignationem

201 2927 214 2944 α
229 2916 443 2957 hujusmodi,
465 2921 501 2950 et
520 2918 568 2951 eis
588 2929 769 2952 assensum
790 2921 938 2962 prestari
959 2932 1020 2963 per
1039 2925 1203 2964 patentes

201 2969 363 3003 «litteras
384 2971 586 3010 eorundem,
610 2982 649 3005 ac
672 2983 792 3006 omncs
814 2974 970 3007 actiones
991 2978 1025 3007 ct
1048 2976 1203 3008 rationes

1282 376 1285 396 i

1282 403 1284 412 r

1338 386 1347 396 ιι
1367 371 1469 402 utiles
1492 374 1527 402 ct
1551 371 1713 408 directas,
1738 371 1847 402 reales
1871 374 1905 403 et
1930 371 2130 413 personales
2153 374 2188 404 et
2213 372 2344 404 mixtas

1337 426 1447 467 «ipsis
1481 426 1652 467 priorisse,
1687 426 1878 457 conventui
1910 429 1946 458 et
1979 426 2191 458 monasterio
2224 427 2341 458 Ande-

1337 481 1497 512 «ciarum
1534 484 1778 522 competentes
1813 484 1847 512 et
1883 481 2139 522 competituras
2173 481 2208 512 in
2245 481 2340 514 dicta

1338 534 1507 575 «grangia
1533 534 1678 576 ejusque
1702 534 1840 574 juribus
1863 536 1898 565 et
1923 534 2145 576 pertinentiis
2169 537 2204 566 et
2228 534 2340 572 terris,

1337 587 1654 629 «possessionibus,
1682 587 1783 618 bonis
1808 589 1843 618 et
1869 587 2006 628 juribus
2033 586 2252 628 assignandis
2278 597 2341 629 pro

1337 640 1447 682 «ipsis
1478 640 1686 677 redditibus,
1718 643 1754 672 et
1785 639 1902 672 onmia
1935 639 2115 681 privilegia
2147 643 2181 672 et
2213 640 2343 672 instru-

1335 696 1483 725 «menta
1513 704 1580 735 que
1608 703 1713 735 super
1741 693 1826 735 ipsis
1854 693 1998 730 habent,
2029 693 2196 735 predictis
2224 692 2342 726 Molis-

1335 746 1543 778 «mensibus
1579 746 1770 778 concedere
1806 748 1841 777 et
1877 746 2052 783 exhibere,
2091 755 2226 778 necnon
2263 756 2343 788 pro-

1335 799 1505 831 «mittere
1531 802 1567 831 et
1593 810 1628 831 se
1654 799 1720 831 sibi
1747 798 1901 839 obligare
1926 808 1988 840 per
2014 801 2178 841 patentes
2203 799 2341 832 litteras

1335 852 1519 884 «munitas
1546 852 1665 894 sigillis
1692 852 1849 894 ipsarum
1878 851 2039 893 priorisse
2067 854 2103 883 et
2130 854 2339 890 conventus,

1334 905 1494 937 «dictam
1526 905 1719 946 grangiam,
1750 905 1830 946 jura
1860 908 1896 937 et
1927 904 2162 947 pertinentias
2191 905 2268 947 ejus
2298 914 2339 938 ac

1333 961 1482 995 «terras,
1520 959 1766 1000 possessiones,
1803 958 1896 989 bona
1932 961 1967 990 et
2001 958 2080 999 jura
2117 957 2235 990 omnia
2270 968 2339 1000 que

1333 1011 1637 1053 «assignabuntur
1671 1021 1733 1053 pro
1768 1010 1936 1053 predictis
1970 1010 2178 1048 redditibus,
2213 1014 2338 1044 contra

1332 1074 1481 1096 «omnes
1502 1064 1538 1096 in
1560 1067 1773 1106 perpetuum
1795 1064 1926 1096 eisdem
1949 1063 2232 1096 Molismensibus
2253 1072 2338 1106 gua-

1330 1118 1498 1150 «rentire.
1526 1117 1561 1149 Si
1586 1127 1668 1149 vero
1696 1118 1737 1149 de
1764 1117 1859 1149 dicta
1885 1117 2030 1158 grangia
2055 1126 2116 1149 seu
2140 1117 2279 1158 juribus
2301 1120 2338 1150 et

1329 1171 1579 1213 «pertinentiis
1613 1171 1688 1212 ejus
1723 1173 1786 1202 aut
1820 1170 1862 1202 de
1897 1170 2008 1207 terris,
2045 1170 2336 1212 possessionibus,

1330 1237 1342 1254 κ
1358 1224 1459 1256 bonis
1484 1227 1520 1256 et
1545 1223 1622 1255 aliis
1645 1224 1785 1265 juribus
1811 1233 1874 1265 pro
1901 1223 2004 1255 dictis
2029 1223 2228 1255 redditibus
2253 1224 2338 1256 assi-

1328 1277 1505 1319 «gnandis
1528 1277 1584 1309 vel
1608 1277 1786 1318 aliquibus
1810 1286 1854 1308 ex
1877 1276 1961 1318 ipsis
1984 1286 2108 1308 census
2132 1286 2193 1308 seu
2213 1276 2336 1319 pensio

1328 1331 1454 1363 «reddi
1496 1331 1624 1362 debeat
1665 1330 1738 1361 sive
1780 1329 1898 1372 aliqua
1940 1329 2008 1361 alia
2049 1329 2206 1362 conditio
2247 1329 2335 1367 fieri,

1328 1384 1586 1421 «decernimus,
1615 1383 1820 1415 ordinamus
1847 1385 1883 1414 et
1910 1383 2138 1424 providemus
2165 1382 2260 1425 quod
2287 1383 2336 1415 sie

1327 1450 1341 1467 «
1355 1437 1420 1469 fiat
1439 1440 1474 1469 et
1493 1437 1569 1468 fieri
1589 1437 1717 1468 debeat
1736 1446 1857 1468 eorum
1876 1435 2074 1472 extimatio,
2095 1436 2190 1478 quod
2209 1445 2335 1468 census

1327 1504 1340 1520 «
1355 1501 1415 1523 seu
1444 1490 1565 1532 pensio
1594 1489 1799 1531 hujusmodi
1828 1489 1917 1521 solvi
1945 1491 1981 1520 et
2009 1488 2078 1521 alia
2105 1489 2262 1521 conditio
2291 1499 2336 1522 ex

1328 1544 1403 1576 «eis
1440 1543 1560 1575 debita
1596 1543 1672 1575 fieri
1708 1542 1864 1579 valeant,
1901 1545 1937 1574 et
1973 1541 2059 1574 dicti
2094 1542 2336 1575 Molismenses

1327 1597 1542 1639 «percipere,
1583 1596 1744 1628 deductis
1780 1605 1898 1633 censu,
1938 1595 2105 1637 pensione
2142 1598 2178 1628 et
2215 1595 2335 1628 condi—

1326 1651 1450 1682 «tione
1480 1650 1608 1682 debitis
1638 1659 1677 1681 ac
1707 1649 1871 1681 omnibus
1900 1648 2063 1690 expensis
2092 1651 2128 1680 et
2157 1649 2332 1687 oneribus,

1326 1704 1387 1735 «in
1428 1706 1640 1745 perpetuum
1681 1705 1825 1734 centum
1864 1705 1900 1734 et
1939 1702 2124 1744 sexaginta
2163 1701 2334 1734 librarum

1324 1756 1610 1788 «Turonensium
1640 1755 1801 1787 redditus
1831 1755 1934 1787 annis
1963 1755 2109 1797 singulis
2138 1755 2333 1788 secundum

1323 1810 1622 1842 «extimationem
1659 1818 1767 1850 quam
1804 1809 1890 1840 dicti
1926 1808 2009 1840 boni
2046 1808 2111 1840 viri
2153 1808 2333 1841 duxerunt

1320 1876 1333 1892 «
1347 1863 1558 1896 faciendam.

1366 1930 1379 1946 «
1410 1917 1517 1948 Porro
1548 1926 1669 1948 omnes
1700 1915 1901 1952 amotionis,
1939 1915 2329 1952 excommunicationis,

1320 1969 1588 2012 «suspensionis
1631 1972 1666 2001 et
1709 1968 1889 2001 interdicti
1932 1968 2128 2000 sententias
2171 1978 2191 2000 a
2234 1968 2330 2000 dicto

1320 2023 1478 2055 «abbate
1511 2023 1603 2054 latas
1635 2022 1670 2054 in
1704 2022 1817 2054 dictas
1850 2022 2065 2064 priorissam,
2099 2024 2328 2059 conventum,

1319 2086 1516 2118 «personas
1549 2079 1585 2108 et
1618 2075 1802 2107 ecclasiam
1836 2075 2085 2112 Andeciarum,
2120 2078 2156 2107 et
2189 2084 2209 2107 a
2243 2084 2330 2117 quo-

1319 2139 1486 2171 «cunque
1508 2139 1568 2161 seu
1592 2128 1794 2170 ubicunque
1815 2128 1994 2170 judicibus
2017 2127 2212 2165 ordinariis,
2237 2127 2328 2160 dele-

1319 2183 1449 2224 «gatis,
1483 2182 1732 2223 subdelegatis‚
1767 2181 2016 2213 executoribus
2048 2191 2108 2213 seu
2142 2190 2327 2213 conserva-

1319 2236 1484 2268 «toribus
1515 2235 1730 2267 auctoritate
1751 2234 1928 2267 ordinaria
1953 2244 2012 2266 seu
2038 2234 2244 2276 apostolica,
2269 2234 2325 2266 vel

1319 2298 1559 2330 «quacunque
1585 2288 1651 2320 alia
1674 2288 1709 2319 in
1735 2288 1878 2320 eosdem
1902 2288 2082 2324 abbatem,
2109 2287 2323 2329 priorissam,

1318 2355 1331 2371 «
1346 2344 1554 2378 conventus,
1568 2351 1734 2383 personas
1746 2344 1781 2373 et
1793 2341 1955 2373 ecclesias
1968 2340 2263 2372 monasteriorum
2274 2341 2326 2383 ip-

1318 2408 1330 2424 «
1345 2405 1464 2427 sorum
1477 2404 1688 2436 quacunque
1701 2395 1743 2426 de
1756 2403 1872 2431 causa,
1887 2393 2068 2425 occasione
2081 2393 2322 2435 subjectionis,

1317 2447 1598 2489 «jurisdictionis
1619 2450 1654 2479 et
1675 2447 1865 2489 cujuslibet
1885 2446 1972 2488 juris
1994 2457 2061 2488 que
2083 2446 2187 2479 dictis
2207 2446 2324 2479 Molis-

1316 2500 1524 2532 «mensibus
1559 2500 1813 2542 competebant
1849 2502 1884 2531 et
1920 2502 2120 2541 competere
2155 2502 2323 2542 poterant

1316 2554 1378 2585 «in
1417 2554 1511 2585 dicto
1550 2553 1764 2585 monasterio
1802 2553 2052 2590 Andeciarum,
2091 2555 2128 2584 et
2164 2553 2322 2595 personis

1315 2609 1378 2639 «et
1403 2606 1504 2638 bonis
1529 2607 1687 2648 ejusdem
1712 2606 1767 2638 vel
1793 2606 1975 2638 occasione
2001 2606 2228 2647 questionum
2253 2616 2321 2648 que

1315 2660 1486 2691 «fuerunt
1520 2660 1692 2691 hactenus
1726 2669 1831 2701 super
1865 2659 2135 2700 quibuscunque
2171 2659 2320 2700 negotiis

1313 2712 1433 2744 «inter
1453 2722 1521 2749 eos,
1545 2712 1587 2744 de
1609 2712 1750 2754 speciali
1771 2712 1985 2744 auctoritate
2008 2711 2108 2743 nobis
2129 2712 2173 2743 ab
2195 2712 2318 2744 eodem

1313 2765 1484 2797 «domino
1510 2765 1712 2796 Alexandro
1740 2774 1832 2807 papa
1859 2765 1894 2796 in
1922 2765 1987 2796 hac
2014 2767 2115 2806 parte
2141 2774 2317 2803 concessa,

1313 2828 1520 2850 «cassamus
1544 2821 1579 2850 et
1604 2818 1784 2850 irritamus
1809 2821 1844 2850 ct
1869 2828 1967 2850 cassa
1992 2820 2027 2850 et
2052 2817 2151 2850 irrita
2176 2817 2318 2850 nuntia-

1313 2881 1429 2908 «mus,
1470 2871 1676 2904 ordinantes
1717 2874 1753 2903 et
1793 2872 2020 2903 decernentes
2059 2881 2102 2902 ex
2141 2880 2234 2903 nunc
2273 2870 2316 2903 de

1313 2925 1524 2962 «mandato,
1568 2927 1748 2966 potestate
1789 2927 1825 2956 et
1867 2924 2082 2956 auctoritate
2125 2923 2313 2966 premissis,

1314 2989 1328 3006 «
1343 2978 1437 3020 quod
1453 2977 1615 3010 liberatio
1632 2980 1667 3010 et
1684 2977 1862 3020 exemptio
1879 2980 1914 3009 ct
1931 2976 1998 3009 alia
2015 2977 2132 3009 omnia
2153 2985 2315 3009 concessa

2473 2182 2477 2188 .
2469 2041 2477 2165 ΗΑΛ-Ἀ
2468 1448 2477 2031 *aha—Q*
