2477 3512
943 266 1215 313 CINQUIEME
1241 268 1408 305 ANNEE
2187 276 2230 308 39

117 393 130 409 «
145 381 288 414 Carcere
311 380 484 418 Tulliano,
509 381 647 412 diaconi
670 380 866 417 cardinalis,
891 380 992 420 cujus
1015 380 1121 411 66616-

117 436 194 468 «sia
239 436 358 468 Sancti
402 436 585 477 Grisogoni
629 436 671 467 de
715 435 820 472 Urbe,
865 434 1120 466 Transtiberim

117 503 129 520 α
144 491 270 533 posita,
294 501 375 523 cum
397 490 538 532 capellis
560 490 631 522 suis
652 490 688 522 in
711 490 953 532 spiritualibus
975 492 1010 521 et
1032 492 1120 520 tem-

117 545 322 588 «poralibus
358 548 412 577 est
448 555 469 577 a
505 546 647 577 domino
685 555 777 587 papa
822 545 1018 581 commissa,
1057 554 1119 586 pro

117 610 180 633 «se
205 610 244 632 ac
270 600 364 632 dicta
389 600 532 632 ecclesia
560 600 679 632 Sancti
706 600 899 632 Salvatoris
923 609 963 631 ac
987 609 1120 631 succes-

117 666 130 682 «
144 653 279 685 soribus
301 654 372 686 suis
392 654 427 685 in
450 656 671 696 perpetuum,
695 653 844 685 confessi
865 655 949 684 sunt
969 655 1005 684 et
1026 662 1120 684 reco-

117 709 345 747 «gnoverunt
374 706 507 738 dictam
536 715 657 738 eorum
686 705 867 738 ecclesiam
899 705 1017 737 Sancti
1049 704 1121 736 Sal-

117 759 278 791 «vatoris
309 759 444 801 prefate
475 758 616 790 ecclesie
649 759 769 791 Sancti
802 758 995 800 Grisogoni,
1029 761 1120 790 tam-

117 822 252 854 «quam
276 822 339 844 suo
364 811 479 848 titulo,
507 812 632 843 debere
657 812 770 843 facere
796 811 1015 853 temporibus
1039 821 1120 843 con—

118 865 253 897 «suetis
278 865 497 902 scrutinium,
525 865 702 907 baptisma
729 868 764 896 et
789 865 997 906 capitulum,
1024 867 1059 896 et
1085 873 1118 896 se

118 928 184 950 «ac
209 928 290 950 suos
314 928 529 950 successores
553 918 588 949 in
614 920 824 960 perpetuum
850 918 895 950 ad
921 918 1118 959 predictum

118 970 291 1003 «titulum
314 981 377 1013 pro
400 971 502 1003 dictis
525 971 704 1009 scrutinio,
730 971 945 1013 baptismate
969 974 1004 1003 et
1027 971 1120 1012 capi-

119 1023 221 1055 «tulo
260 1023 476 1056 celebrandis
515 1024 639 1056 debere
679 1025 855 1056 consuetis
901 1024 1120 1066 temporibus

120 1077 343 1109 «convenire.
385 1077 540 1109 Confessi
580 1080 663 1109 sunt
703 1087 843 1119 quoque
883 1080 918 1109 et
957 1085 1120 1118 recogno-

119 1132 274 1161 «verunt
296 1139 358 1171 pro
382 1139 417 1162 se
440 1132 475 1161 et
498 1130 593 1162 dicta
616 1130 759 1162 ecelesia
784 1130 903 1162 Sancti
928 1129 1119 1162 Salvatoris

118 1179 180 1214 «et
215 1183 286 1215 suis
320 1183 577 1215 successoribus
612 1184 645 1215 in
682 1186 903 1225 perpetuum,
940 1193 974 1215 se
1010 1183 1118 1215 teneri

118 1235 283 1278 «prefato
309 1236 451 1268 domino
477 1236 635 1268 Johanni
660 1237 840 1273 cardinali,
867 1237 1002 1268 ratione
1028 1237 1119 1268 dicte

118 1288 286 1321 «ecclesie
313 1289 433 1321 Sancti
460 1289 643 1331 Grisogoni
670 1290 735 1321 sibi
761 1290 957 1326 commisse,
986 1299 1119 1321 necnon

119 1344 181 1373 «et
217 1342 454 1374 cardinalibus
491 1343 551 1384 qui
587 1343 622 1374 in
659 1343 782 1374 eadem
819 1342 962 1374 ecclesia
1001 1343 1119 1374 Sancti

119 1394 330 1436 «Grisogoni
371 1405 432 1437 per
471 1398 633 1437 tempora
672 1396 813 1433 fuerint,
844 1395 888 1427 ad
919 1395 1120 1427 manualem

120 1447 397 1485 «obedientiam,
432 1449 677 1485 reverentiam,
712 1451 747 1480 et
781 1458 921 1480 omnem
955 1447 1121 1479 honorifi-

119 1512 132 1529 «
146 1500 299 1533 centiam
327 1501 575 1539 exhibendam,
605 1504 640 1533 et
669 1501 713 1533 ad
743 1501 933 1543 prestanda
962 1504 997 1532 et
1025 1499 1121 1532 exhi—

120 1553 263 1586 «benda
298 1554 416 1586 omnia
448 1555 527 1595 jura
561 1554 791 1596 parrochialia
827 1564 893 1595 que
928 1553 1120 1586 cardinales

120 1607 181 1638 «in
219 1607 360 1650 capellis
396 1607 510 1639 titulis
547 1607 618 1639 suis
655 1607 825 1648 subjectis
862 1610 1119 1639 consueverunt

119 1659 286 1693 «habere.
329 1660 418 1693 Item
456 1660 604 1692 confessi
643 1663 726 1692 sunt
764 1663 799 1692 et
842 1662 1119 1702 recognoverunt

120 1712 350 1745 «clericorum
395 1713 658 1745 institutionem
702 1716 738 1745 et
782 1713 1042 1745 ordinationem
1086 1713 1120 1744 in

121 1766 243 1798 «dicta
283 1766 426 1799 ecclesia
467 1766 586 1798 Sancti
627 1766 820 1798 Salvatoris
859 1766 903 1798 ad
944 1766 1121 1808 prefatum

121 1831 133 1847 «
148 1819 331 1851 (1011111111111
356 1819 558 1851 Johannem
583 1819 797 1851 cardinalem
821 1819 957 1851 ratione
981 1818 1121 1851 ecclesie

120 1872 268 1904 «Sancti
300 1872 482 1914 Grisogoni
513 1875 548 1904 et
579 1873 623 1904 ad
655 1872 741 1904 alios
771 1872 965 1904 cardinales
996 1872 1055 1914 qui
1086 1872 1120 1903 in

120 1925 243 1957 «dicta
285 1925 428 1957 ecclesia
472 1925 591 1957 Sancti
635 1925 817 1966 Grisogoni
859 1935 920 1967 per
963 1928 1120 1967 tempora

123 1978 292 2016 «fuerint,
329 1979 532 2010 omnimodo
569 1978 754 2020 pertinere.
793 1978 944 2010 Omnem
981 1988 1121 2020 quoque

122 2031 428 2073 «jurisdictionem
456 2034 491 2063 et
519 2041 704 2063 censuram
731 2031 1018 2068 ecclesiasticam,
1049 2034 1121 2063 tam

121 2085 183 2116 «in
213 2095 247 2116 se
279 2094 386 2126 quam
416 2085 451 2116 in
482 2095 603 2116 eorum
633 2084 814 2116 ecclesiam
840 2088 876 2116 et
906 2095 1122 2116 successores

121 2148 229 2170 «suos
264 2138 298 2169 in
333 2141 544 2180 perpetuum
579 2138 728 2169 confessi
772 2141 855 2169 sunt
889 2141 925 2169 et
960 2146 1123 2179 recogno-

122 2194 276 2223 «verunt
306 2193 463 2233 spectare
493 2191 537 2222 ad
568 2191 702 2222 dictum
732 2191 944 2222 cardinalem
974 2194 1009 2222 et
1038 2191 1123 2222 alios

122 2244 209 2286 «qui
230 2253 290 2286 per
311 2247 469 2286 tempora
492 2244 685 2285 prefuerint
706 2244 846 2275 ecclesie
868 2243 987 2275 Sancti
1009 2244 1124 2275 Griso-

123 2297 230 2339 «goni
258 2297 470 2339 supradicte.
501 2297 657 2328 Confessi
686 2300 768 2329 sunt
799 2307 938 2339 quoque
967 2300 1002 2329 et
1031 2307 1124 2329 reco-

123 2362 135 2379 «
150 2353 348 2392 gnoverunt
371 2360 406 2382 se
429 2350 554 2382 debere
578 2351 769 2382 dumtaxat
792 2351 835 2382 ad
860 2350 1122 2392 requisitionem

124 2403 354 2435 «clericorum
386 2403 505 2435 Sancti
536 2403 718 2445 Grisogoni
748 2406 783 2435 et
814 2414 893 2435 cum
924 2403 1007 2445 ipsis
1037 2403 1125 2435 inte-

123 2469 135 2485 «
151 2466 241 2488 resse
265 2456 487 2499 processioni,
513 2466 592 2488 cum
617 2457 732 2488 dictus
757 2457 920 2489 dominus
944 2457 1125 2488 Johannes

124 2512 186 2542 «et
220 2509 278 2541 alii
312 2509 506 2541 cardinales
541 2509 600 2551 (1111
636 2520 696 2551 per
730 2512 890 2551 tempora
925 2509 1056 2541 fuerint
1090 2510 1124 2541 in

125 2563 246 2595 «dicta
272 2562 415 2595 ecclesia
443 2562 563 2594 Sancti
590 2563 783 2604 Grisogoni,
810 2563 846 2594 in
872 2563 995 2595 eadem
1021 2563 1126 2595 eccle-

124 2616 200 2649 «sia
226 2616 344 2648 Sancti
369 2616 553 2658 Grisogoni
577 2616 880 2658 processionaliter
903 2616 1124 2658 recipientur.

125 2669 194 2701 «In
227 2669 302 2701 aliis
334 2679 418 2701 vero
452 2669 590 2701 casibus
624 2669 790 2701 dixerunt
824 2679 859 2701 56
894 2669 982 2701 110116
1016 2670 1126 2701 1611611

125 2723 196 2754 «ad
217 2723 472 2764 processionem
492 2722 691 2754 faciendam
711 2722 841 2754 clericis
861 2723 1001 2754 ecclesie
1022 2723 1127 2755 Sane-

125 2775 180 2807 «ti
218 2775 399 2817 Grisogoni
439 2775 621 2817 prelibate,
660 2774 741 2806 licet
779 2775 873 2807 dicto
912 2776 1055 2807 domino
1093 2776 1125 2807 J.

126 2828 321 2861 «cardinali
357 2831 393 2860 et
430 2828 505 2860 aliis
543 2828 602 2869 (1111
640 2837 700 2869 per
737 2831 897 2869 tempora
934 2829 1122 2870 prefuerint

128 2881 248 2914 «dicte
288 2880 429 2913 ecclesie
471 2881 591 2913 Sancti
634 2881 828 2923 Grisogoni,
872 2881 1126 2923 processionem

129 2934 269 2966 «volint
310 2934 398 2975 (sic)
437 2934 550 2966 facere
588 2944 668 2966 cum
706 2934 750 2966 ad
789 2944 909 2966 eorum
947 2934 1126 2967 ecclesiam

128 2987 276 3020 «Sancti
313 2987 506 3020 Salvatoris
540 2987 655 3029 ipsum
691 2987 746 3019 vel
782 2987 875 3030 ipsos
910 2988 1126 3029 contingeret

1227 380 1437 417 «declinare,
1468 381 1512 412 ad
1545 390 1652 422 quam
1682 381 1936 421 processionem
1966 382 2165 414 faciendam
2194 393 2228 414 56

1227 435 1364 466 «1611611
1395 439 1589 476 spontanee
1619 438 1703 467 sunt
1733 436 1892 467 confessi.
1926 437 1972 467 Et
2003 437 2047 468 ad
2078 438 2154 474 hoc,
2191 441 2230 469 ut

1227 490 1417 521 «universa
1452 493 1487 521 et
1521 490 1656 531 singula
1691 491 1893 531 supradicta
1931 492 2108 532 perpetuis
2143 495 2230 524 tem-

1228 557 1239 573 «
1255 544 1398 586 poribus
1421 546 1465 576 ab
1488 545 1571 587 ipsis
1594 555 1714 577 eorum
1737 545 1880 577 ecclesia
1904 549 1937 577 et
1964 546 2034 577 suis
2056 556 2229 579 successo-

1228 613 1240 628 «
1255 600 1350 632 ribus
1387 600 1638 632 inviolabiliter
1673 600 1907 632 observentur
1942 601 2126 643 omnisque
2163 603 2230 634 dis-

1228 653 1425 684 «sentionis
1459 657 1493 685 et
1527 653 1627 694 litigii
1663 653 1810 684 materia
1844 653 2014 685 radicitus
2047 654 2229 693 evellatur,

1228 718 1240 734 «
1256 706 1383 747 prefati
1410 705 1523 737 clerici
1551 706 1703 737 uniVersi
1731 708 1765 736 et
1793 706 1918 747 singuli
1946 709 1981 737 et
2010 707 2125 739 dictus
2153 717 2231 749 pro-

1228 771 1240 786 «
1255 762 1407 791 curator.
1430 759 1570 790 nomine
1592 758 1676 790 dicti
1697 758 1989 799 archipresbiteri,
2012 763 2047 791 et
2067 760 2101 791 in
2121 760 2230 802 ipsius

1229 812 1410 843 «animam
1441 821 1502 853 pro
1531 822 1565 843 se
1595 821 1634 842 ac
1663 811 1734 842 suis
1762 812 2019 843 successoribus
2047 815 2082 844 et
2110 823 2230 845 eorum

1228 864 1410 902 «66616513,
1448 864 1554 896 136115
1589 864 1821 895 sacrosanctis
1856 864 2056 905 evangeliis,
2092 866 2232 906 jurave—

1228 920 1339 948 «111111
1370 927 1405 949 se
1436 917 1599 948 universa
1630 920 1665 948 et
1695 917 1830 957 singula
1862 918 2065 958 supradicta
2096 919 2232 960 prefato

1230 970 1401 1001 «domino
1424 970 1457 1001 J.
1482 970 1650 1001 cardinali
1673 973 1706 1001 et
1732 969 1969 1001 cardinalibus
1992 970 2067 1001 aliis
2091 971 2150 1012 qui
2174 981 2234 1012 per

1230 1026 1418 1065 «tempora
1449 1023 1643 1064 prefuerint
1674 1023 1766 1054 dicte
1797 1022 1937 1054 ecclesie
1969 1023 2088 1055 Sancti
2119 1023 2234 1056 Griso-

1230 1076 1348 1117 «goni,
1385 1086 1518 1108 necnon
1554 1078 1588 1108 et
1622 1076 1686 1117 ipsi
1720 1076 1862 1108 ecclesie
1896 1076 2016 1108 Sancti
2050 1077 2232 1118 Grisogoni

1229 1132 1444 1171 «tamquam
1485 1139 1547 1160 suo
1589 1129 1704 1165 titulo,
1747 1129 1977 1165 exhibituros,
2021 1131 2230 1171 prestituros

1230 1185 1292 1214 «et
1310 1182 1467 1214 facturos
1485 1185 1520 1214 et
1540 1182 1633 1223 quod
1654 1182 1686 1213 in
1708 1182 1877 1214 universis
1896 1185 1930 1213 et
1964 1182 2094 1224 singilis
2113 1193 2233 1225 supra-

1229 1235 1360 1267 «dictis
1390 1235 1484 1267 dicto
1515 1235 1656 1267 domino
1688 1235 1720 1266 J.
1752 1238 1787 1267 et
1817 1235 2054 1267 cardinalibus
2084 1236 2143 1278 qui
2174 1246 2234 1277 per

1230 1291 1417 1330 «tempora
1446 1288 1639 1330 prefuerint
1666 1288 1806 1320 ecclesie
1834 1291 2038 1326 memorate,
2067 1289 2232 1321 obedient

1231 1344 1293 1373 «et
1314 1342 1511 1378 intendent,
1537 1352 1598 1373 nec
1621 1342 1654 1372 in
1676 1342 1761 1383 ipsis
1783 1341 1852 1373 ullo
1875 1351 2048 1384 umquam
2070 1345 2232 1384 tempore

1229 1407 1241 1423 «
1257 1394 1504 1431 rebellabunt;
1530 1397 1782 1426 consenserunt
1807 1404 1947 1436 quoque
1978 1398 2013 1426 et
2044 1394 2233 1426 voluerunt

1229 1447 1385 1489 «prefati
1419 1447 1531 1479 cleriei
1566 1447 1685 1479 Sancti
1720 1447 1912 1479 Salvatoris
1946 1447 2040 1489 quod
2075 1448 2232 1489 predicta

1230 1501 1375 1532 «omnia
1398 1501 1654 1532 confirmentur
1675 1503 1710 1532 et
1734 1500 1945 1532 roborentur
1967 1510 2027 1542 per
2050 1501 2233 1532 dominum

1229 1563 1397 1595 «papam,
1433 1563 1606 1594 omneque
1640 1553 1684 1585 ab
1718 1553 1792 1594 ipso
1827 1553 2020 1595 suscipiant
2053 1553 2235 1585 fulcimen-

1230 1619 1241 1634 «
1257 1609 1345 1643 tum,
1366 1606 1415 1637 ita
1436 1606 1529 1647 quod
1550 1606 1653 1637 nullis
1673 1616 1843 1647 umquam
1864 1606 1993 1637 futuris
2011 1606 2232 1647 temporibus

1231 1659 1508 1696 «controversia,
1530 1669 1596 1700 que
1616 1659 1706 1690 inter
1725 1659 1900 1700 predictas
1919 1658 2082 1690 ecclesias
2100 1658 2232 1696 extitit,

1231 1713 1332 1754 «pati
1375 1712 1485 1754 possit
1526 1712 1793 1753 quomodolibet
1834 1712 2038 1743 recidivum.
2081 1712 2234 1744 Demum

1230 1766 1407 1807 «predicti
1453 1765 1565 1797 clerici
1613 1765 1731 1797 Sancti
1780 1765 1973 1797 Salvatoris
2018 1767 2234 1807 rogaverunt

1232 1819 1457 1860 «predictum
1485 1819 1667 1850 dominum
1696 1817 1910 1850 cardinalem
1937 1821 1973 1850 et
2000 1818 2234 1860 presbiterum

1231 1871 1404 1903 «Petrum
1433 1866 1647 1912 yconomum
1679 1871 1766 1912 (sic)
1796 1871 1938 1903 ecclesie
1965 1873 2001 1902 et
2029 1871 2234 1903 clericorum

1231 1924 1378 1956 «Sancti
1424 1924 1618 1967 Grisogoni,
1665 1924 1755 1956 sicut
1801 1926 1901 1965 patet
1946 1933 2006 1965 per
2050 1924 2232 1965 publicum

1230 1978 1534 2009 «instrumentum
1562 1969 1622 2019 per
1649 1988 1714 2014 me,
1745 1977 1935 2014 notarium,
1964 1977 2079 2009 visum
2106 1979 2142 2009 et
2167 1976 2234 2009 lec-

1230 2044 1242 2059 «
1258 2033 1335 2062 tum
1360 2031 1461 2072 cujus
1487 2034 1587 2062 tenor
1612 2031 1755 2062 inferius
1780 2031 1992 2067 continetur,
2019 2030 2114 2072 quod
2138 2030 2232 2062 idem

1230 2084 1444 2116 «cardinalis
1466 2087 1499 2115 et
1524 2084 1702 2125 predictus
1724 2084 1915 2120 iconomus,
1938 2083 2014 2115 vice
2035 2086 2071 2115 et
2092 2083 2233 2115 nomine

1230 2137 1378 2169 «Sancti
1401 2137 1594 2178 Grisogoni,
1618 2138 1651 2168 in
1673 2137 1755 2179 ipsis
1776 2140 1811 2169 et
1833 2137 1927 2168 (licta
1948 2146 2069 2168 eorum
2089 2136 2232 2168 ecclesia

1231 2190 1379 2222 «Sancti
1403 2190 1596 2222 Salvatoris
1619 2190 1775 2232 prefatis,
1799 2190 1957 2221 contenti
1980 2192 2062 2221 sunt
2083 2189 2231 2230 juribus,

1231 2256 1243 2271 «
1258 2253 1338 2275 cum
1360 2243 1642 2284 jurisdictionem
1667 2246 1702 2274 et
1724 2243 1803 2284 jura
1826 2242 2058 2275 cardinalium
2080 2242 2115 2274 in
2140 2242 2234 2273 nullo

1232 2296 1370 2328 «velint
1402 2306 1459 2328 seu
1493 2296 1682 2328 intendant
1715 2296 1921 2337 restringere
1952 2295 2007 2327 vel
2039 2298 2155 2327 artare
2186 2298 2232 2333 et,

1231 2350 1285 2381 «si
1314 2359 1383 2391 qua
1411 2350 1445 2381 in
1472 2349 1659 2392 privilegiis
1686 2349 1804 2382 Sancti
1831 2348 2025 2390 Grisogoni,
2051 2348 2235 2380 sententiis

1232 2412 1317 2435 «seu
1341 2403 1559 2445 processibus
1581 2413 1643 2444 pro
1665 2403 1788 2435 eadem
1810 2402 1953 2434 ecclesia
1976 2401 2096 2433 Sancti
2120 2401 2235 2433 Griso-

1233 2456 1339 2498 «goni
1373 2456 1503 2488 habitis
1536 2456 1786 2488 contineantur
1819 2465 1886 2497 que
1919 2455 2095 2497 prefatam
2127 2454 2234 2487 eccle-

1232 2509 1347 2541 «siam
1392 2509 1511 2541 Sancti
1556 2509 1751 2541 Salvatoris
1794 2509 1886 2540 dicte
1929 2508 2071 2540 ecclesie
2115 2507 2234 2540 Sancti

1234 2563 1444 2604 «Grisogoni
1475 2562 1585 2604 magis
1614 2563 1764 2594 reddant
1795 2562 1986 2594 obnoxiam
2014 2561 2069 2593 vel
2099 2561 2235 2602 51111166-

1234 2628 1246 2644 «
1261 2619 1347 2652 13111,
1370 2616 1414 2647 3(1
1435 2625 1473 2647 63
1496 2615 1579 2647 (11611
1600 2616 1712 2647 6161161
1733 2618 1767 2647 61
1788 2625 1907 2647 60111111
1929 2614 2071 2646 66616513
2092 2614 2234 2645 minime

1235 2671 1461 2706 «teneantur,
1492 2669 1722 2700 cardinalium
1754 2671 1930 2710 potestate
1960 2676 2096 2708 semper
2124 2666 2232 2703 salva,

1235 2735 1247 2750 «
1263 2732 1369 2764 quam
1393 2732 1453 2763 per
1475 2722 1538 2753 1106
1562 2722 1785 2763 aliquatenus
1808 2722 1916 2753 minui
1941 2731 2008 2752 non
2032 2720 2233 2751 intendunt.

1235 2787 1247 2804 «
1263 2775 1463 2817 Supradicti
1490 2785 1572 2807 vero
1601 2775 1787 2807 cardinalis
1813 2778 1849 2807 et
1877 2775 2002 2806 Petrus
2028 2781 2232 2814 yconomus,

1235 2829 1338 2860 «vice
1370 2837 1409 2860 ac
1442 2828 1582 2860 nomine
1613 2828 1755 2860 ecclesie
1787 2827 1906 2859 Sancti
1938 2826 2130 2867 Grisogoni,
2164 2825 2236 2856 dic-

1235 2884 1381 2913 «torum
1407 2881 1609 2914 clericorum
1637 2880 1826 2921 benignum
1853 2880 2093 2922 impertientes
2119 2887 2235 2910 assen-

1236 2944 1352 2971 «sum,
1379 2944 1440 2976 pro
1467 2934 1557 2965 bono
1583 2934 1678 2975 pacis
1702 2944 1741 2965 ac
1767 2934 1884 2975 quiete
1908 2934 2087 2974 perpetua,
2114 2940 2234 2962 eorum

1237 2987 1496 3028 «petitionibus
1529 2990 1741 3025 annuerunt,
1777 2986 1969 3018 dummodo
2005 2984 2089 3016 dicti
2122 2983 2235 3016 clerici
