2477 3512
994 267 1270 310 QUATRIEME
1289 270 1452 304 ANNEE
2195 283 2258 314 795

143 377 240 407 tianti
264 375 488 405 constitutioni
513 376 551 405 de
577 376 702 405 duabus
728 375 821 405 dietis
846 376 931 404 edite
955 375 987 404 in
1013 374 1146 404 concilio

143 429 290 469 generali,
333 429 497 467 quandam
539 428 705 458 mutuavit
746 428 879 467 pecunie
915 428 1145 466 quantitatem,

143 481 237 512 certis
259 481 319 510 sibi
340 481 409 511 loco
431 484 464 510 et
485 481 623 511 termino
644 482 900 520 persolvendam,
924 482 1020 519 prout
1042 480 1073 509 in
1096 480 1148 508 lit-

143 534 219 564 teris
242 534 315 563 inde
339 534 503 568 confectis,
528 534 627 572 ipsius
650 534 880 573 archiepiscopi
896 533 997 572 sigillo
1014 532 1147 571 signatis

142 587 266 626 plenius
283 587 400 616 dicitur
415 587 581 620 contineri,
599 587 742 616 nondum
758 589 868 616 tamen
884 589 933 616 est
948 586 1051 615 eidem
1067 586 1147 623 ipsa,

144 649 341 678 quamquam
364 639 519 668 terminus
541 639 709 668 solutionis
731 639 904 673 effluxerit,
924 638 1147 673 satisfactum;

143 695 275 731 propter
302 693 388 731 quod
417 692 557 730 dampna
585 692 695 730 gravia
724 695 757 721 et
785 701 940 730 expensas
968 701 1000 721 se
1036 691 1150 720 asserit

142 745 321 775 incurrisse.
353 745 507 781 Quocirca
538 745 731 774 mandamus
762 745 926 784 quatinus,
957 745 983 774 si
1014 747 1060 773 est
1091 744 1149 779 ita,

143 798 357 827 venerabilem
381 797 514 827 fratrem
538 800 718 831 nostrum..‚
743 798 1018 836 archiepiscopum
1055 797 1151 826 Seno-

143 860 272 880 nensem
297 850 413 889 prefati
437 851 668 889 archiepiscopi
691 859 914 884 successorem,
940 853 977 879 ut
1001 851 1039 879 de
1063 850 1150 879 dicta

144 903 328 942 quantitate
357 903 489 941 pecunie
517 912 590 932 cum
617 903 713 941 justis
741 906 773 932 et
801 903 974 933 moderatis
1003 903 1150 941 expensis

142 965 180 986 ac
212 956 320 985 debita
352 956 586 985 restauratione
619 956 843 994 dampnorum,
884 956 987 985 usuris
1019 956 1149 985 omnino

143 1009 353 1043 cessantibus,
378 1009 465 1038 dicto
488 1009 525 1038 A.
550 1009 602 1038 vel
625 1009 825 1047 procuratori
849 1018 906 1038 suo
930 1009 998 1046 ejus
1023 1009 1150 1038 nomine

142 1062 321 1091 satisfaciat
345 1064 382 1091 ut
407 1064 546 1096 tenetur,
572 1062 749 1091 monitione
770 1062 933 1100 premissa,
955 1062 1150 1092 auctoritate

142 1117 251 1150 nostra
276 1115 490 1153 appellatione
524 1117 657 1149 remota,
683 1115 793 1153 previa
819 1115 942 1144 ratione
967 1115 1149 1153 compellas.

142 1168 214 1197 Non
239 1168 389 1197 obstante
421 1168 653 1197 constitutione
682 1168 825 1206 predicta
849 1178 904 1197 seu
927 1168 953 1197 si
977 1168 1004 1197 ei
1027 1177 1045 1197 a
1071 1168 1150 1198 Sede

142 1221 327 1259 Apostolica
363 1221 405 1249 sit
441 1220 606 1249 indultum
643 1221 729 1259 quod
766 1221 1048 1255 excommunicari,
1084 1230 1153 1250 sus-

143 1274 240 1312 pendi
260 1273 310 1302 vel
333 1273 492 1308 interdici,
515 1276 573 1302 aut
594 1276 687 1302 extra
708 1274 759 1302 vel
795 1274 879 1303 ultra
901 1277 1023 1303 certum
1045 1274 1150 1303 locum

142 1327 183 1356 ad
204 1326 361 1364 judicium
382 1326 509 1356 evocari
530 1336 593 1356 non
615 1326 717 1364 possit
738 1336 794 1364 per
813 1327 937 1356 litteras
958 1327 1150 1365 apostolicas

142 1388 207 1408 non
230 1379 383 1409 facientes
407 1380 535 1417 plenam
559 1382 592 1408 et
615 1388 798 1417 expressam
823 1380 861 1408 de
890 1380 1016 1409 indulto
1039 1380 1151 1417 hujus-

143 1432 231 1461 modi
255 1432 463 1461 mentionem.
490 1432 521 1461 Si
545 1441 621 1461 vero
646 1432 678 1461 in
704 1432 827 1461 dictum
860 1441 1073 1461 successorem
1099 1442 1153 1462 ex-

142 1485 451 1519 communicationis,
478 1484 693 1523 suspensionis
712 1485 763 1513 vel
786 1485 950 1514 interdicti
973 1486 1150 1515 sententias

141 1537 306 1567 occasione
325 1537 511 1575 huJusmodi
529 1537 657 1567 duxeris
676 1538 925 1576 promulgandas
944 1540 976 1567 et
993 1538 1079 1567 idern
1097 1547 1150 1568 eas

140 1599 197 1628 per
218 1599 318 1619 unum
340 1599 482 1619 mensem
504 1590 612 1620 animo
635 1590 825 1620 sustinuerit
845 1591 1007 1625 indurato,
1030 1593 1150 1621 extunc

141 1652 214 1672 eum
253 1643 581 1677 excommunicatum,
621 1652 811 1682 suspensum
850 1644 900 1673 vel
939 1644 1148 1674 interdictum

140 1695 196 1725 ubi
212 1698 245 1725 et
261 1696 392 1735 quando
408 1695 558 1734 expedire
575 1696 704 1731 videris,
722 1697 941 1735 sollempniter
967 1706 1005 1726 ac
1021 1698 1148 1735 publice

140 1757 197 1787 per
220 1751 253 1778 te
279 1749 329 1778 vel
355 1749 453 1778 alium
480 1758 581 1787 usque
607 1749 648 1778 ad
674 1749 928 1779 satisfactionem
955 1750 1147 1788 condignam

140 1802 270 1831 studeas
294 1802 453 1835 nuntiare,
476 1803 509 1831 et
530 1804 689 1840 tanquam
711 1803 1027 1832 excommunicatum
1049 1803 1148 1834 facias

139 1855 181 1884 ab
215 1855 364 1884 omnibus
405 1854 506 1884 artius
541 1854 666 1884 evitari.
704 1855 781 1884 Dat.
815 1856 962 1890 Viterbii‚
996 1856 1042 1885 VI
1076 1856 1148 1886 idus

140 1921 226 1955 maii,
251 1930 336 1950 anno
361 1923 488 1960 quarto.
514 1932 526 1947 »

219 2147 307 2173 255⁷
685 2149 823 2182 Viterbe,
836 2150 870 2177 21
885 2151 963 2177 avril
975 2151 1061 2178 1258.

180 2195 336 2230 Episcopo
352 2196 555 2223 Tricaricensi
571 2198 702 2224 mandat
720 2200 765 2229 ut,
782 2199 986 2232 inquisitione
1002 2200 1042 2226 ad
1058 2207 1145 2234 prae-

139 2235 234 2268 positi
252 2237 284 2262 et
303 2236 434 2269 capituli
454 2237 734 2270 Ratisponensium
754 2240 863 2265 contra
883 2239 1145 2273 Ratisponensem

138 2275 318 2308 episcopum
342 2275 437 2308 facta,
462 2278 629 2310 utramque
660 2279 782 2311 partem
821 2279 861 2305 ad
898 2280 1146 2313 comparandum

138 2316 210 2348 post
241 2315 317 2341 duos
348 2323 467 2342 menses
497 2324 601 2343 coram
631 2317 698 2351 ipso
728 2325 811 2351 papa
832 2319 1021 2345 sententiam
1043 2327 1147 2354 recep-

139 2355 244 2380 turam
265 2355 350 2381 citet.
373 2355 470 2388 (Rea.
494 2355 541 2388 25,
564 2356 584 2382 f.
610 2356 665 2383 137
688 2360 734 2389 v0,
758 2365 807 2384 an.
842 2358 893 2390 IV,
925 2366 949 2385 c.
982 2359 1057 2391 130;
1079 2358 1146 2386 Ro-

139 2400 311 2426 nENBERG,
335 2396 358 2421 t.
381 2392 440 2427 III,
462 2395 508 2421 N⁰
527 2395 611 2430 478.)

181 2495 225 2518 «..‚
247 2484 389 2523 episcopo
413 2485 628 2515 Tricaricensi.
651 2486 730 2516 Cum
752 2487 794 2516 ad
816 2487 989 2517 clamosam
1003 2506 1052 2517 —-.
1070 2489 1145 2519 Dat.

139 2536 285 2571 Viterbii‚
310 2537 359 2566 XI
384 2538 446 2567 kal.
471 2539 558 2573 maii,
582 2548 667 2568 anno
692 2542 819 2578 quarto.
845 2552 857 2567 »

218 2719 306 2745 2558
701 2722 839 2756 Viterbe,
852 2724 888 2751 17
901 2726 963 2751 mai
976 2726 1061 2753 1258.

180 2767 298 2794 Abbati
325 2770 355 2794 et
384 2769 554 2795 conventui
582 2771 763 2797 monasterii
791 2772 820 2798 S.
851 2773 933 2800 Petri
961 2774 1145 2805 (jandensis,

139 2807 256 2833 ordinis
289 2807 317 2834 S.
349 2807 522 2839 Benedicti,
554 2809 757 2836 Tornaeensis
789 2812 929 2845 diocesis,
961 2814 991 2840 in
1023 2815 1145 2847 regione

140 2845 253 2879 frigida
270 2848 301 2872 et
320 2848 412 2873 maris
431 2849 595 2875 vicinitate
613 2850 784 2876 reumatica
801 2853 991 2885 constitutis,
1006 2855 1140 2888 indulget

141 2886 186 2916 ut,
208 2887 334 2919 propter
354 2887 412 2913 hoc
431 2888 577 2914 omnibus
598 2889 707 2915 dicbus
728 2890 892 2918 (lominicis
913 2895 942 2918 et
965 2894 1094 2926 festiVss,
1116 2896 1143 2921 in

140 2925 255 2951 divinis
288 2926 400 2952 officiis
432 2927 463 2953 in
496 2929 684 2954 monasterio
716 2929 782 2962 ipso
815 2931 903 2964 pileis
936 2933 982 2959 uti
1015 2935 1144 2966 possint

140 2963 236 3006 (Rau.
259 2965 306 2996 25,
329 2965 348 2991 f.
373 2966 438 2998 137,
461 2975 509 2993 an.
536 2967 587 2999 IV,
610 2976 634 2994 c.
660 2968 733 3000 131;
757 2970 932 2998 POTTHAST
963 2973 1082 3007 17276.)

1292 387 1336 410 «..‚
1362 377 1466 407 abbati
1490 380 1516 407 et
1539 381 1699 410 conventui
1722 383 1901 413 monasterii
1928 384 2035 414 Sancti
2059 386 2144 416 Petri
2174 387 2257 417 Gan-

1252 428 1365 463 densis,
1377 430 1496 460 ordinis
1519 432 1626 462 Sancti
1641 434 1810 469 Benedicti,
1831 436 2036 466 Tornacensis
2053 438 2192 468 diocesis.
2204 440 2254 469 Ex

1251 483 1343 519 parte
1370 486 1476 513 vestra
1503 502 1552 513 —.
1580 486 1656 515 Dat.
1684 487 1829 522 Viterbii‚
1857 489 1936 518 XVI
1963 490 2025 519 kal.
2052 491 2144 529 junii,
2171 502 2256 522 anno

1253 537 1379 572 quarto.
1407 547 1419 562 »

1332 744 1422 770 2559
1797 750 1934 783 Viterbe,
1948 752 1984 778 13
1996 754 2074 779 avril
2088 754 2173 781 1258.

1294 791 1386 818 Petro
1423 794 1507 820 dicto
1542 795 1640 827 Bono,
1678 797 1824 824 sacristae
1861 799 2065 833 Sistaricensi‚
2093 802 2144 834 H.,
2172 803 2259 829 tituli

1255 830 1283 857 S.
1311 831 1444 859 Sabinae
1469 835 1642 868 presbyteri
1668 837 1835 863 cardinalis
1860 840 2031 872 capellano,
2057 842 2097 867 ad
2121 843 2259 876 episcopi

1254 872 1284 897 et
1310 872 1441 905 capituli
1466 874 1715 902 Sistaricensium
1741 878 2012 911 supplicationem,
2038 881 2198 914 dispensat
2224 884 2259 908 ut

1254 911 1428 938 sacristiam
1457 913 1690 941 Sistaricensem
1719 923 1789 942 cum
1818 917 1977 944 beneficiis
2006 927 2113 947 curam
2141 922 2259 948 anima-

1254 957 1323 977 rum
1352 951 1542 979 habentibus
1571 955 1703 981 retinere
1732 957 1840 989 possit.
1870 957 1966 989 (REG.
1997 958 2044 990 25,
2074 960 2094 985 f.
2127 961 2182 987 137
2211 966 2257 993 v0,

1254 997 1303 1015 an.
1338 990 1389 1022 IV,
1420 999 1445 1017 c.
1478 992 1557 1023 132.)

1296 1090 1308 1106 «
1329 1080 1420 1109 Petro
1439 1081 1517 1111 dicto
1536 1082 1634 1117 Bono,
1654 1085 1780 1113 sacriste
1800 1085 2009 1116 Sistaricensi.
2031 1088 2182 1118 Volentes
2201 1090 2261 1119 tibi

1254 1133 1444 1163 venerabilis
1455 1152 1506 1164 —.
1519 1135 1594 1164 Dat.
1608 1136 1753 1171 Viterbii‚
1765 1138 1871 1168 idibus
1883 1140 2001 1178 aprilis,
2014 1150 2099 1171 anno
2111 1145 2237 1180 quarto.
2251 1154 2262 1170 »

1336 1334 1427 1361 2560
1811 1340 1949 1372 Viterbe,
1961 1341 1996 1367 21
2010 1342 2073 1368 mai
2096 1342 2181 1369 1258.

1297 1382 1480 1416 Praeposito
1507 1385 1653 1412 ecclesiae
1681 1387 1718 1413 de
1745 1388 1854 1414 Crema
1880 1390 2012 1416 mandat
2040 1392 2075 1417 ut
2101 1391 2204 1418 locum
2231 1394 2262 1418 et

1256 1422 1444 1449 beneficium
1473 1431 1490 1450 a
1517 1424 1692 1459 Bonapace,
1716 1427 1825 1454 clerico
1849 1429 1995 1455 ecclesiae
2023 1430 2052 1456 S.
2082 1430 2198 1457 Mariae
2226 1432 2264 1458 de

1256 1461 1404 1494 Ruman.‚
1437 1463 1650 1497 Pergamensis
1684 1466 1823 1498 diocesis,
1857 1468 1952 1494 libere
1986 1470 2153 1503 resignata,
2189 1471 2265 1497 Leo-

1256 1502 1364 1533 nardo‚
1386 1503 1506 1535 clerico,
1528 1506 1603 1531 nato
1625 1506 1739 1532 nobilis
1760 1507 1819 1533 viri
1841 1507 1971 1534 Plevani
1992 1509 2029 1535 de
2056 1509 2162 1537 Tertio
2185 1511 2265 1544 ejus-

1258 1541 1327 1567 dem
1344 1542 1474 1569 diocesis
1489 1544 1638 1571 conferat.
1655 1546 1751 1577 (REG.
1768 1546 1815 1577 25,
1831 1547 1851 1572 f.
1870 1547 1925 1574 137
1941 1552 1987 1579 νῦ,
2003 1555 2052 1574 an.
2072 1549 2124 1580 IV,
2140 1558 2164 1576 c.
2182 1550 2262 1583 133.)

1299 1642 1343 1665 «..‚
1369 1633 1524 1671 preposito
1557 1634 1677 1664 ecclesie
1708 1636 1744 1664 de
1771 1636 1890 1671 Crema,
1917 1637 2098 1667 Placentine
2123 1639 2264 1669 diocesis.

1257 1683 1305 1713 De
1321 1684 1437 1715 dilecto
1454 1685 1521 1715 filio
1530 1705 1580 1715 —.
1597 1688 1669 1717 Non
1686 1689 1892 1719 obstantibus
1907 1690 1933 1719 si
1948 1691 1981 1719 in
1995 1692 2125 1721 ecclesia
2141 1692 2209 1731 ipsa
2227 1694 2266 1722 de

1256 1738 1412 1767 mandato
1443 1739 1531 1768 Sedis
1561 1740 1744 1778 Apostolice
1774 1751 1828 1771 seu
1858 1743 2037 1782 legatorum
2067 1745 2136 1783 ejus
2166 1746 2265 1784 aliqui

1255 1790 1321 1819 sint
1341 1792 1470 1830 recepti,
1492 1793 1542 1822 vel
1563 1795 1601 1822 ut
1621 1794 1816 1832 recipiantur
1835 1795 1997 1831 insistant,
2020 1798 2136 1836 quibus
2158 1799 2265 1837 quoad

1255 1843 1317 1872 alia
1341 1844 1410 1873 loca
1435 1847 1468 1873 et
1493 1846 1648 1876 beneficia
1673 1847 1772 1885 ipsius
1797 1849 1925 1878 ecclesie
1950 1850 2100 1880 nolumus
2124 1852 2266 1890 prejudi-

1255 1895 1340 1925 cium
1367 1898 1521 1936 generari,
1549 1901 1608 1928 aut
1635 1901 1722 1938 quod
1750 1901 1835 1930 idem
1863 1902 2049 1932 Leonardus
2077 1904 2202 1942 patitur
2228 1905 2261 1934 in

1254 1950 1342 1979 etate
1385 1950 1557 1985 defectum,
1594 1952 1661 1982 sive
1703 1953 1811 1992 aliqua
1853 1955 2053 1994 indulgentia
2086 1957 2260 1987 venerabili

1252 2001 1345 2031 fratri
1389 2006 1531 2038 nostro..‚
1565 2005 1714 2044 episcopo
1752 2007 1966 2046 Pergamensi,
2005 2012 2063 2038 aut
2100 2009 2262 2049 aliquibus

1253 2054 1322 2084 aliis
1345 2056 1405 2085 sub
1428 2066 1632 2097 quocumque
1655 2061 1765 2089 tenore
1788 2069 1936 2090 concessa
1960 2071 2016 2100 per
2039 2071 2102 2101 qua
2125 2062 2261 2093 effectus

1254 2107 1442 2146 hujusmodi
1487 2110 1590 2149 gratie
1636 2112 1745 2141 valeat
1783 2113 1940 2152 impediri.
1990 2115 2065 2144 Dat.
2112 2116 2259 2151 Viterbii‚

1254 2160 1322 2190 XII
1342 2162 1406 2191 kal.
1426 2162 1518 2200 junii,
1538 2172 1623 2193 anno
1644 2167 1771 2203 quarto.
1793 2177 1805 2193 1>

1334 2359 1415 2385 2561
1810 2364 1947 2396 Viterbe,
1959 2364 1996 2391 23
2008 2366 2071 2391 mai
2093 2365 2179 2392 1258.

1294 2407 1497 2435 Abbatissam
1526 2411 1558 2436 et
1587 2413 1778 2438 conventum
1806 2413 1989 2439 monasterii
2018 2413 2047 2440 S.
2078 2414 2194 2440 Mariae
2224 2415 2261 2440 (le

1255 2446 1385 2479 Falesio,
1400 2448 1563 2476 Massanae
1587 2451 1726 2483 diocesis,
1752 2451 1809 2477 sub
1833 2460 1889 2478 sua
1913 2453 2107 2486 protectione
2131 2455 2262 2488 suscipit

1254 2493 1424 2521 omnesque
1442 2495 1549 2515 eorum
1567 2491 1775 2523 possessiones
1794 2493 1825 2518 et
1844 2492 1936 2524 bona,
1953 2492 2025 2525 jura
2043 2500 2079 2520 ac
2098 2494 2261 2527 privilegia

1254 2527 1430 2554 confirmat.
1450 2528 1547 2561 (Rm.
1568 2529 1615 2561 25,
1635 2530 1656 2556 f.
1669 2531 1725 2557 137
1742 2535 1787 2562 v0,
1801 2539 1850 2557 an.
1871 2532 1922 2564 IV,
1943 2540 1967 2558 c.
1990 2532 2065 2565 134;
2086 2533 2261 2560 POTTHAST

1256 2565 1376 2600 17285.)

1295 2667 1339 2690 «..‚
1374 2657 1528 2687 abbatisse
1561 2660 1740 2689 monasterii
1775 2661 1885 2690 Sancte
1929 2662 2035 2691 Marte
2068 2662 2104 2691 de
2138 2662 2261 2692 Falesia

1252 2708 1377 2747 ejusque
1401 2711 1568 2745 sororibus,
1595 2713 1657 2741 tam
1682 2714 1876 2751 presentibus
1902 2723 1993 2752 quam
2019 2715 2146 2752 lutaris,
2173 2724 2261 2753 requ-

1251 2760 1345 2791 larem
1371 2763 1464 2793 vitam
1488 2765 1636 2802 professis
1662 2765 1694 2794 in
1718 2768 1911 2804 perpetuum.
1939 2767 2132 2805 Religiosam
2157 2768 2260 2797 vitam

1251 2814 1441 2853 eligentibus
1467 2819 1527 2846 etc.
1554 2827 1671 2855 usque:
1699 2822 1839 2849 enervet.
1866 2820 2056 2857 Eapropter,
2084 2820 2197 2850 dilecte
2228 2821 2260 2851 in

1253 2867 1379 2898 Christo
1409 2869 1484 2904 filie,
1515 2870 1630 2899 vestris
1659 2871 1754 2909 justis
1785 2873 2057 2910 postulationibus
2089 2873 2261 2903 clementer

1252 2921 1423 2951 annuimus
1453 2925 1486 2952 et
1524 2924 1753 2953 monasterium
1784 2925 1899 2954 Sancte
1929 2925 2027 2955 Marie
2057 2926 2096 2955 de
2126 2926 2259 2959 Falesm,

1252 2974 1399 3004 Massane
1426 2976 1567 3010 diocesis,
1597 2977 1626 3006 in
1654 2987 1717 3015 quo
1744 2977 1853 3007 divino
1879 2978 1954 3007 estis
1981 2979 2134 3017 obsequio
2171 2989 2263 3009 man-
