<?xml version="1.0" encoding="UTF-8"?>
<!DOCTYPE html PUBLIC "-//W3C//DTD XHTML 1.0 Transitional//EN"
    "http://www.w3.org/TR/xhtml1/DTD/xhtml1-transitional.dtd">
<html xmlns="http://www.w3.org/1999/xhtml" xml:lang="en" lang="en">
 <head>
  <title>
</title>
<meta http-equiv="Content-Type" content="text/html;charset=utf-8" />
  <meta name='ocr-system' content='tesseract 3.04.00' />
  <meta name='ocr-capabilities' content='ocr_page ocr_carea ocr_par ocr_line ocrx_word'/>
</head>
<body>
  <div class='ocr_page' id='page_1' title='image "./lesregistresdegr02cathuoft_0271.png"; bbox 0 0 2477 3512; ppageno 0'>
   <div class='ocr_carea' id='block_1_1' title="bbox 912 299 1312 340">
    <p class='ocr_par' dir='ltr' id='par_1_1' title="bbox 912 299 1312 340">
     <span class='ocr_line' id='line_1_1' title="bbox 912 299 1312 340; baseline 0 -2"><span class='ocrx_word' id='word_1_1' title='bbox 912 299 1141 340; x_wconf 77' lang='lat' dir='ltr'>TROISIEME</span> <span class='ocrx_word' id='word_1_2' title='bbox 1166 301 1312 339; x_wconf 75' lang='lat' dir='ltr'>ANNEE</span> 
     </span>
    </p>
   </div>
   <div class='ocr_carea' id='block_1_2' title="bbox 173 376 1011 410">
    <p class='ocr_par' dir='ltr' id='par_1_2' title="bbox 173 376 1011 410">
     <span class='ocr_line' id='line_1_2' title="bbox 173 376 1011 410; baseline -0.01 -1"><span class='ocrx_word' id='word_1_3' title='bbox 173 381 273 409; x_wconf 69' lang='lat'>2:394</span> <span class='ocrx_word' id='word_1_4' title='bbox 575 379 701 410; x_wconf 82' lang='lat' dir='ltr'>Viterbe,</span> <span class='ocrx_word' id='word_1_5' title='bbox 715 380 748 404; x_wconf 77' lang='lat'>22</span> <span class='ocrx_word' id='word_1_6' title='bbox 759 376 918 403; x_wconf 85' lang='lat' dir='ltr'>novembre</span> <span class='ocrx_word' id='word_1_7' title='bbox 935 377 1011 401; x_wconf 78' lang='lat'>1257.</span> 
     </span>
    </p>
   </div>
   <div class='ocr_carea' id='block_1_3' title="bbox 102 466 1086 599">
    <p class='ocr_par' dir='ltr' id='par_1_3' title="bbox 102 466 1086 599">
     <span class='ocr_line' id='line_1_3' title="bbox 141 466 1086 507; baseline -0.008 -7"><span class='ocrx_word' id='word_1_8' title='bbox 141 473 241 500; x_wconf 82' lang='lat' dir='ltr'>Eidem</span> <span class='ocrx_word' id='word_1_9' title='bbox 253 472 394 507; x_wconf 81' lang='lat' dir='ltr'>indulget,</span> <span class='ocrx_word' id='word_1_10' title='bbox 409 471 510 497; x_wconf 88' lang='lat' dir='ltr'>utloco</span> <span class='ocrx_word' id='word_1_11' title='bbox 521 471 639 496; x_wconf 91' lang='lat' dir='ltr'>illorum</span> <span class='ocrx_word' id='word_1_12' title='bbox 656 477 670 495; x_wconf 88' lang='lat' dir='ltr'>e</span> <span class='ocrx_word' id='word_1_13' title='bbox 681 469 740 495; x_wconf 82' lang='lat' dir='ltr'>suis</span> <span class='ocrx_word' id='word_1_14' title='bbox 754 467 917 500; x_wconf 78' lang='lat' dir='ltr'>beneficiis,</span> <span class='ocrx_word' id='word_1_15' title='bbox 928 475 1002 501; x_wconf 84' lang='lat' dir='ltr'>quae</span> <span class='ocrx_word' id='word_1_16' title='bbox 1017 466 1086 493; x_wconf 87' lang='lat' dir='ltr'>resi-</span> 
     </span>
     <span class='ocr_line' id='line_1_4' title="bbox 107 515 1085 556; baseline -0.009 -8"><span class='ocrx_word' id='word_1_17' title='bbox 107 529 195 556; x_wconf 85' lang='lat' dir='ltr'>gnare</span> <span class='ocrx_word' id='word_1_18' title='bbox 206 520 343 555; x_wconf 80' lang='lat' dir='ltr'>poluerit,</span> <span class='ocrx_word' id='word_1_19' title='bbox 358 519 382 545; x_wconf 90' lang='lat' dir='ltr'>ei</span> <span class='ocrx_word' id='word_1_20' title='bbox 394 519 515 544; x_wconf 85' lang='lat' dir='ltr'>totidem</span> <span class='ocrx_word' id='word_1_21' title='bbox 528 517 659 551; x_wconf 86' lang='lat' dir='ltr'>recipere</span> <span class='ocrx_word' id='word_1_22' title='bbox 671 519 698 542; x_wconf 87' lang='lat' dir='ltr'>et</span> <span class='ocrx_word' id='word_1_23' title='bbox 708 515 836 542; x_wconf 82' lang='lat' dir='ltr'>retinere</span> <span class='ocrx_word' id='word_1_24' title='bbox 847 515 941 541; x_wconf 76' lang='lat' dir='ltr'>liceat.</span> <span class='ocrx_word' id='word_1_25' title='bbox 952 515 1030 548; x_wconf 65' lang='lat' dir='ltr'>(nna.</span> <span class='ocrx_word' id='word_1_26' title='bbox 1042 516 1085 543; x_wconf 77' lang='lat'>25,</span> 
     </span>
     <span class='ocr_line' id='line_1_5' title="bbox 102 567 450 599; baseline -0.011 -4"><span class='ocrx_word' id='word_1_27' title='bbox 102 578 129 595; x_wconf 76' lang='lat' dir='ltr'>a.</span> <span class='ocrx_word' id='word_1_28' title='bbox 149 569 194 599; x_wconf 82' lang='grc' dir='ltr'>ΙΙΙ,</span> <span class='ocrx_word' id='word_1_29' title='bbox 213 576 235 594; x_wconf 90' lang='lat' dir='ltr'>c.</span> <span class='ocrx_word' id='word_1_30' title='bbox 252 569 311 599; x_wconf 75' lang='lat'>774,</span> <span class='ocrx_word' id='word_1_31' title='bbox 329 567 348 593; x_wconf 83' lang='lat' dir='ltr'>f.</span> <span class='ocrx_word' id='word_1_32' title='bbox 367 567 450 592; x_wconf 56' lang='lat' dir='ltr'>lOSU</span> 
     </span>
    </p>
   </div>
   <div class='ocr_carea' id='block_1_4' title="bbox 114 654 1085 749">
    <p class='ocr_par' dir='ltr' id='par_1_4' title="bbox 114 654 1085 749">
     <span class='ocr_line' id='line_1_6' title="bbox 155 654 1085 698; baseline -0.006 -9"><span class='ocrx_word' id='word_1_33' title='bbox 155 673 169 686; x_wconf 69' lang='grc' dir='ltr'>«ι</span> <span class='ocrx_word' id='word_1_34' title='bbox 206 658 337 690; x_wconf 78' lang='lat' dir='ltr'>Eidem.</span> <span class='ocrx_word' id='word_1_35' title='bbox 369 657 557 698; x_wconf 79' lang='lat' dir='ltr'>Apostolice</span> <span class='ocrx_word' id='word_1_36' title='bbox 582 655 674 687; x_wconf 84' lang='lat' dir='ltr'>Sedis</span> <span class='ocrx_word' id='word_1_37' title='bbox 710 655 894 695; x_wconf 76' lang='lat' dir='ltr'>benignitas</span> <span class='ocrx_word' id='word_1_38' title='bbox 920 672 972 684; x_wconf 91' lang='lat'>—-.</span> <span class='ocrx_word' id='word_1_39' title='bbox 1016 654 1085 684; x_wconf 87' lang='lat' dir='ltr'>Dat.</span> 
     </span>
     <span class='ocr_line' id='line_1_7' title="bbox 114 711 868 749; baseline -0.008 -4"><span class='ocrx_word' id='word_1_40' title='bbox 114 714 262 749; x_wconf 72' lang='lat' dir='ltr'>viterbii,</span> <span class='ocrx_word' id='word_1_41' title='bbox 286 715 315 744; x_wconf 84' lang='lat' dir='ltr'><strong>X</strong></span> <span class='ocrx_word' id='word_1_42' title='bbox 330 713 393 744; x_wconf 86' lang='lat' dir='ltr'>kal.</span> <span class='ocrx_word' id='word_1_43' title='bbox 417 713 610 749; x_wconf 81' lang='lat' dir='ltr'>decembris,</span> <span class='ocrx_word' id='word_1_44' title='bbox 624 721 706 742; x_wconf 91' lang='lat' dir='ltr'>anno</span> <span class='ocrx_word' id='word_1_45' title='bbox 721 711 831 741; x_wconf 86' lang='lat' dir='ltr'>tertio.</span> <span class='ocrx_word' id='word_1_46' title='bbox 854 723 868 744; x_wconf 63' lang='grc' dir='ltr'><strong><em>υ</em></strong></span> 
     </span>
    </p>
   </div>
   <div class='ocr_carea' id='block_1_5' title="bbox 177 859 1020 890">
    <p class='ocr_par' dir='ltr' id='par_1_5' title="bbox 177 859 1020 890">
     <span class='ocr_line' id='line_1_8' title="bbox 177 859 1020 890; baseline -0.005 -2"><span class='ocrx_word' id='word_1_47' title='bbox 177 861 277 888; x_wconf 77' lang='grc'><strong>2395</strong></span> <span class='ocrx_word' id='word_1_48' title='bbox 579 859 703 890; x_wconf 87' lang='lat' dir='ltr'>Viterbe‚</span> <span class='ocrx_word' id='word_1_49' title='bbox 720 861 752 886; x_wconf 79' lang='lat'>22</span> <span class='ocrx_word' id='word_1_50' title='bbox 768 859 927 885; x_wconf 78' lang='lat' dir='ltr'>novembre</span> <span class='ocrx_word' id='word_1_51' title='bbox 944 860 1020 885; x_wconf 81' lang='lat'>1257.</span> 
     </span>
    </p>
   </div>
   <div class='ocr_carea' id='block_1_6' title="bbox 109 944 1098 1266">
    <p class='ocr_par' dir='ltr' id='par_1_6' title="bbox 109 944 1098 1266">
     <span class='ocr_line' id='line_1_9' title="bbox 143 944 1093 982; baseline -0.005 -8"><span class='ocrx_word' id='word_1_52' title='bbox 143 948 243 974; x_wconf 85' lang='lat' dir='ltr'>Eidem</span> <span class='ocrx_word' id='word_1_53' title='bbox 267 947 442 982; x_wconf 79' lang='lat' dir='ltr'>supplicanti</span> <span class='ocrx_word' id='word_1_54' title='bbox 459 946 602 980; x_wconf 84' lang='lat' dir='ltr'>indulget,</span> <span class='ocrx_word' id='word_1_55' title='bbox 618 948 651 971; x_wconf 86' lang='lat' dir='ltr'>ut</span> <span class='ocrx_word' id='word_1_56' title='bbox 670 948 728 971; x_wconf 78' lang='lat' dir='ltr'>tres</span> <span class='ocrx_word' id='word_1_57' title='bbox 748 945 812 978; x_wconf 83' lang='lat' dir='ltr'>ejus</span> <span class='ocrx_word' id='word_1_58' title='bbox 827 945 927 971; x_wconf 86' lang='lat' dir='ltr'>clerici</span> <span class='ocrx_word' id='word_1_59' title='bbox 942 952 993 978; x_wconf 89' lang='lat' dir='ltr'>per</span> <span class='ocrx_word' id='word_1_60' title='bbox 1006 944 1093 978; x_wconf 88' lang='lat' dir='ltr'>quin-</span> 
     </span>
     <span class='ocr_line' id='line_1_10' title="bbox 112 992 1094 1029; baseline -0.005 -7"><span class='ocrx_word' id='word_1_61' title='bbox 112 996 275 1029; x_wconf 85' lang='lat' dir='ltr'>quennium</span> <span class='ocrx_word' id='word_1_62' title='bbox 296 995 359 1028; x_wconf 79' lang='lat' dir='ltr'>ejus</span> <span class='ocrx_word' id='word_1_63' title='bbox 379 994 528 1028; x_wconf 83' lang='lat' dir='ltr'>obsequiis</span> <span class='ocrx_word' id='word_1_64' title='bbox 544 993 586 1019; x_wconf 88' lang='lat' dir='ltr'>vel</span> <span class='ocrx_word' id='word_1_65' title='bbox 609 993 725 1019; x_wconf 84' lang='lat' dir='ltr'>Henrici</span> <span class='ocrx_word' id='word_1_66' title='bbox 743 993 817 1027; x_wconf 83' lang='lat' dir='ltr'>regis</span> <span class='ocrx_word' id='word_1_67' title='bbox 832 992 951 1026; x_wconf 69' lang='lat' dir='ltr'>Angliae</span> <span class='ocrx_word' id='word_1_68' title='bbox 969 992 1094 1018; x_wconf 85' lang='lat' dir='ltr'>servitiis</span> 
     </span>
     <span class='ocr_line' id='line_1_11' title="bbox 110 1040 1095 1076; baseline -0.005 -7"><span class='ocrx_word' id='word_1_69' title='bbox 110 1044 280 1069; x_wconf 77' lang='lat' dir='ltr'>insistentes</span> <span class='ocrx_word' id='word_1_70' title='bbox 299 1045 457 1076; x_wconf 87' lang='lat' dir='ltr'>proventus</span> <span class='ocrx_word' id='word_1_71' title='bbox 479 1041 703 1071; x_wconf 81' lang='lat' dir='ltr'>beneficiorum,</span> <span class='ocrx_word' id='word_1_72' title='bbox 725 1048 799 1074; x_wconf 86' lang='lat' dir='ltr'>quae</span> <span class='ocrx_word' id='word_1_73' title='bbox 815 1040 962 1072; x_wconf 76' lang='lat' dir='ltr'>obtinent,</span> <span class='ocrx_word' id='word_1_74' title='bbox 982 1047 1047 1065; x_wconf 85' lang='lat' dir='ltr'>cuin</span> <span class='ocrx_word' id='word_1_75' title='bbox 1063 1047 1095 1065; x_wconf 84' lang='lat' dir='ltr'>ea</span> 
     </span>
     <span class='ocr_line' id='line_1_12' title="bbox 110 1087 1097 1125; baseline -0.005 -8"><span class='ocrx_word' id='word_1_76' title='bbox 110 1091 276 1125; x_wconf 74' lang='lat' dir='ltr'>integritate</span> <span class='ocrx_word' id='word_1_77' title='bbox 306 1090 457 1124; x_wconf 84' lang='lat' dir='ltr'>percipere</span> <span class='ocrx_word' id='word_1_78' title='bbox 495 1089 620 1119; x_wconf 82' lang='lat' dir='ltr'>valeant,</span> <span class='ocrx_word' id='word_1_79' title='bbox 648 1087 907 1114; x_wconf 78' lang='lat' dir='ltr'>distributionibus</span> <span class='ocrx_word' id='word_1_80' title='bbox 941 1087 1097 1113; x_wconf 76' lang='lat' dir='ltr'>cotidianis</span> 
     </span>
     <span class='ocr_line' id='line_1_13' title="bbox 110 1133 1098 1171; baseline -0.006 -6"><span class='ocrx_word' id='word_1_81' title='bbox 110 1133 264 1165; x_wconf 82' lang='lat' dir='ltr'>dumtaxat</span> <span class='ocrx_word' id='word_1_82' title='bbox 284 1138 423 1171; x_wconf 74' lang='lat' dir='ltr'>exceptis,</span> <span class='ocrx_word' id='word_1_83' title='bbox 454 1145 520 1163; x_wconf 87' lang='lat' dir='ltr'>cuin</span> <span class='ocrx_word' id='word_1_84' title='bbox 550 1144 608 1170; x_wconf 85' lang='lat' dir='ltr'>qua</span> <span class='ocrx_word' id='word_1_85' title='bbox 635 1135 703 1161; x_wconf 84' lang='lat' dir='ltr'>illos</span> <span class='ocrx_word' id='word_1_86' title='bbox 729 1136 917 1170; x_wconf 76' lang='lat' dir='ltr'>perciperent</span> <span class='ocrx_word' id='word_1_87' title='bbox 934 1135 956 1161; x_wconf 83' lang='lat' dir='ltr'>si</span> <span class='ocrx_word' id='word_1_88' title='bbox 974 1135 1003 1160; x_wconf 90' lang='lat' dir='ltr'>in</span> <span class='ocrx_word' id='word_1_89' title='bbox 1028 1134 1098 1168; x_wconf 86' lang='lat' dir='ltr'>ipsis</span> 
     </span>
     <span class='ocr_line' id='line_1_14' title="bbox 109 1183 1096 1220; baseline -0.005 -8"><span class='ocrx_word' id='word_1_90' title='bbox 109 1186 243 1212; x_wconf 79' lang='lat' dir='ltr'>eeclesiis</span> <span class='ocrx_word' id='word_1_91' title='bbox 277 1185 477 1220; x_wconf 80' lang='lat' dir='ltr'>personaliter</span> <span class='ocrx_word' id='word_1_92' title='bbox 499 1184 675 1210; x_wconf 76' lang='lat' dir='ltr'>residerent.</span> <span class='ocrx_word' id='word_1_93' title='bbox 696 1185 772 1213; x_wconf 60' lang='lat' dir='ltr'><strong>(Rau.</strong></span> <span class='ocrx_word' id='word_1_94' title='bbox 798 1185 842 1215; x_wconf 71' lang='lat'>25,</span> <span class='ocrx_word' id='word_1_95' title='bbox 864 1191 888 1208; x_wconf 80' lang='lat' dir='ltr'>a.</span> <span class='ocrx_word' id='word_1_96' title='bbox 921 1183 967 1214; x_wconf 76' lang='grc' dir='ltr'>ΙΙΙ,</span> <span class='ocrx_word' id='word_1_97' title='bbox 991 1190 1014 1208; x_wconf 85' lang='lat' dir='ltr'>c.</span> <span class='ocrx_word' id='word_1_98' title='bbox 1037 1184 1096 1211; x_wconf 71' lang='lat'>775,</span> 
     </span>
     <span class='ocr_line' id='line_1_15' title="bbox 109 1233 232 1266; baseline 0 -7"><span class='ocrx_word' id='word_1_99' title='bbox 109 1234 128 1259; x_wconf 76' lang='lat' dir='ltr'>f.</span> <span class='ocrx_word' id='word_1_100' title='bbox 148 1233 232 1266; x_wconf 68' lang='lat' dir='ltr'><strong>105V.)</strong></span> 
     </span>
    </p>
   </div>
   <div class='ocr_carea' id='block_1_7' title="bbox 118 1320 1097 1414">
    <p class='ocr_par' dir='ltr' id='par_1_7' title="bbox 118 1320 1097 1414">
     <span class='ocr_line' id='line_1_16' title="bbox 161 1320 1097 1360; baseline -0.002 -11"><span class='ocrx_word' id='word_1_101' title='bbox 161 1336 175 1350; x_wconf 88' lang='lat'>«</span> <span class='ocrx_word' id='word_1_102' title='bbox 201 1320 331 1352; x_wconf 79' lang='lat' dir='ltr'>Eidem.</span> <span class='ocrx_word' id='word_1_103' title='bbox 354 1321 451 1351; x_wconf 88' lang='lat' dir='ltr'>Tuam</span> <span class='ocrx_word' id='word_1_104' title='bbox 483 1321 628 1351; x_wconf 85' lang='lat' dir='ltr'>volentes</span> <span class='ocrx_word' id='word_1_105' title='bbox 657 1320 817 1350; x_wconf 87' lang='lat' dir='ltr'>honorare</span> <span class='ocrx_word' id='word_1_106' title='bbox 845 1328 1014 1360; x_wconf 81' lang='lat' dir='ltr'>personam</span> <span class='ocrx_word' id='word_1_107' title='bbox 1046 1336 1097 1347; x_wconf 86' lang='lat'>—.</span> 
     </span>
     <span class='ocr_line' id='line_1_17' title="bbox 118 1375 967 1414; baseline -0.004 -6"><span class='ocrx_word' id='word_1_108' title='bbox 118 1378 188 1409; x_wconf 84' lang='lat' dir='ltr'>Dat.</span> <span class='ocrx_word' id='word_1_109' title='bbox 213 1377 365 1410; x_wconf 73' lang='lat' dir='ltr'>viterbii.</span> <span class='ocrx_word' id='word_1_110' title='bbox 386 1377 414 1408; x_wconf 88' lang='lat' dir='ltr'>X</span> <span class='ocrx_word' id='word_1_111' title='bbox 430 1377 494 1407; x_wconf 87' lang='lat' dir='ltr'>kal.</span> <span class='ocrx_word' id='word_1_112' title='bbox 513 1376 707 1414; x_wconf 78' lang='lat' dir='ltr'>decembris,</span> <span class='ocrx_word' id='word_1_113' title='bbox 725 1386 808 1406; x_wconf 86' lang='lat' dir='ltr'>anno</span> <span class='ocrx_word' id='word_1_114' title='bbox 822 1375 931 1406; x_wconf 87' lang='lat' dir='ltr'>tertio.</span> <span class='ocrx_word' id='word_1_115' title='bbox 954 1388 967 1402; x_wconf 85' lang='lat'>»</span> 
     </span>
    </p>
   </div>
   <div class='ocr_carea' id='block_1_8' title="bbox 185 1522 1030 1554">
    <p class='ocr_par' dir='ltr' id='par_1_8' title="bbox 185 1522 1030 1554">
     <span class='ocr_line' id='line_1_18' title="bbox 185 1522 1030 1554; baseline -0.002 -4"><span class='ocrx_word' id='word_1_116' title='bbox 185 1524 286 1550; x_wconf 71' lang='lat'>2396</span> <span class='ocrx_word' id='word_1_117' title='bbox 589 1523 715 1554; x_wconf 80' lang='lat' dir='ltr'>viterbe‚</span> <span class='ocrx_word' id='word_1_118' title='bbox 737 1525 765 1549; x_wconf 85' lang='grc'>13</span> <span class='ocrx_word' id='word_1_119' title='bbox 782 1522 937 1549; x_wconf 75' lang='lat' dir='ltr'>decembre</span> <span class='ocrx_word' id='word_1_120' title='bbox 955 1524 1030 1549; x_wconf 80' lang='lat'><strong>1257.</strong></span> 
     </span>
    </p>
   </div>
   <div class='ocr_carea' id='block_1_9' title="bbox 120 1613 1103 1741">
    <p class='ocr_par' dir='ltr' id='par_1_9' title="bbox 120 1613 1103 1741">
     <span class='ocr_line' id='line_1_19' title="bbox 151 1613 1103 1648; baseline -0.002 -7"><span class='ocrx_word' id='word_1_121' title='bbox 151 1614 297 1641; x_wconf 83' lang='lat' dir='ltr'>Rostando</span> <span class='ocrx_word' id='word_1_122' title='bbox 313 1614 520 1640; x_wconf 86' lang='lat' dir='ltr'>archidiacono</span> <span class='ocrx_word' id='word_1_123' title='bbox 535 1614 700 1648; x_wconf 79' lang='lat' dir='ltr'>Agennensi</span> <span class='ocrx_word' id='word_1_124' title='bbox 715 1615 851 1640; x_wconf 85' lang='lat' dir='ltr'>concedit</span> <span class='ocrx_word' id='word_1_125' title='bbox 864 1613 1033 1640; x_wconf 83' lang='lat' dir='ltr'>facultatem</span> <span class='ocrx_word' id='word_1_126' title='bbox 1047 1613 1103 1639; x_wconf 87' lang='lat' dir='ltr'>dis-</span> 
     </span>
     <span class='ocr_line' id='line_1_20' title="bbox 120 1661 1103 1696; baseline -0.001 -9"><span class='ocrx_word' id='word_1_127' title='bbox 120 1662 264 1696; x_wconf 86' lang='lat' dir='ltr'>pensandi</span> <span class='ocrx_word' id='word_1_128' title='bbox 292 1662 465 1688; x_wconf 77' lang='lat' dir='ltr'>auctoritate</span> <span class='ocrx_word' id='word_1_129' title='bbox 490 1662 653 1696; x_wconf 82' lang='lat' dir='ltr'>apostolica</span> <span class='ocrx_word' id='word_1_130' title='bbox 682 1670 748 1688; x_wconf 86' lang='lat' dir='ltr'>cum</span> <span class='ocrx_word' id='word_1_131' title='bbox 780 1662 895 1688; x_wconf 86' lang='lat' dir='ltr'>duobus</span> <span class='ocrx_word' id='word_1_132' title='bbox 917 1661 1043 1693; x_wconf 80' lang='lat' dir='ltr'>clericis,</span> <span class='ocrx_word' id='word_1_133' title='bbox 1073 1663 1103 1687; x_wconf 88' lang='lat' dir='ltr'>ut</span> 
     </span>
     <span class='ocr_line' id='line_1_21' title="bbox 120 1709 1103 1741; baseline -0.002 -5"><span class='ocrx_word' id='word_1_134' title='bbox 120 1709 178 1736; x_wconf 90' lang='lat' dir='ltr'>duo</span> <span class='ocrx_word' id='word_1_135' title='bbox 193 1709 393 1735; x_wconf 83' lang='lat' dir='ltr'>ecclesiastica</span> <span class='ocrx_word' id='word_1_136' title='bbox 412 1710 556 1736; x_wconf 77' lang='lat' dir='ltr'>beneficia</span> <span class='ocrx_word' id='word_1_137' title='bbox 571 1718 670 1736; x_wconf 83' lang='lat' dir='ltr'>curam</span> <span class='ocrx_word' id='word_1_138' title='bbox 687 1711 852 1736; x_wconf 82' lang='lat' dir='ltr'>animarum</span> <span class='ocrx_word' id='word_1_139' title='bbox 869 1709 1016 1741; x_wconf 81' lang='lat' dir='ltr'>habentia,</span> <span class='ocrx_word' id='word_1_140' title='bbox 1033 1709 1103 1735; x_wconf 87' lang='lat' dir='ltr'>insi—</span> 
     </span>
    </p>
   </div>
   <div class='ocr_carea' id='block_1_10' title="bbox 118 1757 1104 1831">
    <p class='ocr_par' dir='ltr' id='par_1_10' title="bbox 118 1757 1104 1831">
     <span class='ocr_line' id='line_1_22' title="bbox 120 1757 1104 1791; baseline 0 -8"><span class='ocrx_word' id='word_1_141' title='bbox 120 1757 180 1783; x_wconf 88' lang='lat' dir='ltr'>mul</span> <span class='ocrx_word' id='word_1_142' title='bbox 210 1757 342 1791; x_wconf 70' lang='lat' dir='ltr'>reciperc</span> <span class='ocrx_word' id='word_1_143' title='bbox 366 1760 393 1782; x_wconf 84' lang='lat' dir='ltr'>et</span> <span class='ocrx_word' id='word_1_144' title='bbox 413 1757 542 1783; x_wconf 77' lang='lat' dir='ltr'>retinere</span> <span class='ocrx_word' id='word_1_145' title='bbox 567 1757 690 1783; x_wconf 72' lang='lat' dir='ltr'>valeant</span> <span class='ocrx_word' id='word_1_146' title='bbox 721 1757 798 1789; x_wconf 73' lang='lat' dir='ltr'>(Hac.</span> <span class='ocrx_word' id='word_1_147' title='bbox 819 1759 862 1789; x_wconf 65' lang='lat'>25,</span> <span class='ocrx_word' id='word_1_148' title='bbox 885 1765 909 1783; x_wconf 84' lang='lat' dir='ltr'>a.</span> <span class='ocrx_word' id='word_1_149' title='bbox 931 1757 978 1787; x_wconf 86' lang='grc' dir='ltr'>ΙΙΙ,</span> <span class='ocrx_word' id='word_1_150' title='bbox 996 1764 1019 1782; x_wconf 89' lang='lat' dir='ltr'>c.</span> <span class='ocrx_word' id='word_1_151' title='bbox 1044 1758 1104 1788; x_wconf 75' lang='lat'>776,</span> 
     </span>
     <span class='ocr_line' id='line_1_23' title="bbox 118 1804 225 1831; baseline 0 -1"><span class='ocrx_word' id='word_1_152' title='bbox 118 1804 136 1830; x_wconf 80' lang='lat'>5.</span> <span class='ocrx_word' id='word_1_153' title='bbox 157 1806 225 1831; x_wconf 50' lang='lat'><strong>¹069]</strong></span> 
     </span>
    </p>
   </div>
   <div class='ocr_carea' id='block_1_11' title="bbox 121 1892 1108 2045">
    <p class='ocr_par' dir='ltr' id='par_1_11' title="bbox 121 1892 1108 2045">
     <span class='ocr_line' id='line_1_24' title="bbox 165 1892 1108 1935; baseline 0.003 -14"><span class='ocrx_word' id='word_1_154' title='bbox 165 1907 178 1921; x_wconf 63' lang='lat' dir='ltr'>a</span> <span class='ocrx_word' id='word_1_155' title='bbox 199 1892 368 1923; x_wconf 63' lang='lat' dir='ltr'>lfoscamlo</span> <span class='ocrx_word' id='word_1_156' title='bbox 388 1892 564 1932; x_wconf 68' lang='lat' dir='ltr'>capellano</span> <span class='ocrx_word' id='word_1_157' title='bbox 591 1899 715 1931; x_wconf 66' lang='lat' dir='ltr'>nostro,</span> <span class='ocrx_word' id='word_1_158' title='bbox 737 1892 975 1924; x_wconf 76' lang='lat' dir='ltr'>archidiacono</span> <span class='ocrx_word' id='word_1_159' title='bbox 996 1895 1108 1935; x_wconf 71' lang='lat' dir='ltr'>Ayen—</span> 
     </span>
     <span class='ocr_line' id='line_1_25' title="bbox 121 1949 1105 1991; baseline 0.001 -11"><span class='ocrx_word' id='word_1_160' title='bbox 121 1949 227 1980; x_wconf 81' lang='lat' dir='ltr'>nensi.</span> <span class='ocrx_word' id='word_1_161' title='bbox 260 1950 357 1980; x_wconf 88' lang='lat' dir='ltr'>Tuam</span> <span class='ocrx_word' id='word_1_162' title='bbox 382 1950 528 1980; x_wconf 80' lang='lat' dir='ltr'>volentes</span> <span class='ocrx_word' id='word_1_163' title='bbox 557 1950 715 1980; x_wconf 86' lang='lat' dir='ltr'>honorare</span> <span class='ocrx_word' id='word_1_164' title='bbox 748 1960 917 1991; x_wconf 73' lang='lat' dir='ltr'>personam</span> <span class='ocrx_word' id='word_1_165' title='bbox 948 1968 1001 1980; x_wconf 91' lang='lat'>—.</span> <span class='ocrx_word' id='word_1_166' title='bbox 1034 1950 1105 1981; x_wconf 86' lang='lat' dir='ltr'>Dat.</span> 
     </span>
     <span class='ocr_line' id='line_1_26' title="bbox 122 2005 870 2045; baseline -0.004 -8"><span class='ocrx_word' id='word_1_167' title='bbox 122 2005 269 2043; x_wconf 71' lang='lat' dir='ltr'>viterbii,</span> <span class='ocrx_word' id='word_1_168' title='bbox 288 2006 389 2036; x_wconf 81' lang='lat' dir='ltr'>idibus</span> <span class='ocrx_word' id='word_1_169' title='bbox 410 2006 603 2045; x_wconf 78' lang='lat' dir='ltr'>decembris,</span> <span class='ocrx_word' id='word_1_170' title='bbox 627 2016 708 2036; x_wconf 88' lang='lat' dir='ltr'>anno</span> <span class='ocrx_word' id='word_1_171' title='bbox 727 2007 836 2037; x_wconf 87' lang='lat' dir='ltr'>tertio.</span> <span class='ocrx_word' id='word_1_172' title='bbox 856 2020 870 2034; x_wconf 65' lang='lat' dir='ltr'><em>n</em></span> 
     </span>
    </p>
   </div>
   <div class='ocr_carea' id='block_1_12' title="bbox 190 2153 1036 2185">
    <p class='ocr_par' dir='ltr' id='par_1_12' title="bbox 190 2153 1036 2185">
     <span class='ocr_line' id='line_1_27' title="bbox 190 2153 1036 2185; baseline -0.002 -5"><span class='ocrx_word' id='word_1_173' title='bbox 190 2153 291 2180; x_wconf 69' lang='lat'>2397</span> <span class='ocrx_word' id='word_1_174' title='bbox 695 2153 808 2185; x_wconf 83' lang='lat' dir='ltr'>Latran,</span> <span class='ocrx_word' id='word_1_175' title='bbox 825 2155 858 2179; x_wconf 90' lang='grc'>30</span> <span class='ocrx_word' id='word_1_176' title='bbox 873 2153 942 2179; x_wconf 87' lang='lat' dir='ltr'>avril</span> <span class='ocrx_word' id='word_1_177' title='bbox 963 2155 1036 2180; x_wconf 74' lang='lat'>1257.</span> 
     </span>
    </p>
   </div>
   <div class='ocr_carea' id='block_1_13' title="bbox 155 2244 1108 2273">
    <p class='ocr_par' dir='ltr' id='par_1_13' title="bbox 155 2244 1108 2273">
     <span class='ocr_line' id='line_1_28' title="bbox 155 2244 1108 2273; baseline 0.004 -4"><span class='ocrx_word' id='word_1_178' title='bbox 155 2244 262 2270; x_wconf 80' lang='lat' dir='ltr'>Jacobo</span> <span class='ocrx_word' id='word_1_179' title='bbox 285 2246 426 2271; x_wconf 82' lang='lat' dir='ltr'>canonico</span> <span class='ocrx_word' id='word_1_180' title='bbox 450 2245 586 2271; x_wconf 88' lang='lat' dir='ltr'>Paduano</span> <span class='ocrx_word' id='word_1_181' title='bbox 605 2246 760 2272; x_wconf 85' lang='lat' dir='ltr'>confirmat</span> <span class='ocrx_word' id='word_1_182' title='bbox 784 2246 971 2273; x_wconf 84' lang='lat' dir='ltr'>collationem</span> <span class='ocrx_word' id='word_1_183' title='bbox 988 2248 1108 2273; x_wconf 86' lang='lat' dir='ltr'>canoni-</span> 
     </span>
    </p>
   </div>
   <div class='ocr_carea' id='block_1_14' title="bbox 121 2292 1111 2418">
    <p class='ocr_par' dir='ltr' id='par_1_14' title="bbox 121 2292 1111 2418">
     <span class='ocr_line' id='line_1_29' title="bbox 121 2292 1111 2327; baseline 0.002 -8"><span class='ocrx_word' id='word_1_184' title='bbox 121 2295 203 2319; x_wconf 78' lang='lat' dir='ltr'>catus</span> <span class='ocrx_word' id='word_1_185' title='bbox 217 2292 449 2326; x_wconf 82' lang='lat' dir='ltr'>etpraebendae‚</span> <span class='ocrx_word' id='word_1_186' title='bbox 464 2293 570 2327; x_wconf 83' lang='lat' dir='ltr'>quibus</span> <span class='ocrx_word' id='word_1_187' title='bbox 582 2295 683 2319; x_wconf 81' lang='lat' dir='ltr'>Petrus</span> <span class='ocrx_word' id='word_1_188' title='bbox 697 2294 844 2327; x_wconf 84' lang='lat' dir='ltr'>quondam</span> <span class='ocrx_word' id='word_1_189' title='bbox 859 2295 1014 2321; x_wconf 81' lang='lat' dir='ltr'>Paduanus</span> <span class='ocrx_word' id='word_1_190' title='bbox 1025 2303 1111 2321; x_wconf 83' lang='lat' dir='ltr'>cano-</span> 
     </span>
     <span class='ocr_line' id='line_1_30' title="bbox 126 2339 1108 2375; baseline 0.004 -10"><span class='ocrx_word' id='word_1_191' title='bbox 126 2339 210 2365; x_wconf 88' lang='lat' dir='ltr'>nicus</span> <span class='ocrx_word' id='word_1_192' title='bbox 230 2340 265 2365; x_wconf 86' lang='lat' dir='ltr'>ab</span> <span class='ocrx_word' id='word_1_193' title='bbox 293 2341 429 2374; x_wconf 84' lang='lat' dir='ltr'>episcopo</span> <span class='ocrx_word' id='word_1_194' title='bbox 450 2340 587 2367; x_wconf 78' lang='lat' dir='ltr'>Adriensi</span> <span class='ocrx_word' id='word_1_195' title='bbox 610 2341 738 2375; x_wconf 75' lang='lat' dir='ltr'>privatus</span> <span class='ocrx_word' id='word_1_196' title='bbox 764 2345 815 2368; x_wconf 87' lang='lat' dir='ltr'>est.</span> <span class='ocrx_word' id='word_1_197' title='bbox 840 2343 917 2375; x_wconf 70' lang='lat' dir='ltr'>(um.</span> <span class='ocrx_word' id='word_1_198' title='bbox 942 2344 984 2373; x_wconf 69' lang='lat'>25,</span> <span class='ocrx_word' id='word_1_199' title='bbox 1010 2351 1034 2369; x_wconf 82' lang='lat' dir='ltr'>a.</span> <span class='ocrx_word' id='word_1_200' title='bbox 1063 2344 1108 2375; x_wconf 80' lang='grc' dir='ltr'>ΙΙΙ,</span> 
     </span>
     <span class='ocr_line' id='line_1_31' title="bbox 122 2387 347 2418; baseline -0.004 -6"><span class='ocrx_word' id='word_1_201' title='bbox 122 2395 146 2412; x_wconf 91' lang='lat' dir='ltr'>c.</span> <span class='ocrx_word' id='word_1_202' title='bbox 165 2389 224 2418; x_wconf 65' lang='lat'>777,</span> <span class='ocrx_word' id='word_1_203' title='bbox 242 2387 260 2413; x_wconf 83' lang='lat' dir='ltr'>s.</span> <span class='ocrx_word' id='word_1_204' title='bbox 277 2388 347 2413; x_wconf 56' lang='lat' dir='ltr'>tonsi</span> 
     </span>
    </p>
   </div>
   <div class='ocr_carea' id='block_1_15' title="bbox 125 2491 1111 2647">
    <p class='ocr_par' dir='ltr' id='par_1_15' title="bbox 125 2491 1111 2647">
     <span class='ocr_line' id='line_1_32' title="bbox 169 2491 1111 2532; baseline 0.002 -11"><span class='ocrx_word' id='word_1_205' title='bbox 169 2506 182 2517; x_wconf 72' lang='lat' dir='ltr'>u</span> <span class='ocrx_word' id='word_1_206' title='bbox 215 2492 337 2522; x_wconf 69' lang='lat' dir='ltr'>jacobo</span> <span class='ocrx_word' id='word_1_207' title='bbox 369 2491 531 2523; x_wconf 69' lang='lat' dir='ltr'>canonico</span> <span class='ocrx_word' id='word_1_208' title='bbox 568 2492 745 2532; x_wconf 67' lang='lat' dir='ltr'>Paduam,</span> <span class='ocrx_word' id='word_1_209' title='bbox 778 2499 858 2524; x_wconf 78' lang='lat' dir='ltr'>nato</span> <span class='ocrx_word' id='word_1_210' title='bbox 891 2492 1012 2524; x_wconf 74' lang='lat' dir='ltr'>nobilis</span> <span class='ocrx_word' id='word_1_211' title='bbox 1050 2492 1111 2523; x_wconf 76' lang='lat' dir='ltr'>oiri</span> 
     </span>
     <span class='ocr_line' id='line_1_33' title="bbox 129 2546 1111 2590; baseline 0.002 -12"><span class='ocrx_word' id='word_1_212' title='bbox 129 2547 304 2590; x_wconf 69' lang='lat' dir='ltr'>Mausrerli</span> <span class='ocrx_word' id='word_1_213' title='bbox 324 2546 365 2579; x_wconf 75' lang='lat' dir='ltr'>de</span> <span class='ocrx_word' id='word_1_214' title='bbox 384 2547 498 2585; x_wconf 68' lang='lat' dir='ltr'>Loliia,</span> <span class='ocrx_word' id='word_1_215' title='bbox 520 2548 665 2580; x_wconf 66' lang='lat' dir='ltr'>Ecclesie</span> <span class='ocrx_word' id='word_1_216' title='bbox 699 2550 845 2581; x_wconf 69' lang='lat' dir='ltr'>Romane</span> <span class='ocrx_word' id='word_1_217' title='bbox 876 2548 999 2581; x_wconf 74' lang='lat' dir='ltr'>devoti.</span> <span class='ocrx_word' id='word_1_218' title='bbox 1023 2550 1111 2581; x_wconf 85' lang='lat' dir='ltr'>Solet</span> 
     </span>
     <span class='ocr_line' id='line_1_34' title="bbox 125 2604 1111 2647; baseline 0.002 -13"><span class='ocrx_word' id='word_1_219' title='bbox 125 2614 268 2635; x_wconf 67' lang='lat' dir='ltr'>annuere</span> <span class='ocrx_word' id='word_1_220' title='bbox 283 2604 583 2645; x_wconf 72' lang='lat' dir='ltr'>S‹·‹1esApost‹›1iea</span> <span class='ocrx_word' id='word_1_221' title='bbox 598 2605 657 2646; x_wconf 84' lang='lat' dir='ltr'>piis</span> <span class='ocrx_word' id='word_1_222' title='bbox 681 2606 765 2635; x_wconf 83' lang='lat' dir='ltr'>votis</span> <span class='ocrx_word' id='word_1_223' title='bbox 789 2609 822 2636; x_wconf 88' lang='lat' dir='ltr'>et</span> <span class='ocrx_word' id='word_1_224' title='bbox 842 2606 1111 2647; x_wconf 87' lang='lat' dir='ltr'>honestispeten-</span> 
     </span>
    </p>
   </div>
   <div class='ocr_carea' id='block_1_16' title="bbox 1111 384 1138 2117">
    <p class='ocr_par' dir='ltr' id='par_1_16' title="bbox 1111 384 1138 2117">
     <span class='ocr_line' id='line_1_35' title="bbox 1111 384 1138 2117; baseline 0 0"><span class='ocrx_word' id='word_1_225' title='bbox 1111 384 1138 2117; x_wconf 95' lang='lat' dir='ltr'> </span> 
     </span>
    </p>
   </div>
   <div class='ocr_carea' id='block_1_17' title="bbox 125 2660 1136 2703">
    <p class='ocr_par' dir='ltr' id='par_1_17' title="bbox 125 2660 1136 2703">
     <span class='ocr_line' id='line_1_36' title="bbox 125 2660 1136 2703; baseline 0.002 -13"><span class='ocrx_word' id='word_1_226' title='bbox 125 2660 201 2690; x_wconf 78' lang='lat' dir='ltr'>tium</span> <span class='ocrx_word' id='word_1_227' title='bbox 223 2660 370 2701; x_wconf 83' lang='lat' dir='ltr'>precibus</span> <span class='ocrx_word' id='word_1_228' title='bbox 392 2660 534 2691; x_wconf 78' lang='lat' dir='ltr'>savorem</span> <span class='ocrx_word' id='word_1_229' title='bbox 556 2661 737 2692; x_wconf 69' lang='lat' dir='ltr'>benivolum</span> <span class='ocrx_word' id='word_1_230' title='bbox 759 2662 927 2703; x_wconf 85' lang='lat' dir='ltr'>impertiri.</span> <span class='ocrx_word' id='word_1_231' title='bbox 948 2663 1012 2692; x_wconf 84' lang='lat' dir='ltr'>Tua</span> <span class='ocrx_word' id='word_1_232' title='bbox 1033 2673 1110 2693; x_wconf 82' lang='lat' dir='ltr'>saue</span> <span class='ocrx_word' id='word_1_233' title='bbox 1135 2678 1136 2682; x_wconf 65' lang='lat'><em>=</em></span> 
     </span>
    </p>
   </div>
   <div class='ocr_carea' id='block_1_18' title="bbox 125 2715 1112 2928">
    <p class='ocr_par' dir='ltr' id='par_1_18' title="bbox 125 2715 1112 2928">
     <span class='ocr_line' id='line_1_37' title="bbox 127 2715 1111 2758; baseline 0.003 -12"><span class='ocrx_word' id='word_1_234' title='bbox 127 2715 213 2746; x_wconf 70' lang='lat' dir='ltr'>nobis</span> <span class='ocrx_word' id='word_1_235' title='bbox 233 2716 377 2747; x_wconf 78' lang='lat' dir='ltr'>exhibita</span> <span class='ocrx_word' id='word_1_236' title='bbox 405 2717 516 2757; x_wconf 86' lang='lat' dir='ltr'>petitio</span> <span class='ocrx_word' id='word_1_237' title='bbox 547 2718 744 2755; x_wconf 71' lang='lat' dir='ltr'>continebat,</span> <span class='ocrx_word' id='word_1_238' title='bbox 777 2718 858 2758; x_wconf 82' lang='lat' dir='ltr'>quod</span> <span class='ocrx_word' id='word_1_239' title='bbox 884 2729 954 2749; x_wconf 86' lang='lat' dir='ltr'>cum</span> <span class='ocrx_word' id='word_1_240' title='bbox 974 2718 1111 2749; x_wconf 82' lang='lat' dir='ltr'>dilectus</span> 
     </span>
     <span class='ocr_line' id='line_1_38' title="bbox 125 2770 1111 2805; baseline 0.003 -3"><span class='ocrx_word' id='word_1_241' title='bbox 125 2770 207 2803; x_wconf 80' lang='lat' dir='ltr'>filius</span> <span class='ocrx_word' id='word_1_242' title='bbox 222 2777 344 2803; x_wconf 81' lang='lat' dir='ltr'>noster.</span> <span class='ocrx_word' id='word_1_243' title='bbox 355 2775 392 2804; x_wconf 89' lang='lat' dir='ltr'>O.</span> <span class='ocrx_word' id='word_1_244' title='bbox 408 2775 526 2803; x_wconf 73' lang='lat' dir='ltr'>Sancte</span> <span class='ocrx_word' id='word_1_245' title='bbox 544 2774 645 2804; x_wconf 79' lang='lat' dir='ltr'>Mario</span> <span class='ocrx_word' id='word_1_246' title='bbox 664 2775 695 2804; x_wconf 89' lang='lat' dir='ltr'>in</span> <span class='ocrx_word' id='word_1_247' title='bbox 708 2775 766 2805; x_wconf 82' lang='lat' dir='ltr'>Via</span> <span class='ocrx_word' id='word_1_248' title='bbox 778 2775 855 2805; x_wconf 78' lang='lat' dir='ltr'>Lata</span> <span class='ocrx_word' id='word_1_249' title='bbox 872 2774 1025 2805; x_wconf 83' lang='lat' dir='ltr'>diaconus</span> <span class='ocrx_word' id='word_1_250' title='bbox 1039 2785 1111 2805; x_wconf 89' lang='lat' dir='ltr'>car-</span> 
     </span>
     <span class='ocr_line' id='line_1_39' title="bbox 125 2827 1112 2872; baseline 0.003 -14"><span class='ocrx_word' id='word_1_251' title='bbox 125 2827 253 2865; x_wconf 83' lang='lat' dir='ltr'>dinalis,</span> <span class='ocrx_word' id='word_1_252' title='bbox 276 2832 351 2861; x_wconf 87' lang='lat' dir='ltr'>tuuc</span> <span class='ocrx_word' id='word_1_253' title='bbox 372 2830 401 2860; x_wconf 91' lang='lat' dir='ltr'>iu</span> <span class='ocrx_word' id='word_1_254' title='bbox 419 2830 583 2870; x_wconf 77' lang='lat' dir='ltr'>provincia</span> <span class='ocrx_word' id='word_1_255' title='bbox 606 2831 794 2862; x_wconf 85' lang='lat' dir='ltr'>Lombardie</span> <span class='ocrx_word' id='word_1_256' title='bbox 814 2832 999 2872; x_wconf 75' lang='lat' dir='ltr'>Apostolice</span> <span class='ocrx_word' id='word_1_257' title='bbox 1021 2831 1112 2861; x_wconf 78' lang='lat' dir='ltr'>Sedis</span> 
     </span>
     <span class='ocr_line' id='line_1_40' title="bbox 126 2884 1112 2928; baseline 0.002 -13"><span class='ocrx_word' id='word_1_258' title='bbox 126 2884 271 2925; x_wconf 79' lang='lat' dir='ltr'>legatus,</span> <span class='ocrx_word' id='word_1_259' title='bbox 299 2886 475 2916; x_wconf 72' lang='lat' dir='ltr'>vonerabili</span> <span class='ocrx_word' id='word_1_260' title='bbox 504 2886 595 2917; x_wconf 75' lang='lat' dir='ltr'>fratri</span> <span class='ocrx_word' id='word_1_261' title='bbox 621 2891 757 2918; x_wconf 84' lang='lat' dir='ltr'>nostro..</span> <span class='ocrx_word' id='word_1_262' title='bbox 785 2888 934 2928; x_wconf 85' lang='lat' dir='ltr'>episcopo</span> <span class='ocrx_word' id='word_1_263' title='bbox 964 2887 1112 2919; x_wconf 86' lang='lat' dir='ltr'>Adriensi</span> 
     </span>
    </p>
   </div>
   <div class='ocr_carea' id='block_1_19' title="bbox 127 2940 1139 3040">
    <p class='ocr_par' dir='ltr' id='par_1_19' title="bbox 127 2940 1139 3040">
     <span class='ocr_line' id='line_1_41' title="bbox 127 2940 1139 2981; baseline 0.002 -9"><span class='ocrx_word' id='word_1_264' title='bbox 127 2942 194 2972; x_wconf 87' lang='lat' dir='ltr'>suis</span> <span class='ocrx_word' id='word_1_265' title='bbox 213 2940 337 2973; x_wconf 83' lang='lat' dir='ltr'>dederit</span> <span class='ocrx_word' id='word_1_266' title='bbox 353 2942 472 2973; x_wconf 83' lang='lat' dir='ltr'>litteris</span> <span class='ocrx_word' id='word_1_267' title='bbox 497 2943 526 2972; x_wconf 87' lang='lat' dir='ltr'>in</span> <span class='ocrx_word' id='word_1_268' title='bbox 549 2942 720 2981; x_wconf 72' lang='lat' dir='ltr'>mandatis,</span> <span class='ocrx_word' id='word_1_269' title='bbox 738 2945 771 2974; x_wconf 90' lang='lat' dir='ltr'>ut</span> <span class='ocrx_word' id='word_1_270' title='bbox 787 2944 917 2974; x_wconf 84' lang='lat' dir='ltr'>Petrum</span> <span class='ocrx_word' id='word_1_271' title='bbox 940 2943 1112 2975; x_wconf 83' lang='lat' dir='ltr'>Abbatisse</span> <span class='ocrx_word' id='word_1_272' title='bbox 1138 2958 1139 2964; x_wconf 51' lang='lat'>1</span> 
     </span>
     <span class='ocr_line' id='line_1_42' title="bbox 127 2997 1139 3040; baseline 0.004 -13"><span class='ocrx_word' id='word_1_273' title='bbox 127 2997 288 3037; x_wconf 84' lang='lat' dir='ltr'>quondam</span> <span class='ocrx_word' id='word_1_274' title='bbox 307 2999 492 3029; x_wconf 82' lang='lat' dir='ltr'>canonicum</span> <span class='ocrx_word' id='word_1_275' title='bbox 521 2998 721 3036; x_wconf 85' lang='lat' dir='ltr'>Paduanum,</span> <span class='ocrx_word' id='word_1_276' title='bbox 744 3000 794 3040; x_wconf 89' lang='lat' dir='ltr'>qui</span> <span class='ocrx_word' id='word_1_277' title='bbox 821 3000 951 3031; x_wconf 77' lang='lat' dir='ltr'>Ezelino</span> <span class='ocrx_word' id='word_1_278' title='bbox 982 3000 1021 3031; x_wconf 89' lang='lat' dir='ltr'>de</span> <span class='ocrx_word' id='word_1_279' title='bbox 1050 3001 1113 3031; x_wconf 74' lang='lat' dir='ltr'>Ro-</span> <span class='ocrx_word' id='word_1_280' title='bbox 1138 3009 1139 3017; x_wconf 65' lang='lat'>¹</span> 
     </span>
    </p>
   </div>
   <div class='ocr_carea' id='block_1_20' title="bbox 1137 3022 1140 3037">
    <p class='ocr_par' dir='ltr' id='par_1_20' title="bbox 1137 3022 1140 3037">
     <span class='ocr_line' id='line_1_43' title="bbox 1137 3022 1140 3037; baseline 0 0"><span class='ocrx_word' id='word_1_281' title='bbox 1137 3022 1140 3037; x_wconf 75' lang='lat' dir='ltr'>t</span> 
     </span>
    </p>
   </div>
   <div class='ocr_carea' id='block_1_21' title="bbox 2057 302 2121 333">
    <p class='ocr_par' dir='ltr' id='par_1_21' title="bbox 2057 302 2121 333">
     <span class='ocr_line' id='line_1_44' title="bbox 2057 302 2121 333; baseline 0 0"><span class='ocrx_word' id='word_1_282' title='bbox 2057 302 2121 333; x_wconf 84' lang='lat'>739</span> 
     </span>
    </p>
   </div>
   <div class='ocr_carea' id='block_1_22' title="bbox 1138 371 2125 643">
    <p class='ocr_par' dir='ltr' id='par_1_22' title="bbox 1138 371 2125 643">
     <span class='ocr_line' id='line_1_45' title="bbox 1138 371 2120 414; baseline -0.008 -6"><span class='ocrx_word' id='word_1_283' title='bbox 1138 377 1252 409; x_wconf 79' lang='lat' dir='ltr'>manis.</span> <span class='ocrx_word' id='word_1_284' title='bbox 1276 377 1333 407; x_wconf 88' lang='lat' dir='ltr'>Dei</span> <span class='ocrx_word' id='word_1_285' title='bbox 1360 378 1392 407; x_wconf 90' lang='lat' dir='ltr'>et</span> <span class='ocrx_word' id='word_1_286' title='bbox 1408 376 1555 406; x_wconf 87' lang='lat' dir='ltr'>Ecclesie</span> <span class='ocrx_word' id='word_1_287' title='bbox 1575 376 1702 405; x_wconf 86' lang='lat' dir='ltr'>inimico</span> <span class='ocrx_word' id='word_1_288' title='bbox 1722 374 1882 405; x_wconf 84' lang='lat' dir='ltr'>adherere</span> <span class='ocrx_word' id='word_1_289' title='bbox 1911 371 2120 414; x_wconf 85' lang='lat' dir='ltr'>presumpsit,</span> 
     </span>
     <span class='ocr_line' id='line_1_46' title="bbox 1141 427 2118 472; baseline -0.008 -8"><span class='ocrx_word' id='word_1_290' title='bbox 1141 433 1384 464; x_wconf 80' lang='lat' dir='ltr'>canonicatibus</span> <span class='ocrx_word' id='word_1_291' title='bbox 1409 435 1444 463; x_wconf 86' lang='lat' dir='ltr'>et</span> <span class='ocrx_word' id='word_1_292' title='bbox 1463 431 1647 472; x_wconf 71' lang='lat' dir='ltr'>prebendis,</span> <span class='ocrx_word' id='word_1_293' title='bbox 1671 442 1730 471; x_wconf 86' lang='lat' dir='ltr'>que</span> <span class='ocrx_word' id='word_1_294' title='bbox 1761 431 1791 461; x_wconf 88' lang='lat' dir='ltr'>in</span> <span class='ocrx_word' id='word_1_295' title='bbox 1816 429 1931 471; x_wconf 85' lang='lat' dir='ltr'>majori</span> <span class='ocrx_word' id='word_1_296' title='bbox 1952 430 1986 459; x_wconf 89' lang='lat' dir='ltr'>et</span> <span class='ocrx_word' id='word_1_297' title='bbox 2007 427 2118 458; x_wconf 81' lang='lat' dir='ltr'>Sancti</span> 
     </span>
     <span class='ocr_line' id='line_1_47' title="bbox 1139 485 2125 526; baseline -0.007 -6"><span class='ocrx_word' id='word_1_298' title='bbox 1139 489 1306 520; x_wconf 81' lang='lat' dir='ltr'>Michaelis</span> <span class='ocrx_word' id='word_1_299' title='bbox 1339 488 1489 520; x_wconf 82' lang='lat' dir='ltr'>ecclesiis</span> <span class='ocrx_word' id='word_1_300' title='bbox 1528 488 1690 518; x_wconf 78' lang='lat' dir='ltr'>Paduanis</span> <span class='ocrx_word' id='word_1_301' title='bbox 1724 486 1874 523; x_wconf 86' lang='lat' dir='ltr'>habebat,</span> <span class='ocrx_word' id='word_1_302' title='bbox 1908 485 2052 526; x_wconf 78' lang='lat' dir='ltr'>privanS,</span> <span class='ocrx_word' id='word_1_303' title='bbox 2085 493 2125 514; x_wconf 84' lang='lat' dir='ltr'>ea</span> 
     </span>
     <span class='ocr_line' id='line_1_48' title="bbox 1140 540 2125 586; baseline -0.007 -10"><span class='ocrx_word' id='word_1_304' title='bbox 1140 546 1286 586; x_wconf 87' lang='lat' dir='ltr'>personis</span> <span class='ocrx_word' id='word_1_305' title='bbox 1302 545 1425 576; x_wconf 78' lang='lat' dir='ltr'>idoneis</span> <span class='ocrx_word' id='word_1_306' title='bbox 1443 543 1591 575; x_wconf 79' lang='lat' dir='ltr'>Ecclesie</span> <span class='ocrx_word' id='word_1_307' title='bbox 1612 544 1754 574; x_wconf 77' lang='lat' dir='ltr'>Romane</span> <span class='ocrx_word' id='word_1_308' title='bbox 1770 543 1897 573; x_wconf 81' lang='lat' dir='ltr'>devotis</span> <span class='ocrx_word' id='word_1_309' title='bbox 1917 540 2068 571; x_wconf 87' lang='lat' dir='ltr'>conferre</span> <span class='ocrx_word' id='word_1_310' title='bbox 2089 549 2125 569; x_wconf 85' lang='lat' dir='ltr'>ac</span> 
     </span>
     <span class='ocr_line' id='line_1_49' title="bbox 1140 599 1803 643; baseline -0.005 -11"><span class='ocrx_word' id='word_1_311' title='bbox 1140 603 1309 643; x_wconf 85' lang='lat' dir='ltr'>assignare</span> <span class='ocrx_word' id='word_1_312' title='bbox 1543 599 1803 630; x_wconf 75' lang='lat' dir='ltr'>contradictores</span> 
     </span>
    </p>
   </div>
   <div class='ocr_carea' id='block_1_23' title="bbox 1360 602 2126 639">
    <p class='ocr_par' dir='ltr' id='par_1_23' title="bbox 1360 602 2126 639">
     <span class='ocr_line' id='line_1_50' title="bbox 1360 602 2126 639; baseline -0.009 -7"><span class='ocrx_word' id='word_1_313' title='bbox 1360 602 1502 633; x_wconf 77' lang='lat' dir='ltr'>curaret.</span> <span class='ocrx_word' id='word_1_314' title='bbox 1855 608 1912 639; x_wconf 89' lang='lat' dir='ltr'>per</span> <span class='ocrx_word' id='word_1_315' title='bbox 1958 605 2126 627; x_wconf 78' lang='lat' dir='ltr'>censuram</span> 
     </span>
    </p>
   </div>
   <div class='ocr_carea' id='block_1_24' title="bbox 1141 652 2125 698">
    <p class='ocr_par' dir='ltr' id='par_1_24' title="bbox 1141 652 2125 698">
     <span class='ocr_line' id='line_1_51' title="bbox 1141 652 2125 698; baseline -0.007 -9"><span class='ocrx_word' id='word_1_316' title='bbox 1141 658 1398 689; x_wconf 85' lang='lat' dir='ltr'>ecclesiasticam</span> <span class='ocrx_word' id='word_1_317' title='bbox 1425 657 1641 698; x_wconf 84' lang='lat' dir='ltr'>appellatione</span> <span class='ocrx_word' id='word_1_318' title='bbox 1670 655 1848 696; x_wconf 75' lang='lat' dir='ltr'>postposita</span> <span class='ocrx_word' id='word_1_319' title='bbox 1877 652 2125 694; x_wconf 82' lang='lat' dir='ltr'>compescendo,</span> 
     </span>
    </p>
   </div>
   <div class='ocr_carea' id='block_1_25' title="bbox 1114 708 2126 755">
    <p class='ocr_par' dir='ltr' id='par_1_25' title="bbox 1114 708 2126 755">
     <span class='ocr_line' id='line_1_52' title="bbox 1114 708 2126 755; baseline -0.007 -10"><span class='ocrx_word' id='word_1_320' title='bbox 1114 726 1115 733; x_wconf 60' lang='lat'>¹</span> <span class='ocrx_word' id='word_1_321' title='bbox 1140 714 1225 745; x_wconf 89' lang='lat' dir='ltr'>idem</span> <span class='ocrx_word' id='word_1_322' title='bbox 1235 715 1403 755; x_wconf 88' lang='lat' dir='ltr'>episcopus</span> <span class='ocrx_word' id='word_1_323' title='bbox 1419 713 1539 744; x_wconf 88' lang='lat' dir='ltr'>dictum</span> <span class='ocrx_word' id='word_1_324' title='bbox 1556 713 1688 743; x_wconf 87' lang='lat' dir='ltr'>Petrum</span> <span class='ocrx_word' id='word_1_325' title='bbox 1701 711 1892 741; x_wconf 79' lang='lat' dir='ltr'>canonicatu</span> <span class='ocrx_word' id='word_1_326' title='bbox 1903 712 1936 740; x_wconf 87' lang='lat' dir='ltr'>et</span> <span class='ocrx_word' id='word_1_327' title='bbox 1952 708 2126 750; x_wconf 83' lang='lat' dir='ltr'>prebenda,</span> 
     </span>
    </p>
   </div>
   <div class='ocr_carea' id='block_1_26' title="bbox 1142 766 2138 1422">
    <p class='ocr_par' dir='ltr' id='par_1_26' title="bbox 1142 766 2138 1422">
     <span class='ocr_line' id='line_1_53' title="bbox 1142 766 2127 811; baseline -0.007 -10"><span class='ocrx_word' id='word_1_328' title='bbox 1142 781 1201 811; x_wconf 87' lang='lat' dir='ltr'>que</span> <span class='ocrx_word' id='word_1_329' title='bbox 1222 774 1297 801; x_wconf 89' lang='lat' dir='ltr'>tunc</span> <span class='ocrx_word' id='word_1_330' title='bbox 1324 771 1355 800; x_wconf 91' lang='lat' dir='ltr'>in</span> <span class='ocrx_word' id='word_1_331' title='bbox 1385 769 1539 801; x_wconf 88' lang='lat' dir='ltr'>Paduana</span> <span class='ocrx_word' id='word_1_332' title='bbox 1570 767 1736 799; x_wconf 78' lang='lat' dir='ltr'>obtinebat.</span> <span class='ocrx_word' id='word_1_333' title='bbox 1767 766 1920 804; x_wconf 77' lang='lat' dir='ltr'>ecclesia,</span> <span class='ocrx_word' id='word_1_334' title='bbox 1946 766 2127 796; x_wconf 83' lang='lat' dir='ltr'>litterarum</span> 
     </span>
     <span class='ocr_line' id='line_1_54' title="bbox 1142 821 2130 868; baseline -0.007 -11"><span class='ocrx_word' id='word_1_335' title='bbox 1142 827 1285 868; x_wconf 85' lang='lat' dir='ltr'>ipsarum</span> <span class='ocrx_word' id='word_1_336' title='bbox 1305 826 1515 863; x_wconf 75' lang='lat' dir='ltr'>auctoritate,</span> <span class='ocrx_word' id='word_1_337' title='bbox 1542 825 1580 855; x_wconf 89' lang='lat' dir='ltr'>de</span> <span class='ocrx_word' id='word_1_338' title='bbox 1601 823 1766 864; x_wconf 84' lang='lat' dir='ltr'>premissis</span> <span class='ocrx_word' id='word_1_339' title='bbox 1782 822 1926 862; x_wconf 82' lang='lat' dir='ltr'>legitime</span> <span class='ocrx_word' id='word_1_340' title='bbox 1947 821 2077 860; x_wconf 73' lang='lat' dir='ltr'>cognito</span> <span class='ocrx_word' id='word_1_341' title='bbox 2097 823 2130 850; x_wconf 87' lang='lat' dir='ltr'>et</span> 
     </span>
     <span class='ocr_line' id='line_1_55' title="bbox 1144 878 2131 924; baseline -0.007 -10"><span class='ocrx_word' id='word_1_342' title='bbox 1144 887 1313 924; x_wconf 85' lang='lat' dir='ltr'>comperto</span> <span class='ocrx_word' id='word_1_343' title='bbox 1332 882 1512 924; x_wconf 78' lang='lat' dir='ltr'>privavitet</span> <span class='ocrx_word' id='word_1_344' title='bbox 1532 881 1601 922; x_wconf 86' lang='lat' dir='ltr'>ipsa</span> <span class='ocrx_word' id='word_1_345' title='bbox 1617 880 1674 911; x_wconf 88' lang='lat' dir='ltr'>tibi</span> <span class='ocrx_word' id='word_1_346' title='bbox 1688 880 1718 910; x_wconf 89' lang='lat' dir='ltr'>in</span> <span class='ocrx_word' id='word_1_347' title='bbox 1734 879 1908 909; x_wconf 82' lang='lat' dir='ltr'>devotione</span> <span class='ocrx_word' id='word_1_348' title='bbox 1921 878 2014 908; x_wconf 65' lang='lat' dir='ltr'>Sedis</span> <span class='ocrx_word' id='word_1_349' title='bbox 2027 878 2131 917; x_wconf 83' lang='lat' dir='ltr'>Apos-</span> 
     </span>
     <span class='ocr_line' id='line_1_56' title="bbox 1144 933 2131 980; baseline -0.009 -9"><span class='ocrx_word' id='word_1_350' title='bbox 1144 940 1239 971; x_wconf 84' lang='lat' dir='ltr'>tolice</span> <span class='ocrx_word' id='word_1_351' title='bbox 1256 938 1440 980; x_wconf 83' lang='lat' dir='ltr'>persistenti</span> <span class='ocrx_word' id='word_1_352' title='bbox 1454 938 1608 968; x_wconf 85' lang='lat' dir='ltr'>canonice</span> <span class='ocrx_word' id='word_1_353' title='bbox 1621 935 1768 973; x_wconf 86' lang='lat' dir='ltr'>contulit,</span> <span class='ocrx_word' id='word_1_354' title='bbox 1784 934 1962 965; x_wconf 82' lang='lat' dir='ltr'>investiens</span> <span class='ocrx_word' id='word_1_355' title='bbox 1982 935 2013 964; x_wconf 90' lang='lat' dir='ltr'>te</span> <span class='ocrx_word' id='word_1_356' title='bbox 2030 933 2131 963; x_wconf 85' lang='lat' dir='ltr'>nichi-</span> 
     </span>
     <span class='ocr_line' id='line_1_57' title="bbox 1146 988 2132 1034; baseline -0.009 -7"><span class='ocrx_word' id='word_1_357' title='bbox 1146 997 1282 1027; x_wconf 88' lang='lat' dir='ltr'>lominus</span> <span class='ocrx_word' id='word_1_358' title='bbox 1298 995 1337 1026; x_wconf 89' lang='lat' dir='ltr'>de</span> <span class='ocrx_word' id='word_1_359' title='bbox 1358 994 1492 1032; x_wconf 81' lang='lat' dir='ltr'>eisdem,</span> <span class='ocrx_word' id='word_1_360' title='bbox 1515 995 1608 1034; x_wconf 88' lang='lat' dir='ltr'>prout</span> <span class='ocrx_word' id='word_1_361' title='bbox 1628 993 1658 1022; x_wconf 93' lang='lat' dir='ltr'>in</span> <span class='ocrx_word' id='word_1_362' title='bbox 1680 992 1805 1033; x_wconf 88' lang='lat' dir='ltr'>publico</span> <span class='ocrx_word' id='word_1_363' title='bbox 1825 990 2040 1021; x_wconf 85' lang='lat' dir='ltr'>instrumento</span> <span class='ocrx_word' id='word_1_364' title='bbox 2060 988 2132 1019; x_wconf 86' lang='lat' dir='ltr'>inde</span> 
     </span>
     <span class='ocr_line' id='line_1_58' title="bbox 1148 1045 2133 1091; baseline -0.009 -8"><span class='ocrx_word' id='word_1_365' title='bbox 1148 1053 1298 1083; x_wconf 83' lang='lat' dir='ltr'>confecto</span> <span class='ocrx_word' id='word_1_366' title='bbox 1334 1051 1452 1082; x_wconf 88' lang='lat' dir='ltr'>dicitur</span> <span class='ocrx_word' id='word_1_367' title='bbox 1483 1050 1609 1091; x_wconf 84' lang='lat' dir='ltr'>plenius</span> <span class='ocrx_word' id='word_1_368' title='bbox 1640 1047 1811 1079; x_wconf 79' lang='lat' dir='ltr'>contineri.</span> <span class='ocrx_word' id='word_1_369' title='bbox 1845 1047 1909 1077; x_wconf 76' lang='lat' dir='ltr'>Nos</span> <span class='ocrx_word' id='word_1_370' title='bbox 1939 1046 2039 1086; x_wconf 82' lang='lat' dir='ltr'>igitur</span> <span class='ocrx_word' id='word_1_371' title='bbox 2072 1045 2133 1075; x_wconf 85' lang='lat' dir='ltr'>tuis</span> 
     </span>
     <span class='ocr_line' id='line_1_59' title="bbox 1149 1101 2134 1150; baseline -0.01 -10"><span class='ocrx_word' id='word_1_372' title='bbox 1149 1108 1434 1150; x_wconf 81' lang='lat' dir='ltr'>supplicationibus</span> <span class='ocrx_word' id='word_1_373' title='bbox 1460 1106 1616 1139; x_wconf 77' lang='lat' dir='ltr'>inclinati.</span> <span class='ocrx_word' id='word_1_374' title='bbox 1639 1104 1722 1145; x_wconf 84' lang='lat' dir='ltr'>quod</span> <span class='ocrx_word' id='word_1_375' title='bbox 1743 1114 1838 1145; x_wconf 90' lang='lat' dir='ltr'>super</span> <span class='ocrx_word' id='word_1_376' title='bbox 1872 1103 1932 1133; x_wconf 87' lang='lat' dir='ltr'>hoc</span> <span class='ocrx_word' id='word_1_377' title='bbox 1963 1101 2001 1131; x_wconf 88' lang='lat' dir='ltr'>ab</span> <span class='ocrx_word' id='word_1_378' title='bbox 2022 1101 2134 1131; x_wconf 83' lang='lat' dir='ltr'>eodeni</span> 
     </span>
     <span class='ocr_line' id='line_1_60' title="bbox 1150 1159 2134 1206; baseline -0.007 -10"><span class='ocrx_word' id='word_1_379' title='bbox 1150 1166 1302 1206; x_wconf 85' lang='lat' dir='ltr'>episcopo</span> <span class='ocrx_word' id='word_1_380' title='bbox 1314 1164 1446 1205; x_wconf 80' lang='lat' dir='ltr'>provide</span> <span class='ocrx_word' id='word_1_381' title='bbox 1459 1164 1579 1194; x_wconf 85' lang='lat' dir='ltr'>sactum</span> <span class='ocrx_word' id='word_1_382' title='bbox 1591 1165 1642 1192; x_wconf 88' lang='lat' dir='ltr'>est</span> <span class='ocrx_word' id='word_1_383' title='bbox 1652 1164 1758 1191; x_wconf 82' lang='lat' dir='ltr'>ratum</span> <span class='ocrx_word' id='word_1_384' title='bbox 1776 1160 1933 1191; x_wconf 87' lang='lat' dir='ltr'>habentes</span> <span class='ocrx_word' id='word_1_385' title='bbox 1945 1160 1979 1189; x_wconf 88' lang='lat' dir='ltr'>et</span> <span class='ocrx_word' id='word_1_386' title='bbox 1993 1159 2134 1199; x_wconf 70' lang='lat' dir='ltr'>gratum,</span> 
     </span>
     <span class='ocr_line' id='line_1_61' title="bbox 1150 1213 2138 1260; baseline -0.01 -7"><span class='ocrx_word' id='word_1_387' title='bbox 1150 1222 1227 1253; x_wconf 91' lang='lat' dir='ltr'>illud</span> <span class='ocrx_word' id='word_1_388' title='bbox 1248 1221 1444 1252; x_wconf 79' lang='lat' dir='ltr'>auctoritate</span> <span class='ocrx_word' id='word_1_389' title='bbox 1461 1219 1638 1260; x_wconf 82' lang='lat' dir='ltr'>apostolica</span> <span class='ocrx_word' id='word_1_390' title='bbox 1665 1217 1892 1249; x_wconf 85' lang='lat' dir='ltr'>confirmamus</span> <span class='ocrx_word' id='word_1_391' title='bbox 1913 1218 1947 1246; x_wconf 88' lang='lat' dir='ltr'>et</span> <span class='ocrx_word' id='word_1_392' title='bbox 1975 1213 2138 1255; x_wconf 84' lang='lat' dir='ltr'>presentis</span> 
     </span>
     <span class='ocr_line' id='line_1_62' title="bbox 1152 1271 2137 1319; baseline -0.01 -10"><span class='ocrx_word' id='word_1_393' title='bbox 1152 1279 1266 1319; x_wconf 84' lang='lat' dir='ltr'>scripti</span> <span class='ocrx_word' id='word_1_394' title='bbox 1281 1277 1459 1319; x_wconf 82' lang='lat' dir='ltr'>patrocinio</span> <span class='ocrx_word' id='word_1_395' title='bbox 1468 1275 1712 1307; x_wconf 87' lang='lat' dir='ltr'>communimus.</span> <span class='ocrx_word' id='word_1_396' title='bbox 1725 1273 1810 1304; x_wconf 86' lang='lat' dir='ltr'>Nulli</span> <span class='ocrx_word' id='word_1_397' title='bbox 1827 1271 1923 1314; x_wconf 51' lang='lat' dir='ltr'>{etcssl</span> <span class='ocrx_word' id='word_1_398' title='bbox 1937 1272 2046 1302; x_wconf 86' lang='lat' dir='ltr'>nostre</span> <span class='ocrx_word' id='word_1_399' title='bbox 2060 1279 2137 1300; x_wconf 80' lang='lat' dir='ltr'>con—</span> 
     </span>
     <span class='ocr_line' id='line_1_63' title="bbox 1152 1326 2136 1366; baseline -0.011 0"><span class='ocrx_word' id='word_1_400' title='bbox 1152 1335 1343 1365; x_wconf 86' lang='lat' dir='ltr'>firmationis</span> <span class='ocrx_word' id='word_1_401' title='bbox 1368 1336 1432 1364; x_wconf 85' lang='lat' dir='ltr'>etc.</span> <span class='ocrx_word' id='word_1_402' title='bbox 1462 1333 1575 1363; x_wconf 86' lang='lat' dir='ltr'>Datum</span> <span class='ocrx_word' id='word_1_403' title='bbox 1605 1330 1768 1366; x_wconf 80' lang='lat' dir='ltr'>Laterani,</span> <span class='ocrx_word' id='word_1_404' title='bbox 1805 1329 1831 1359; x_wconf 87' lang='grc' dir='ltr'>ΙΙ</span> <span class='ocrx_word' id='word_1_405' title='bbox 1859 1327 2015 1358; x_wconf 77' lang='lat' dir='ltr'>kalendas</span> <span class='ocrx_word' id='word_1_406' title='bbox 2051 1326 2136 1359; x_wconf 79' lang='lat' dir='ltr'>maii,</span> 
     </span>
     <span class='ocr_line' id='line_1_64' title="bbox 1154 1391 1403 1422; baseline -0.012 0"><span class='ocrx_word' id='word_1_407' title='bbox 1154 1401 1236 1422; x_wconf 88' lang='lat' dir='ltr'>anno</span> <span class='ocrx_word' id='word_1_408' title='bbox 1258 1391 1367 1421; x_wconf 86' lang='lat' dir='ltr'>tertio.</span> <span class='ocrx_word' id='word_1_409' title='bbox 1390 1403 1403 1416; x_wconf 85' lang='lat'>»</span> 
     </span>
    </p>
   </div>
   <div class='ocr_carea' id='block_1_27' title="bbox 1225 1525 2069 1560">
    <p class='ocr_par' dir='ltr' id='par_1_27' title="bbox 1225 1525 2069 1560">
     <span class='ocr_line' id='line_1_65' title="bbox 1225 1525 2069 1560; baseline -0.013 0"><span class='ocrx_word' id='word_1_410' title='bbox 1225 1533 1326 1560; x_wconf 68' lang='lat'>2398</span> <span class='ocrx_word' id='word_1_411' title='bbox 1631 1528 1754 1556; x_wconf 79' lang='lat' dir='ltr'>Viterbe,</span> <span class='ocrx_word' id='word_1_412' title='bbox 1771 1528 1803 1552; x_wconf 74' lang='lat'>22</span> <span class='ocrx_word' id='word_1_413' title='bbox 1821 1525 1977 1552; x_wconf 81' lang='lat' dir='ltr'>novembre</span> <span class='ocrx_word' id='word_1_414' title='bbox 1994 1526 2069 1550; x_wconf 68' lang='lat'>1257.</span> 
     </span>
    </p>
   </div>
   <div class='ocr_carea' id='block_1_28' title="bbox 1191 1625 2142 1661">
    <p class='ocr_par' dir='ltr' id='par_1_28' title="bbox 1191 1625 2142 1661">
     <span class='ocr_line' id='line_1_66' title="bbox 1191 1625 2142 1661; baseline -0.014 0"><span class='ocrx_word' id='word_1_415' title='bbox 1191 1634 1352 1661; x_wconf 78' lang='lat' dir='ltr'>Confirmat</span> <span class='ocrx_word' id='word_1_416' title='bbox 1378 1631 1593 1658; x_wconf 81' lang='lat' dir='ltr'>restitutionem</span> <span class='ocrx_word' id='word_1_417' title='bbox 1615 1629 1701 1655; x_wconf 83' lang='lat' dir='ltr'>castri</span> <span class='ocrx_word' id='word_1_418' title='bbox 1724 1629 1841 1654; x_wconf 55' lang='lat' dir='ltr'>(tonnae</span> <span class='ocrx_word' id='word_1_419' title='bbox 1856 1626 1891 1652; x_wconf 84' lang='lat' dir='ltr'>ab</span> <span class='ocrx_word' id='word_1_420' title='bbox 1908 1625 2011 1651; x_wconf 80' lang='lat' dir='ltr'>abbate</span> <span class='ocrx_word' id='word_1_421' title='bbox 2028 1627 2054 1650; x_wconf 85' lang='lat' dir='ltr'>el</span> <span class='ocrx_word' id='word_1_422' title='bbox 2072 1631 2142 1649; x_wconf 85' lang='lat' dir='ltr'>con—</span> 
     </span>
    </p>
   </div>
   <div class='ocr_carea' id='block_1_29' title="bbox 1129 1671 2146 1709">
    <p class='ocr_par' dir='ltr' id='par_1_29' title="bbox 1129 1671 2146 1709">
     <span class='ocr_line' id='line_1_67' title="bbox 1129 1671 2146 1709; baseline -0.015 1"><span class='ocrx_word' id='word_1_423' title='bbox 1129 1696 1130 1700; x_wconf 51' lang='lat'><em>*</em></span> <span class='ocrx_word' id='word_1_424' title='bbox 1155 1686 1244 1709; x_wconf 89' lang='lat' dir='ltr'>ventu</span> <span class='ocrx_word' id='word_1_425' title='bbox 1274 1680 1447 1708; x_wconf 85' lang='lat' dir='ltr'>monasterii</span> <span class='ocrx_word' id='word_1_426' title='bbox 1473 1677 1660 1705; x_wconf 73' lang='lat' dir='ltr'>sublacensis</span> <span class='ocrx_word' id='word_1_427' title='bbox 1679 1676 1828 1702; x_wconf 86' lang='lat' dir='ltr'>nobilibus</span> <span class='ocrx_word' id='word_1_428' title='bbox 1846 1674 1915 1699; x_wconf 89' lang='lat' dir='ltr'>viris</span> <span class='ocrx_word' id='word_1_429' title='bbox 1943 1671 2092 1706; x_wconf 78' lang='lat' dir='ltr'>Raynaldo</span> <span class='ocrx_word' id='word_1_430' title='bbox 2117 1674 2146 1696; x_wconf 90' lang='lat' dir='ltr'>et</span> 
     </span>
    </p>
   </div>
   <div class='ocr_carea' id='block_1_30' title="bbox 1156 1719 2142 1810">
    <p class='ocr_par' dir='ltr' id='par_1_30' title="bbox 1156 1719 2142 1810">
     <span class='ocr_line' id='line_1_68' title="bbox 1156 1719 2142 1760; baseline -0.014 -3"><span class='ocrx_word' id='word_1_431' title='bbox 1156 1730 1262 1757; x_wconf 74' lang='lat' dir='ltr'>loanni</span> <span class='ocrx_word' id='word_1_432' title='bbox 1278 1729 1406 1755; x_wconf 87' lang='lat' dir='ltr'>dominis</span> <span class='ocrx_word' id='word_1_433' title='bbox 1423 1727 1509 1753; x_wconf 87' lang='lat' dir='ltr'>castri</span> <span class='ocrx_word' id='word_1_434' title='bbox 1531 1727 1649 1751; x_wconf 79' lang='lat' dir='ltr'>Gennae</span> <span class='ocrx_word' id='word_1_435' title='bbox 1668 1727 1696 1749; x_wconf 90' lang='lat' dir='ltr'>et</span> <span class='ocrx_word' id='word_1_436' title='bbox 1711 1731 1813 1749; x_wconf 90' lang='lat' dir='ltr'>eorum</span> <span class='ocrx_word' id='word_1_437' title='bbox 1831 1720 2006 1760; x_wconf 72' lang='lat' dir='ltr'>haeredibus</span> <span class='ocrx_word' id='word_1_438' title='bbox 2026 1719 2142 1744; x_wconf 81' lang='lat' dir='ltr'>factam.</span> 
     </span>
     <span class='ocr_line' id='line_1_69' title="bbox 1159 1773 1646 1810; baseline -0.014 -6"><span class='ocrx_word' id='word_1_439' title='bbox 1159 1780 1237 1810; x_wconf 61' lang='lat' dir='ltr'>[Hac.</span> <span class='ocrx_word' id='word_1_440' title='bbox 1251 1780 1294 1807; x_wconf 77' lang='lat'>25,</span> <span class='ocrx_word' id='word_1_441' title='bbox 1309 1785 1334 1802; x_wconf 86' lang='lat' dir='ltr'>a.</span> <span class='ocrx_word' id='word_1_442' title='bbox 1354 1776 1400 1807; x_wconf 84' lang='grc' dir='ltr'>ΙΙΙ,</span> <span class='ocrx_word' id='word_1_443' title='bbox 1415 1784 1439 1801; x_wconf 86' lang='lat' dir='ltr'>c.</span> <span class='ocrx_word' id='word_1_444' title='bbox 1458 1777 1518 1802; x_wconf 62' lang='lat'>77⁸.</span> <span class='ocrx_word' id='word_1_445' title='bbox 1537 1774 1555 1799; x_wconf 83' lang='lat' dir='ltr'>f.</span> <span class='ocrx_word' id='word_1_446' title='bbox 1573 1773 1646 1805; x_wconf 69' lang='lat'>106.)</span> 
     </span>
    </p>
   </div>
   <div class='ocr_carea' id='block_1_31' title="bbox 1162 1852 2151 2077">
    <p class='ocr_par' dir='ltr' id='par_1_31' title="bbox 1162 1852 2151 2077">
     <span class='ocr_line' id='line_1_70' title="bbox 1206 1852 2146 1901; baseline -0.014 -5"><span class='ocrx_word' id='word_1_447' title='bbox 1206 1880 1220 1893; x_wconf 88' lang='lat'><em>«</em></span> <span class='ocrx_word' id='word_1_448' title='bbox 1250 1862 1425 1896; x_wconf 71' lang='lat' dir='ltr'>Nobilibus</span> <span class='ocrx_word' id='word_1_449' title='bbox 1454 1861 1532 1893; x_wconf 65' lang='lat' dir='ltr'>ciris</span> <span class='ocrx_word' id='word_1_450' title='bbox 1560 1858 1734 1901; x_wconf 68' lang='lat' dir='ltr'>lfaynaldo</span> <span class='ocrx_word' id='word_1_451' title='bbox 1755 1864 1785 1888; x_wconf 72' lang='lat' dir='ltr'>et</span> <span class='ocrx_word' id='word_1_452' title='bbox 1805 1855 1953 1888; x_wconf 71' lang='lat' dir='ltr'>‚Iohanni</span> <span class='ocrx_word' id='word_1_453' title='bbox 1971 1852 2146 1897; x_wconf 67' lang='lat' dir='ltr'>nepotibus</span> 
     </span>
     <span class='ocr_line' id='line_1_71' title="bbox 1162 1909 2147 1954; baseline -0.014 0"><span class='ocrx_word' id='word_1_454' title='bbox 1162 1921 1284 1954; x_wconf 70' lang='lat' dir='ltr'>nostris</span> <span class='ocrx_word' id='word_1_455' title='bbox 1309 1919 1455 1952; x_wconf 71' lang='lat' dir='ltr'>dominis</span> <span class='ocrx_word' id='word_1_456' title='bbox 1484 1917 1585 1949; x_wconf 66' lang='lat' dir='ltr'>castri</span> <span class='ocrx_word' id='word_1_457' title='bbox 1619 1918 1744 1953; x_wconf 68' lang='lat' dir='ltr'>Gemite,</span> <span class='ocrx_word' id='word_1_458' title='bbox 1775 1912 1948 1945; x_wconf 65' lang='lat' dir='ltr'>lim-edibus</span> <span class='ocrx_word' id='word_1_459' title='bbox 1977 1909 2147 1954; x_wconf 73' lang='lat' dir='ltr'>qnondam</span> 
     </span>
     <span class='ocr_line' id='line_1_72' title="bbox 1165 1966 2146 2020; baseline -0.015 -9"><span class='ocrx_word' id='word_1_460' title='bbox 1165 1977 1318 2020; x_wconf 62' lang='lat' dir='ltr'>Philippi</span> <span class='ocrx_word' id='word_1_461' title='bbox 1334 1975 1442 2020; x_wconf 79' lang='lat' dir='ltr'>patris</span> <span class='ocrx_word' id='word_1_462' title='bbox 1467 1973 1583 2007; x_wconf 63' lang='lat' dir='ltr'>nostri,</span> <span class='ocrx_word' id='word_1_463' title='bbox 1608 1971 1738 2003; x_wconf 69' lang='lat' dir='ltr'>(lumini</span> <span class='ocrx_word' id='word_1_464' title='bbox 1762 1968 1911 2012; x_wconf 66' lang='lat' dir='ltr'>ejusdem</span> <span class='ocrx_word' id='word_1_465' title='bbox 1932 1966 2045 1999; x_wconf 73' lang='lat' dir='ltr'>castri.</span> <span class='ocrx_word' id='word_1_466' title='bbox 2068 1966 2146 1999; x_wconf 76' lang='lat' dir='ltr'>Hiis.</span> 
     </span>
     <span class='ocr_line' id='line_1_73' title="bbox 1162 2022 2151 2077; baseline -0.015 -11"><span class='ocrx_word' id='word_1_467' title='bbox 1162 2047 1222 2077; x_wconf 75' lang='lat' dir='ltr'>que</span> <span class='ocrx_word' id='word_1_468' title='bbox 1244 2036 1321 2065; x_wconf 75' lang='lat' dir='ltr'>tiunt</span> <span class='ocrx_word' id='word_1_469' title='bbox 1341 2036 1368 2064; x_wconf 82' lang='lat' dir='ltr'>et</span> <span class='ocrx_word' id='word_1_470' title='bbox 1394 2033 1595 2074; x_wconf 77' lang='lat' dir='ltr'>peraguntur</span> <span class='ocrx_word' id='word_1_471' title='bbox 1614 2029 1652 2059; x_wconf 75' lang='lat' dir='ltr'>ab</span> <span class='ocrx_word' id='word_1_472' title='bbox 1670 2028 1753 2064; x_wconf 82' lang='lat' dir='ltr'>aliis,</span> <span class='ocrx_word' id='word_1_473' title='bbox 1776 2026 1944 2057; x_wconf 77' lang='lat' dir='ltr'>consuevit</span> <span class='ocrx_word' id='word_1_474' title='bbox 1964 2022 2151 2065; x_wconf 76' lang='lat' dir='ltr'>Apostolica</span> 
     </span>
    </p>
   </div>
   <div class='ocr_carea' id='block_1_32' title="bbox 1133 2080 2147 2130">
    <p class='ocr_par' dir='ltr' id='par_1_32' title="bbox 1133 2080 2147 2130">
     <span class='ocr_line' id='line_1_74' title="bbox 1133 2080 2147 2130; baseline -0.016 -6"><span class='ocrx_word' id='word_1_475' title='bbox 1133 2125 1134 2130; x_wconf 55' lang='grc'>,</span> <span class='ocrx_word' id='word_1_476' title='bbox 1165 2092 1265 2124; x_wconf 83' lang='lat' dir='ltr'>Sedes</span> <span class='ocrx_word' id='word_1_477' title='bbox 1286 2091 1415 2122; x_wconf 80' lang='lat' dir='ltr'>adicere</span> <span class='ocrx_word' id='word_1_478' title='bbox 1436 2089 1636 2121; x_wconf 80' lang='lat' dir='ltr'>firmitatem,</span> <span class='ocrx_word' id='word_1_479' title='bbox 1664 2090 1697 2116; x_wconf 88' lang='lat' dir='ltr'>et</span> <span class='ocrx_word' id='word_1_480' title='bbox 1725 2085 1751 2115; x_wconf 89' lang='lat' dir='ltr'>si</span> <span class='ocrx_word' id='word_1_481' title='bbox 1771 2084 1940 2123; x_wconf 72' lang='lat' dir='ltr'>quicquam</span> <span class='ocrx_word' id='word_1_482' title='bbox 1963 2080 2147 2119; x_wconf 76' lang='lat' dir='ltr'>neglectum</span> 
     </span>
    </p>
   </div>
   <div class='ocr_carea' id='block_1_33' title="bbox 1134 2136 2149 2185">
    <p class='ocr_par' dir='ltr' id='par_1_33' title="bbox 1134 2136 2149 2185">
     <span class='ocr_line' id='line_1_75' title="bbox 1134 2136 2149 2185; baseline -0.017 -4"><span class='ocrx_word' id='word_1_483' title='bbox 1134 2153 1135 2184; x_wconf 67' lang='lat' dir='ltr'>I</span> <span class='ocrx_word' id='word_1_484' title='bbox 1163 2155 1214 2180; x_wconf 87' lang='lat' dir='ltr'>est</span> <span class='ocrx_word' id='word_1_485' title='bbox 1244 2148 1294 2179; x_wconf 82' lang='lat' dir='ltr'>vol</span> <span class='ocrx_word' id='word_1_486' title='bbox 1322 2147 1488 2182; x_wconf 72' lang='lat' dir='ltr'>omissum,</span> <span class='ocrx_word' id='word_1_487' title='bbox 1518 2144 1598 2185; x_wconf 83' lang='lat' dir='ltr'>quod</span> <span class='ocrx_word' id='word_1_488' title='bbox 1629 2143 1706 2173; x_wconf 80' lang='lat' dir='ltr'>utile</span> <span class='ocrx_word' id='word_1_489' title='bbox 1727 2151 1764 2172; x_wconf 85' lang='lat' dir='ltr'>ac</span> <span class='ocrx_word' id='word_1_490' title='bbox 1785 2138 2001 2170; x_wconf 77' lang='lat' dir='ltr'>necessarium</span> <span class='ocrx_word' id='word_1_491' title='bbox 2033 2136 2072 2167; x_wconf 83' lang='lat' dir='ltr'>ad</span> <span class='ocrx_word' id='word_1_492' title='bbox 2105 2136 2149 2165; x_wconf 87' lang='lat' dir='ltr'>rei</span> 
     </span>
    </p>
   </div>
   <div class='ocr_carea' id='block_1_34' title="bbox 1162 2192 2155 3028">
    <p class='ocr_par' dir='ltr' id='par_1_34' title="bbox 1162 2192 2155 3028">
     <span class='ocr_line' id='line_1_76' title="bbox 1162 2192 2151 2247; baseline -0.017 -10"><span class='ocrx_word' id='word_1_493' title='bbox 1162 2208 1254 2247; x_wconf 83' lang='lat' dir='ltr'>geste</span> <span class='ocrx_word' id='word_1_494' title='bbox 1269 2203 1503 2246; x_wconf 83' lang='lat' dir='ltr'>perfectionem</span> <span class='ocrx_word' id='word_1_495' title='bbox 1516 2201 1690 2235; x_wconf 74' lang='lat' dir='ltr'>existeret,</span> <span class='ocrx_word' id='word_1_496' title='bbox 1712 2198 1876 2229; x_wconf 81' lang='lat' dir='ltr'>defectum</span> <span class='ocrx_word' id='word_1_497' title='bbox 1897 2192 2081 2235; x_wconf 82' lang='lat' dir='ltr'>hujusmodi</span> <span class='ocrx_word' id='word_1_498' title='bbox 2094 2201 2151 2222; x_wconf 89' lang='lat' dir='ltr'>sua</span> 
     </span>
     <span class='ocr_line' id='line_1_77' title="bbox 1164 2250 2148 2304; baseline -0.016 -11"><span class='ocrx_word' id='word_1_499' title='bbox 1164 2261 1355 2304; x_wconf 81' lang='lat' dir='ltr'>precelleuti</span> <span class='ocrx_word' id='word_1_500' title='bbox 1376 2258 1572 2291; x_wconf 82' lang='lat' dir='ltr'>auctoritate</span> <span class='ocrx_word' id='word_1_501' title='bbox 1597 2255 1759 2297; x_wconf 78' lang='lat' dir='ltr'>supplere,</span> <span class='ocrx_word' id='word_1_502' title='bbox 1781 2255 1816 2283; x_wconf 88' lang='lat' dir='ltr'>ut</span> <span class='ocrx_word' id='word_1_503' title='bbox 1843 2253 1886 2282; x_wconf 91' lang='lat' dir='ltr'>sic</span> <span class='ocrx_word' id='word_1_504' title='bbox 1909 2251 2042 2282; x_wconf 84' lang='lat' dir='ltr'>aliorum</span> <span class='ocrx_word' id='word_1_505' title='bbox 2064 2250 2148 2283; x_wconf 73' lang='lat' dir='ltr'>acta,</span> 
     </span>
     <span class='ocr_line' id='line_1_78' title="bbox 1164 2305 2149 2360; baseline -0.017 -10"><span class='ocrx_word' id='word_1_506' title='bbox 1164 2330 1224 2360; x_wconf 89' lang='lat' dir='ltr'>que</span> <span class='ocrx_word' id='word_1_507' title='bbox 1246 2318 1327 2349; x_wconf 81' lang='lat' dir='ltr'>alias</span> <span class='ocrx_word' id='word_1_508' title='bbox 1347 2316 1525 2348; x_wconf 77' lang='lat' dir='ltr'>efficaciam</span> <span class='ocrx_word' id='word_1_509' title='bbox 1546 2315 1577 2344; x_wconf 87' lang='lat' dir='ltr'>in</span> <span class='ocrx_word' id='word_1_510' title='bbox 1595 2324 1629 2343; x_wconf 76' lang='lat' dir='ltr'>so</span> <span class='ocrx_word' id='word_1_511' title='bbox 1650 2312 1795 2343; x_wconf 78' lang='lat' dir='ltr'>obtinent</span> <span class='ocrx_word' id='word_1_512' title='bbox 1816 2312 1848 2340; x_wconf 91' lang='lat' dir='ltr'>et</span> <span class='ocrx_word' id='word_1_513' title='bbox 1864 2309 2020 2349; x_wconf 84' lang='lat' dir='ltr'>vigorem,</span> <span class='ocrx_word' id='word_1_514' title='bbox 2034 2305 2149 2347; x_wconf 86' lang='lat' dir='ltr'>potiori</span> 
     </span>
     <span class='ocr_line' id='line_1_79' title="bbox 1163 2362 2150 2410; baseline -0.017 -4"><span class='ocrx_word' id='word_1_515' title='bbox 1163 2376 1351 2406; x_wconf 84' lang='lat' dir='ltr'>fulcimento</span> <span class='ocrx_word' id='word_1_516' title='bbox 1377 2372 1557 2403; x_wconf 82' lang='lat' dir='ltr'>subsistant</span> <span class='ocrx_word' id='word_1_517' title='bbox 1578 2373 1611 2401; x_wconf 83' lang='lat' dir='ltr'>et</span> <span class='ocrx_word' id='word_1_518' title='bbox 1627 2368 1801 2410; x_wconf 83' lang='lat' dir='ltr'>perdurent</span> <span class='ocrx_word' id='word_1_519' title='bbox 1821 2365 1937 2396; x_wconf 82' lang='lat' dir='ltr'>robore</span> <span class='ocrx_word' id='word_1_520' title='bbox 1958 2362 2101 2399; x_wconf 80' lang='lat' dir='ltr'>firmiori,</span> <span class='ocrx_word' id='word_1_521' title='bbox 2118 2363 2150 2390; x_wconf 76' lang='lat' dir='ltr'>ct</span> 
     </span>
     <span class='ocr_line' id='line_1_80' title="bbox 1162 2418 2150 2474; baseline -0.018 -10"><span class='ocrx_word' id='word_1_522' title='bbox 1162 2433 1274 2474; x_wconf 84' lang='lat' dir='ltr'>quibus</span> <span class='ocrx_word' id='word_1_523' title='bbox 1306 2430 1344 2461; x_wconf 84' lang='lat' dir='ltr'>ad</span> <span class='ocrx_word' id='word_1_524' title='bbox 1383 2429 1430 2460; x_wconf 87' lang='lat' dir='ltr'>sui</span> <span class='ocrx_word' id='word_1_525' title='bbox 1461 2428 1603 2458; x_wconf 78' lang='lat' dir='ltr'>debitum</span> <span class='ocrx_word' id='word_1_526' title='bbox 1624 2425 1893 2465; x_wconf 81' lang='lat' dir='ltr'>complementum</span> <span class='ocrx_word' id='word_1_527' title='bbox 1918 2418 2036 2459; x_wconf 74' lang='lat' dir='ltr'>aliquid</span> <span class='ocrx_word' id='word_1_528' title='bbox 2069 2418 2150 2447; x_wconf 75' lang='lat' dir='ltr'>soru—</span> 
     </span>
     <span class='ocr_line' id='line_1_81' title="bbox 1163 2476 2152 2526; baseline -0.018 -5"><span class='ocrx_word' id='word_1_529' title='bbox 1163 2490 1268 2525; x_wconf 76' lang='lat' dir='ltr'>decst,</span> <span class='ocrx_word' id='word_1_530' title='bbox 1290 2487 1469 2518; x_wconf 88' lang='lat' dir='ltr'>reddantur</span> <span class='ocrx_word' id='word_1_531' title='bbox 1490 2495 1546 2526; x_wconf 79' lang='lat' dir='ltr'>per</span> <span class='ocrx_word' id='word_1_532' title='bbox 1566 2484 1625 2514; x_wconf 71' lang='lat' dir='ltr'>ber</span> <span class='ocrx_word' id='word_1_533' title='bbox 1646 2481 1749 2521; x_wconf 77' lang='lat' dir='ltr'>magis</span> <span class='ocrx_word' id='word_1_534' title='bbox 1772 2479 1875 2510; x_wconf 75' lang='lat' dir='ltr'>valida</span> <span class='ocrx_word' id='word_1_535' title='bbox 1896 2477 2062 2517; x_wconf 78' lang='lat' dir='ltr'>magisque</span> <span class='ocrx_word' id='word_1_536' title='bbox 2085 2476 2152 2504; x_wconf 71' lang='lat' dir='ltr'>sta·</span> 
     </span>
     <span class='ocr_line' id='line_1_82' title="bbox 1165 2530 2150 2585; baseline -0.017 -10"><span class='ocrx_word' id='word_1_537' title='bbox 1165 2547 1239 2577; x_wconf 84' lang='lat' dir='ltr'>bilia</span> <span class='ocrx_word' id='word_1_538' title='bbox 1270 2543 1494 2585; x_wconf 80' lang='lat' dir='ltr'>perseverent.</span> <span class='ocrx_word' id='word_1_539' title='bbox 1528 2540 1611 2571; x_wconf 86' lang='lat' dir='ltr'>Sane</span> <span class='ocrx_word' id='word_1_540' title='bbox 1633 2539 1713 2569; x_wconf 88' lang='lat' dir='ltr'>bone</span> <span class='ocrx_word' id='word_1_541' title='bbox 1738 2535 1891 2567; x_wconf 72' lang='lat' dir='ltr'>memorie</span> <span class='ocrx_word' id='word_1_542' title='bbox 1912 2532 2033 2570; x_wconf 82' lang='lat' dir='ltr'>Laudo,</span> <span class='ocrx_word' id='word_1_543' title='bbox 2051 2530 2150 2561; x_wconf 73' lang='lat' dir='ltr'>abbas</span> 
     </span>
     <span class='ocr_line' id='line_1_83' title="bbox 1164 2588 2151 2633; baseline -0.018 0"><span class='ocrx_word' id='word_1_544' title='bbox 1164 2601 1352 2633; x_wconf 77' lang='lat' dir='ltr'>monasterii</span> <span class='ocrx_word' id='word_1_545' title='bbox 1374 2597 1592 2633; x_wconf 74' lang='lat' dir='ltr'>Sublacensis,</span> <span class='ocrx_word' id='word_1_546' title='bbox 1614 2596 1643 2626; x_wconf 87' lang='lat' dir='ltr'>in</span> <span class='ocrx_word' id='word_1_547' title='bbox 1665 2604 1761 2625; x_wconf 72' lang='lat' dir='ltr'>rocca</span> <span class='ocrx_word' id='word_1_548' title='bbox 1779 2590 1982 2623; x_wconf 72' lang='lat' dir='ltr'>Sublacensi,</span> <span class='ocrx_word' id='word_1_549' title='bbox 2000 2588 2151 2619; x_wconf 80' lang='lat' dir='ltr'>existens</span> 
     </span>
     <span class='ocr_line' id='line_1_84' title="bbox 1163 2644 2151 2694; baseline -0.02 -4"><span class='ocrx_word' id='word_1_550' title='bbox 1163 2669 1260 2689; x_wconf 80' lang='lat' dir='ltr'>sanus</span> <span class='ocrx_word' id='word_1_551' title='bbox 1280 2658 1397 2694; x_wconf 75' lang='lat' dir='ltr'>monte,</span> <span class='ocrx_word' id='word_1_552' title='bbox 1414 2655 1493 2686; x_wconf 73' lang='lat' dir='ltr'>adeo</span> <span class='ocrx_word' id='word_1_553' title='bbox 1508 2656 1615 2684; x_wconf 71' lang='lat' dir='ltr'>tamen</span> <span class='ocrx_word' id='word_1_554' title='bbox 1628 2652 1706 2681; x_wconf 78' lang='lat' dir='ltr'>alias</span> <span class='ocrx_word' id='word_1_555' title='bbox 1722 2649 1849 2683; x_wconf 80' lang='lat' dir='ltr'>debilis,</span> <span class='ocrx_word' id='word_1_556' title='bbox 1872 2646 1953 2687; x_wconf 79' lang='lat' dir='ltr'>quod</span> <span class='ocrx_word' id='word_1_557' title='bbox 1975 2644 2014 2675; x_wconf 81' lang='lat' dir='ltr'>ad</span> <span class='ocrx_word' id='word_1_558' title='bbox 2028 2652 2151 2673; x_wconf 74' lang='lat' dir='ltr'>monas-</span> 
     </span>
     <span class='ocr_line' id='line_1_85' title="bbox 1166 2702 2152 2750; baseline -0.019 -4"><span class='ocrx_word' id='word_1_559' title='bbox 1166 2716 1281 2746; x_wconf 81' lang='lat' dir='ltr'>tcriiun</span> <span class='ocrx_word' id='word_1_560' title='bbox 1304 2716 1379 2744; x_wconf 83' lang='lat' dir='ltr'>tunc</span> <span class='ocrx_word' id='word_1_561' title='bbox 1394 2713 1441 2742; x_wconf 88' lang='lat' dir='ltr'>ire</span> <span class='ocrx_word' id='word_1_562' title='bbox 1458 2721 1518 2741; x_wconf 88' lang='lat' dir='ltr'>nou</span> <span class='ocrx_word' id='word_1_563' title='bbox 1531 2710 1668 2750; x_wconf 68' lang='lat' dir='ltr'>poterat„</span> <span class='ocrx_word' id='word_1_564' title='bbox 1684 2708 1902 2737; x_wconf 78' lang='lat' dir='ltr'>ctcouventns</span> <span class='ocrx_word' id='word_1_565' title='bbox 1915 2702 2015 2743; x_wconf 83' lang='lat' dir='ltr'>ipsius</span> <span class='ocrx_word' id='word_1_566' title='bbox 2029 2708 2152 2729; x_wconf 89' lang='lat' dir='ltr'>monas-</span> 
     </span>
     <span class='ocr_line' id='line_1_86' title="bbox 1165 2755 2152 2810; baseline -0.02 -7"><span class='ocrx_word' id='word_1_567' title='bbox 1165 2771 1238 2803; x_wconf 79' lang='lat' dir='ltr'>terii</span> <span class='ocrx_word' id='word_1_568' title='bbox 1258 2771 1288 2801; x_wconf 90' lang='lat' dir='ltr'>in</span> <span class='ocrx_word' id='word_1_569' title='bbox 1305 2769 1447 2810; x_wconf 74' lang='lat' dir='ltr'>capitulo</span> <span class='ocrx_word' id='word_1_570' title='bbox 1462 2766 1608 2808; x_wconf 82' lang='lat' dir='ltr'>ejusdem</span> <span class='ocrx_word' id='word_1_571' title='bbox 1631 2761 1816 2794; x_wconf 76' lang='lat' dir='ltr'>monasterii</span> <span class='ocrx_word' id='word_1_572' title='bbox 1830 2760 1868 2791; x_wconf 81' lang='lat' dir='ltr'>ad</span> <span class='ocrx_word' id='word_1_573' title='bbox 1887 2759 1946 2789; x_wconf 82' lang='lat' dir='ltr'>hoc</span> <span class='ocrx_word' id='word_1_574' title='bbox 1963 2755 2152 2798; x_wconf 75' lang='lat' dir='ltr'>specialiter</span> 
     </span>
     <span class='ocr_line' id='line_1_87' title="bbox 1164 2810 2153 2868; baseline -0.018 -10"><span class='ocrx_word' id='word_1_575' title='bbox 1164 2824 1464 2868; x_wconf 60' lang='lat' dir='ltr'>congregatimulla</span> <span class='ocrx_word' id='word_1_576' title='bbox 1488 2824 1514 2853; x_wconf 80' lang='lat' dir='ltr'>vi</span> <span class='ocrx_word' id='word_1_577' title='bbox 1533 2821 1634 2851; x_wconf 79' lang='lat' dir='ltr'>coacti</span> <span class='ocrx_word' id='word_1_578' title='bbox 1656 2820 1703 2850; x_wconf 90' lang='lat' dir='ltr'>vel</span> <span class='ocrx_word' id='word_1_579' title='bbox 1716 2818 1787 2848; x_wconf 77' lang='lat' dir='ltr'>dolo</span> <span class='ocrx_word' id='word_1_580' title='bbox 1802 2815 1922 2847; x_wconf 74' lang='lat' dir='ltr'>inducti</span> <span class='ocrx_word' id='word_1_581' title='bbox 1937 2813 2060 2844; x_wconf 69' lang='lat' dir='ltr'>sedsua</span> <span class='ocrx_word' id='word_1_582' title='bbox 2071 2810 2153 2841; x_wconf 85' lang='lat' dir='ltr'>bona</span> 
     </span>
     <span class='ocr_line' id='line_1_88' title="bbox 1164 2866 2155 2915; baseline -0.02 0"><span class='ocrx_word' id='word_1_583' title='bbox 1164 2885 1267 2915; x_wconf 81' lang='lat' dir='ltr'>libera</span> <span class='ocrx_word' id='word_1_584' title='bbox 1282 2883 1449 2913; x_wconf 85' lang='lat' dir='ltr'>voluntate</span> <span class='ocrx_word' id='word_1_585' title='bbox 1463 2890 1500 2911; x_wconf 78' lang='lat' dir='ltr'>ac</span> <span class='ocrx_word' id='word_1_586' title='bbox 1519 2887 1678 2909; x_wconf 82' lang='lat' dir='ltr'>consensu</span> <span class='ocrx_word' id='word_1_587' title='bbox 1695 2874 1951 2914; x_wconf 71' lang='lat' dir='ltr'>acceptaverunt</span> <span class='ocrx_word' id='word_1_588' title='bbox 1965 2872 1998 2899; x_wconf 81' lang='lat' dir='ltr'>ct</span> <span class='ocrx_word' id='word_1_589' title='bbox 2016 2866 2155 2898; x_wconf 72' lang='lat' dir='ltr'>ratifica-</span> 
     </span>
     <span class='ocr_line' id='line_1_89' title="bbox 1166 2924 2152 2972; baseline -0.02 0"><span class='ocrx_word' id='word_1_590' title='bbox 1166 2942 1282 2972; x_wconf 83' lang='lat' dir='ltr'>verunt</span> <span class='ocrx_word' id='word_1_591' title='bbox 1308 2937 1547 2969; x_wconf 68' lang='lat' dir='ltr'>restitutionem</span> <span class='ocrx_word' id='word_1_592' title='bbox 1576 2936 1609 2964; x_wconf 84' lang='lat' dir='ltr'>et</span> <span class='ocrx_word' id='word_1_593' title='bbox 1635 2930 1877 2962; x_wconf 74' lang='lat' dir='ltr'>concessionem</span> <span class='ocrx_word' id='word_1_594' title='bbox 1911 2925 2011 2957; x_wconf 75' lang='lat' dir='ltr'>castri</span> <span class='ocrx_word' id='word_1_595' title='bbox 2041 2924 2152 2954; x_wconf 75' lang='lat' dir='ltr'>Germe</span> 
     </span>
     <span class='ocr_line' id='line_1_90' title="bbox 1166 2979 2153 3028; baseline -0.018 -2"><span class='ocrx_word' id='word_1_596' title='bbox 1166 3007 1238 3028; x_wconf 80' lang='lat' dir='ltr'>cum</span> <span class='ocrx_word' id='word_1_597' title='bbox 1258 2995 1403 3026; x_wconf 85' lang='lat' dir='ltr'>omnibus</span> <span class='ocrx_word' id='word_1_598' title='bbox 1431 2993 1550 3027; x_wconf 83' lang='lat' dir='ltr'>usibus,</span> <span class='ocrx_word' id='word_1_599' title='bbox 1573 2987 1766 3020; x_wconf 82' lang='lat' dir='ltr'>utilitatibus</span> <span class='ocrx_word' id='word_1_600' title='bbox 1798 2988 1831 3016; x_wconf 85' lang='lat' dir='ltr'>et</span> <span class='ocrx_word' id='word_1_601' title='bbox 1851 2981 2055 3025; x_wconf 71' lang='lat' dir='ltr'>pertinentiis</span> <span class='ocrx_word' id='word_1_602' title='bbox 2087 2979 2153 3010; x_wconf 80' lang='lat' dir='ltr'>suis</span> 
     </span>
    </p>
   </div>
  </div>
 </body>
</html>
