2477 3512
147 274 208 304 112
836 264 1103 298 REGISTRES
1130 261 1481 297 D’ALEXANDRE
1510 261 1557 294 1V

144 377 301 411 canonici
334 377 449 409 locum
483 378 519 407 et
552 375 695 406 stallum
729 373 889 404 obtineat
924 372 958 403 in
993 371 1146 403 Saresbi-

143 432 246 464 riensi
270 430 412 462 ecclesia
439 431 644 463 memorata,
671 430 705 458 et
730 427 763 457 in
788 436 828 457 ea
853 425 1024 457 vicarium
1048 425 1148 456 insti-

144 488 224 516 tuat
250 484 324 515 loco
352 483 414 519 sui,
443 482 496 513 eui
525 482 566 512 (le
594 480 825 522 proventibus
852 479 944 509 dicte
972 477 1147 519 prebende

144 537 379 579 quadraginta
402 535 530 566 solidos
552 534 804 573 Sterlingorum
826 531 991 563 exhibeat
1014 540 1144 562 annua-

144 591 219 626 11111,
245 592 344 631 prout
370 589 401 619 in
425 587 550 619 litteris
571 587 650 618 inde
673 585 841 617 confectis
863 584 998 626 plenius
1020 583 1149 615 (licitur

144 643 325 675 contineri.
363 642 433 672 Nos
467 641 587 681 itaque
622 639 747 670 vestris
781 638 942 680 precibus
976 636 1146 673 inclinati,

145 697 237 738 quod
259 696 303 727 ab
324 696 445 726 eodem
467 694 630 735 episcopo
651 693 683 723 in
706 692 769 723 hae
790 694 890 732 parte
912 690 1056 732 provide
1078 690 1148 720 fac-

144 753 221 781 tum
248 751 300 780 est
328 751 444 779 rutum
473 747 644 778 habentes
671 748 706 776 et
733 748 885 785 gratum,
915 744 998 774 illud
1027 745 1148 774 aucto-

143 803 249 835 ritate
275 801 467 843 apostoliea
493 799 745 831 confirmamus
770 801 804 829 et
831 797 1001 839 presentis
1026 795 1147 837 scripti

145 855 340 898 patrocinio
374 853 645 885 communimus.
682 851 775 882 Nulli
810 853 927 881 nostre
961 849 1148 881 confirma-

142 909 248 941 tionis
277 911 342 940 etc.
374 907 457 938 Dat.
488 906 657 947 Anagnie,
692 905 724 936 11
756 914 865 935 nonas
896 902 1023 939 martii,
1054 911 1147 933 anno

141 964 254 994 sexto.
284 974 297 990 »

225 1134 312 1160 3107
692 1131 827 1165 Anagni,
851 1131 867 1157 7
891 1130 953 1156 mai
978 1129 1064 1155 1260.

185 1187 347 1220 Religiosis
366 1186 528 1220 hospitalis
547 1185 739 1219 leprosorum
760 1184 788 1211 S.
810 1184 925 1210 Mariae
946 1181 1148 1216 Magdalenae

144 1233 175 1258 et
196 1232 224 1258 S.
247 1231 355 1258 Lazari
376 1230 470 1257 Vallis
492 1230 609 1256 Donize
629 1229 769 1261 indulget
790 1230 824 1254 ut
845 1229 882 1254 de
902 1225 1149 1261 possessionibus

145 1283 222 1310 quas
240 1276 357 1307 colunt,
376 1275 451 1300 1111111
470 1274 605 1300 decimas
623 1273 769 1300 exhibere
787 1274 964 1299 teneantur.
984 1271 1080 1304 (ΒΕΘ.
1100 1270 1148 1301 25,

144 1320 166 1348 f.
183 1320 251 1352 246,
268 1327 318 1346 an.
335 1319 389 1351 VI,
407 1327 431 1345 c.
449 1319 511 1351 53.)

190 1421 202 1437 (t
220 1433 239 1440 ..
257 1407 366 1449 priori
383 1409 411 1438 el
426 1406 591 1448 [ratribus
608 1405 788 1447 hospitalis
805 1404 1011 1446 leprosorum
1031 1404 1151 1435 Sam-le

144 1461 260 1492 Marie
286 1459 494 1500 sslaytlalene
521 1461 548 1490 el
576 1459 692 1490 Sancti
720 1458 843 1489 Lazari
876 1456 984 1488 Vallis
1010 1455 1148 1492 Donize,

147 1513 334 1546 Castellum
369 1512 522 1544 (linceus.
560 1513 647 1543 Cum
683 1511 773 1543 sieut
811 1510 935 1552 petitio
976 1529 1026 1540 κὴ.
1066 1509 1148 1540 Dat.

145 1567 314 1607 Anagnie,
335 1566 435 1597 1101115
455 1566 547 1602 maii,
567 1575 660 1596 anno
678 1567 790 1596 sexto.
812 1577 824 1592 n

229 1743 316 1769 3108
699 1742 833 1775 Anagni,
857 1742 874 1768 6
897 1741 959 1768 11131
983 1741 1070 1768 1260.

187 1795 331 1830 Capitulo
351 1795 546 1822 Gebennensi
565 1795 721 1829 significat
739 1803 770 1822 se
790 1794 985 1822 Gebennensi
1004 1793 1149 1820 ecclesiae

147 1848 201 1874 per
218 1840 387 1867 cessionem
405 1839 556 1873 Aymonis
575 1839 710 1873 episcopi
729 1839 856 1865 vacanti
875 1838 1057 1869 Henricum,
1074 1839 1152 1865 tunc

146 1884 279 1918 priorem
297 1884 452 1917 prioratus
471 1884 499 1909 S.
517 1884 631 1910 Albani
643 1883 831 1914 Basiliensis,
845 1882 1055 1909 Cluniae-ensis
1072 1881 1153 1908 ordi-

147 1928 204 1960 nis,
218 1928 249 1954 in
263 1928 432 1962 episcopim
447 1930 475 1954 ct
492 1929 649 1961 pastorem
664 1927 856 1961 praefecisse.
873 1927 969 1959 (Rea.
985 1927 1033 1956 25,
1048 1927 1068 1952 f.
1084 1926 1153 1957 246,

147 1979 196 1999 an.
222 1972 277 2003 Vl,
301 1980 326 1998 c.
352 1972 411 2003 54;
438 1972 609 1998 PorTnAsT
635 1972 753 2003 178-18;
776 1972 996 2002 BERNOUILLI,
1019 1974 1054 1997 n⁰
1072 1970 1124 1997 681
1144 1973 1154 2004 )

193 2074 205 2089 «
247 2061 406 2103 Capilqu
453 2061 674 2092 Gebennensi.
717 2061 826 2092 Recte
866 2064 951 2092 tunc
996 2061 1155 2093 ecclesia-

148 2124 225 2145 rum
243 2133 296 2145 —.
316 2115 399 2146 Dat.
419 2114 587 2155 Anuguie,
611 2115 642 2145 11
663 2124 772 2146 nonas
790 2115 883 2150 maii,
903 2124 994 2145 anno
1013 2118 1124 2146 sexto.
1146 2128 1157 2142 »

232 2293 319 2318 3109
704 2293 838 2325 Anagni,
862 2294 878 2319 G
903 2294 962 2319 mai
990 2294 1074 2319 12110.

191 2346 276 2372 Clero
295 2346 432 2372 civitatis
451 2348 481 2372 et
501 2346 629 2372 diocesis
649 2347 899 2373 (iebennensium
920 2347 949 2372 111
969 2354 1038 2373 em.
1058 2347 1144 2378 (111111

151 2390 198 2421 25,
215 2390 234 2416 f.
251 2390 319 2421 246,
335 2398 384 2417 an.
402 2390 455 2422 Vl,
472 2391 500 2417 d.
517 2398 542 2417 e.
559 2390 871 2422 ;BERNouu.L1,Ioc.
888 2391 951 2424 cil.)

197 2488 209 2504 «
234 2476 327 2508 clero
350 2477 495 2508 civitatis
519 2479 546 2508 el
569 2477 710 2508 diocesis
740 2478 1021 2510 Gebennensium.
1048 2478 1156 2509 Recte

151 2532 237 2560 tunc
263 2530 486 2561 ecclesiarum
522 2550 567 2561 ff.
595 2533 661 2562 etc.
691 2533 728 2561 ut
755 2531 789 2561 in
816 2531 883 2562 alia
910 2532 951 2562 (le
978 2532 1086 2563 verbo
1113 2532 1156 2563 ad

151 2582 299 2613 verbum
323 2592 432 2623 usque
455 2583 488 2613 in
511 2583 630 2614 linem.
655 2597 667 2611 »

237 2761 324 2786 3110
685 2762 817 2795 Anagni,
842 2763 877 2788 14
902 2763 964 2789 mai
991 2764 1076 2790 12611.

195 2814 291 2840 Priori
312 2814 349 2840 de
370 2814 489 2840 Casalia
510 2815 639 2841 mandat
663 2817 706 2845 111,
727 2816 860 2842 obtentu
882 2816 917 2842 O.
940 2817 968 2842 S.
991 2817 1105 2843 Mariae
1126 2817 1156 2842 in

154 2857 211 2883 Via
244 2857 323 2884 Lata
355 2858 476 2884 (liaconi
509 2859 683 2889 cardinalis,
717 2860 858 2891 Oderit-o,
891 2860 1024 2893 plebano
1057 2860 1155 2893 plebis

157 2901 184 2926 S.
211 2901 394 2933 Jerusalem,
422 2902 618 2929 Florentinae
644 2903 782 2935 diocesis,
808 2904 959 2937 capellam
986 2905 1014 2931 S.
1042 2904 1157 2931 Mariae

156 2944 346 3014 Matripauli,
363 2946 533 2973 Fesulanae
550 2947 689 2979 diocesis,
706 2948 854 2974 conterat.
872 2948 968 2982 (Rea.
986 2949 1034 2980 25,
1052 2949 1071 2975 1.
1089 2949 1157 2980 246,

157 2995 206 3014 an.
240 2988 276 3020 ‘1,
292 2996 316 3015 c.
332 2989 394 3023 55.)

1297 384 1308 398 «
1335 396 1354 402 ..
1379 369 1488 412 priori
1513 369 1551 401 cle
1577 368 1727 405 Casalia,
1759 367 1957 400 Vallerrane
1980 367 2133 400 diocesis.
2160 367 2257 399 Sicut

1251 424 1400 456 (tilectus
1434 422 1527 454 silius
1561 441 1616 454 —.
1652 422 1735 453 Dat.
1770 421 1941 462 Anagnie‚
1981 421 2014 452 11
2049 421 2127 452 idus
2162 420 2255 457 maii,

1252 488 1344 509 :inno
1365 479 1477 508 sexto.
1501 489 1512 504 »

1337 647 1419 673 3111
1774 649 1908 682 Anagni,
1931 649 1969 676 22
1991 649 2070 676 avril
2094 649 2180 676 1260.

1294 700 1450 734 Episcopo
1472 700 1684 734 Magalonensi
1705 701 1837 728 mandat
1857 703 1894 728 ut
1915 702 2074 736 dispenset
2108 702 2200 729 Petro
2222 701 2261 729 de

1256 744 1351 776 Urna,
1383 745 1580 772 decretorum
1611 745 1742 777 doctori,
1774 745 1994 773 archidiacono
2026 746 2063 773 de
2094 746 2261 779 Agantico‚

1254 787 1283 813 in
1301 788 1513 822 Magalonensi
1528 790 1666 821 ecclesia,
1683 790 1799 816 ordinis
1816 789 1844 816 S.
1862 790 2040 823 Augustini,
2058 790 2153 824 quod,
2169 797 2262 824 prop-

1252 833 1300 858 ter
1329 833 1519 860 tenuitatem
1550 834 1731 860 reddituum
1762 834 1837 860 dicti
1868 834 2144 861 archidiaconatus
2175 840 2264 861 sexa-

1253 875 1341 909 ginta
1361 877 1474 904 solidos
1509 878 1748 911 Turonensium,
1779 878 1918 905 valorem
1951 878 2006 905 vix
2034 877 2265 911 excedentium,

1257 920 1285 947 S.
1308 921 1451 948 Eulaliae
1467 923 1498 949 et
1520 922 1548 949 S.
1571 922 1744 949 Leocadiae
1765 923 1803 949 de
1824 922 1964 950 Vallibus
1984 922 2138 955 ecclesias,
2158 929 2266 950 curam

1255 965 1434 992 animarum
1471 966 1634 998 habentes,
1667 967 1842 994 secundum
1874 967 2039 1001 antiquam
2065 966 2267 994 consuetudi-

1256 1016 1328 1036 nem
1353 1010 1487 1038 retinere
1508 1010 1617 1044 possit.
1635 1010 1734 1045 (Rau.
1753 1011 1806 1044 25,
1823 1011 1845 1038 f.
1863 1011 1936 1044 246,
1953 1019 2002 1039 an.
2020 1011 2076 1044 VI,
2092 1019 2118 1038 c.
2135 1011 2199 1045 56.)

1301 1112 1313 1128 «
1337 1125 1356 1132 ..
1380 1100 1537 1142 episcopo
1559 1100 1818 1142 Maqalonensi.
1843 1101 2003 1133 Dilectus
2024 1100 2119 1133 filius
2141 1101 2268 1143 magis-

1259 1155 1310 1185 ter
1335 1172 1388 1185 w.
1416 1154 1499 1186 Dat.
1526 1154 1696 1194 Anagnie,
1724 1154 1758 1185 X
1782 1154 1852 1186 kal.
1878 1154 1972 1191 maii,
1999 1164 2092 1186 anno
2117 1157 2229 1187 sexto.
2256 1167 2269 1184 »

1339 1325 1428 1351 3112
1793 1325 1927 1359 Anagni‚
1952 1326 1988 1352 18
2011 1326 2074 1353 mai
2100 1326 2185 1353 1260.

1298 1379 1475 1411 Guillelmo,
1495 1379 1645 1406 canonico
1667 1379 1846 1411 Senonensi‚
1867 1378 1945 1412 regis
1966 1379 2128 1406 Navarrae
2147 1385 2268 1413 germa-

1260 1432 1311 1456 no,
1326 1425 1467 1458 indulget
1482 1426 1517 1451 ut
1532 1424 1563 1450 in
1578 1424 1777 1451 ecclesiarum
1792 1423 1937 1457 capitulis
1952 1423 1983 1450 in
1998 1423 2112 1457 quihus
2126 1425 2270 1457 receptus

1261 1470 1307 1495 est
1332 1469 1363 1495 in
1387 1469 1573 1496 canonicum
1598 1470 1629 1495 et
1653 1468 1684 1494 in
1708 1468 1838 1494 fratrem
1863 1469 1894 1494 et
1918 1467 2012 1502 recipi
2036 1475 2067 1494 se
2091 1467 2272 1502 contigerit,

1261 1513 1341 1540 sicut
1368 1514 1549 1540 earumdem
1575 1512 1775 1539 ecclesiarum
1801 1512 1942 1538 canonici
1967 1512 2163 1546 praebendas
2188 1512 2270 1539 obti-

1260 1559 1370 1584 nentes
1397 1558 1428 1584 in
1456 1557 1498 1584 eis
1526 1559 1557 1584 et
1585 1557 1615 1583 in
1643 1556 1737 1583 sacris
1765 1556 1926 1583 ordinibus
1954 1556 2130 1588 constituti,
2158 1563 2269 1584 vocem

1261 1602 1377 1628 habeat
1399 1603 1430 1628 et
1453 1602 1493 1628 ad
1514 1608 1696 1628 communes
1718 1602 1875 1627 tractatus
1896 1600 2108 1634 capitulorum
2130 1600 2270 1634 ipsarum

1259 1646 1460 1673 ecclesiarum
1488 1645 1689 1672 admittatur.
1719 1645 1816 1678 (Bi-zo.
1845 1644 1894 1676 25,
1923 1644 1943 1671 f.
1973 1644 2031 1671 246
2059 1647 2106 1677 v0,
2134 1651 2184 1672 an.
2213 1644 2271 1678 VI,

1261 1698 1286 1717 c.
1307 1690 1370 1724 57.)

1307 1795 1320 1812 «
1356 1782 1545 1820 Guillelmo,
1577 1782 1739 1814 canonico
1770 1781 1904 1814 ecclesie
1937 1779 2170 1823 [Selnonensi.
2202 1788 2274 1822 yer-

1262 1846 1363 1868 mano
1390 1836 1563 1868 carissimi
1594 1835 1645 1877 {in
1675 1834 1824 1876 Christo]
1851 1834 1923 1876 tilii
1949 1833 2057 1866 nostri
2083 1833 2173 1875 tegis
2198 1833 2274 1865 Να-

1261 1899 1356 1921 varre
1382 1889 1536 1926 illustris,
1566 1888 1759 1931 Campanie
1784 1890 1812 1920 et
1837 1888 1920 1920 Brie
1945 1887 2078 1920 comilis
2103 1885 2274 1919 Palatini.

1263 1943 1411 1985 Speciali
1431 1942 1545 1983 gratia
1565 1945 1600 1974 et
1620 1961 1675 1974 —.
1697 1942 1780 1973 Dat.
1802 1941 1972 1983 Anagnie‚
1995 1940 2063 1972 XV
2082 1939 2151 1972 kal.
2171 1939 2272 1981 junii.

1262 2006 1355 2028 anno
1383 1998 1495 2028 sexto.
1525 2009 1538 2025 »

1347 2176 1438 2202 3113
1802 2173 1937 2208 Anagnl,
1961 2173 1998 2200 19
2020 2172 2084 2200 mai
2106 2171 2194 2199 1260.

1303 2229 1545 2264 Archiepiscopo
1575 2229 1745 2256 senonensi
1772 2229 1945 2262 proventus
1973 2225 2151 2260 aliquarum
2178 2223 2274 2251 eecle-

1263 2274 1380 2301 siarum
1403 2281 1477 2300 suae
1502 2273 1631 2300 diocesis
1656 2273 1696 2300 ad
1721 2271 1906 2300 Senonensis
1930 2270 2076 2298 ecclesiae
2100 2269 2273 2297 decanatus

1264 2318 1446 2345 reddituum
1470 2319 1677 2351 augmentum
1701 2316 1882 2351 applicandi
1905 2315 2091 2342 facultatem
2116 2312 2270 2341 concedit.

1265 2362 1361 2396 (Rae.
1377 2362 1426 2393 25.
1441 2362 1462 2389 f.
1478 2362 1536 2389 246
1551 2366 1597 2394 νο,
1613 2369 1663 2388 an.
1679 2361 1734 2394 VI,
1750 2368 1774 2388 c.
1791 2360 1853 2394 58.)

1311 2466 1324 2482 «
1353 2479 1372 2485 ..
1403 2453 1657 2495 archiepiscopo
1687 2451 1887 2484 Senonensi.
1917 2451 1993 2482 Tua
2022 2449 2124 2482 nobis
2151 2448 2280 2480 frater-

1266 2507 1359 2538 nitas
1380 2506 1563 2538 intimavit
1585 2506 1679 2547 quod
1702 2508 1897 2548 proventus
1919 2504 2114 2536 decanatus
2135 2500 2278 2534 ecclesie

1266 2560 1487 2597 Senonensis,
1524 2569 1629 2601 quem
1665 2562 1751 2590 ante
1785 2557 2046 2600 promotionem
2080 2558 2182 2587 tuam
2217 2553 2278 2585 ha-

1267 2613 1403 2650 bueras,
1432 2613 1520 2644 adeo
1547 2615 1631 2644 sunt
1659 2615 1781 2644 tenues
1806 2614 1842 2643 et
1868 2610 1975 2643 exiles
2001 2609 2096 2651 quod
2123 2608 2278 2640 decanus

1266 2666 1325 2708 qui
1351 2676 1413 2708 pro
1441 2669 1598 2707 tempore
1624 2665 1730 2697 fuerit
1756 2674 1826 2696 non
1852 2666 1970 2706 potest
1995 2673 2039 2695 ex
2063 2661 2123 2698 eis,
2150 2662 2277 2702 utpote

1266 2729 1336 2751 non
1357 2719 1612 2751 excedentibus
1633 2718 1820 2750 annuatim
1840 2726 2019 2749 summam
2038 2713 2276 2757 quadraginta

1265 2772 1436 2804 librarum
1463 2771 1725 2808 Parisiensium‚
1751 2771 1856 2812 juxta
1881 2778 2029 2812 persone
2054 2777 2115 2800 sue
2140 2768 2278 2798 statum

1265 2825 1450 2857 commode
1487 2824 1692 2861 sustentari,
1731 2823 1886 2855 maxime
1922 2832 2005 2854 cum
2041 2821 2207 2863 oporteat
2241 2818 2278 2850 in

1267 2877 1412 2910 ecclesia
1446 2878 1522 2919 ipsa
1560 2877 1780 2919 personalem
1815 2875 2045 2907 residentiam
2081 2873 2206 2908 facere,
2236 2879 2278 2903 ac

1264 2931 1300 2962 in
1336 2931 1459 2962 diebus
1495 2929 1759 2972 sollempnibus,
1795 2929 1900 2970 juxta
1938 2928 2098 2970 ejusdem
2133 2923 2276 2957 ecclesie

1263 2983 1568 3020 consuetudinem,
1597 2983 1719 3024 gravia
1746 2982 1863 3014 subire
1890 2990 1996 3014 onera
2023 2985 2272 3023 expensarum.
