2477 3512
319 283 382 313 666

321 351 395 381 tale.
410 351 506 391 juxta
527 351 630 391 ipsum
647 351 878 381 monasterium
899 351 929 381 in
951 351 1018 381 solo
1040 350 1165 391 proprio
1186 349 1225 380 de
1251 348 1304 380 bo·

320 407 366 436 nis
380 406 524 447 ejusdem
536 406 721 437 monasterii
738 409 1002 443 construxerunt,
1018 407 1047 437 in
1066 416 1127 446 qua
1138 405 1304 447 peregrini
1328 405 1330 452 ζ

318 473 474 504 pauperes
495 465 527 493 et
547 462 666 493 divites
696 473 752 504 per
772 464 961 495 monachum
991 463 1091 504 ipsius
1114 463 1303 494 monasterii
1328 460 1329 487 l

317 520 356 549 «lc
377 519 557 549 reddit-ibus
576 519 722 560 ejusdem
742 520 831 550 cin-ic
847 531 865 550 a
878 520 968 551 vobis
988 524 1020 551 et
1037 521 1112 561 ipsis
1126 519 1302 561 predeces-
1328 507 1329 524 l

318 575 443 606 soribus
463 575 640 615 assignatis
661 575 840 607 liberaliter
853 579 885 607 et
906 576 1112 607 laudabiliter
1126 586 1302 617 procuran-

321 636 383 663 tur.
402 632 467 663 Nos
480 632 591 672 igitur,
614 632 782 663 intellecto
799 632 880 673 quod
894 632 1073 673 hujusmodi
1101 633 1191 663 curia
1211 632 1302 664 vobis

317 689 385 719 sine
401 688 493 730 gravi
515 688 660 729 ejusdcm
672 689 860 719 monasterii
877 689 998 720 lesione
1014 690 1136 720 auferri
1150 692 1300 730 tanquam

316 744 451 786 quedam
470 745 568 785 ipsius
585 744 714 775 officina
736 756 797 776 non
824 751 948 786 posset,
983 745 1165 777 devotionis
1190 750 1301 777 vesti-e
1326 780 1327 792 χ

314 801 464 842 precibus
480 801 636 839 inclinati,
659 802 856 832 auctoritate
873 802 962 833 vobis
983 803 1181 843 presentium
1196 802 1301 832 imlul—
1326 793 1328 834 l

316 868 442 899 gemus.
459 859 492 887 ut
514 857 660 898 predicta
685 859 773 889 curia
795 859 862 889 sivo
893 859 1053 900 hospitale
1073 859 1135 889 ullo
1161 868 1298 899 uuquam

315 920 460 954 tempore
481 915 678 945 m‹1›nasterio
693 914 839 956 predicto
853 916 974 946 auferri
993 922 1049 946 aut
1061 914 1301 955 quomodolibet
1326 914 1328 950 l

314 970 352 1000 ab
373 970 474 1011 ipsius
494 970 632 1001 dominio
649 971 739 1001 vobis
757 972 866 1002 invitis
895 971 1040 1004 subduci.
1065 981 1121 1001 seu
1147 970 1199 1001 alii
1227 971 1301 1001 lios-
1326 956 1327 973 l

314 1026 416 1068 pituli,
439 1027 591 1060 ecclesie.
614 1027 763 1067 collegio,
789 1028 856 1059 loco
888 1029 938 1059 vel
978 1038 1128 1068 persone.
1151 1027 1299 1064 concedi,

313 1083 413 1113 subici
432 1083 483 1113 vel
505 1083 599 1118 uniri,
622 1084 950 1124 qumisauctoritate,
974 1094 1034 1114 nou
1052 1084 1164 1125 possit,
1180 1083 1300 1124 absque

315 1139 602 1180 SedisApostolice
618 1140 748 1180 speciali
769 1140 898 1171 licentia
915 1141 965 1171 vel
988 1140 1138 1171 mandato
1160 1140 1300 1171 faciente
1326 1125 1327 1153 l

1326 1169 1327 1179 i

313 1195 437 1236 plenam
459 1198 489 1226 et
515 1206 705 1236 expressam
722 1196 760 1227 dc
782 1197 841 1227 hac
869 1196 1069 1237 indulgentia
1100 1198 1132 1227 et
1164 1196 1300 1238 prefatis
1325 1181 1328 1228 i

313 1252 508 1282 monasterio
529 1253 662 1282 ctcuria
684 1254 857 1294 vestroque
879 1252 991 1284 ordine
1012 1254 1221 1289 mentionem,
1242 1253 1299 1284 ‹le-

311 1310 487 1339 cernentes
515 1308 739 1339 nichilominus
771 1309 896 1340 irritum
919 1314 952 1340 et
984 1309 1078 1340 inane
1100 1309 1124 1340 si
1150 1309 1224 1350 quid
1258 1309 1298 1340 de

311 1365 379 1405 ipsa
400 1365 487 1395 curia
509 1375 565 1395 seu
582 1365 731 1406 hospitali
748 1368 862 1396 contra
874 1366 1057 1406 hujusmodi
1078 1366 1298 1397 concessionis
1324 1378 1325 1386 ¹

312 1422 420 1452 nostre
435 1423 579 1452 tenorem
593 1422 768 1463 contigerit
780 1423 979 1464 attemptari.
992 1422 1074 1453 Nulli
1085 1422 1295 1465 [etc41nostro
1324 1394 1325 1445 l

310 1478 529 1508 concessionis
562 1482 594 1509 et
625 1479 867 1509 constitutionis
897 1481 960 1510 etc.
997 1479 1110 1510 Datum
1144 1479 1296 1518 viterbii,

311 1534 352 1564 Ill
376 1534 447 1564 idus
464 1535 561 1574 junii.
586 1546 667 1565 :uino
685 1536 792 1566 tertio.
822 1551 833 1561 n

379 1643 475 1670 2171
892 1646 1133 1674 Viterbe.8aos1t
1151 1649 1225 1673 ¹257.

345 1725 416 1751 Cum
440 1724 595 1751 Guillelmo
623 1727 658 1752 de
682 1728 786 1754 lteorta
817 1729 978 1762 dispensat,
1003 1733 1042 1761 ut,
1069 1738 1127 1756 non
1161 1731 1296 1757 obstante
1323 1708 1325 1758 l

312 1772 429 1798 defectu
454 1772 610 1805 natalium,
627 1782 713 1807 quem
745 1776 866 1809 patitur,
894 1777 928 1802 de
954 1776 1060 1803 clerico
1081 1777 1109 1803 in
1133 1778 1297 1804 minoribus
1322 1766 1325 1819 [

310 1819 461 1845 ordinibus
476 1821 635 1847 constituto
651 1822 768 1855 genitus
779 1826 808 1849 et
822 1823 925 1854 soluta,
942 1824 977 1850 ad
988 1824 1134 1858 quaslibet
1148 1826 1297 1861 regulares
1322 1821 1325 1857 l

1017 282 1079 312 HE<
1091 281 1248 312 usTizEs
1274 279 1580 312 D'ALEXANDRE
1606 282 1649 313 IV

1399 363 1413 378 «
1439 349 1596 393 Philippo
1616 349 1656 382 de
1679 352 1764 394 Eya,
1784 352 1946 384 canonico
1969 352 2207 384 Londoniensi.
2240 356 2342 396 Apos-

1355 406 1451 437 tolice
1470 406 1564 437 Sedis
1585 407 1766 449 benignitas
1789 427 1840 439 —.
1860 409 1931 440 Dat.
1956 408 2106 441 Viterbii.
2135 410 2164 440 V
2191 410 2263 441 idus
2287 422 2341 442 au-

1356 463 1454 503 gusti,
1468 472 1550 494 anno
1567 464 1676 495 tertio.
1705 478 1719 491 »

1425 596 1525 624 2¹74
1918 599 2044 631 Viterbe,
2061 600 2094 625 20
2108 601 2177 641 aout
2194 602 2270 626 1257.

1389 690 1521 724 Magistro
1537 693 1565 715 et
1581 689 1719 716 fratribus
1734 690 1840 716 domus
1856 689 1978 716 militiae
1990 690 2141 724 Templiin
2155 692 2252 717 Accon
2263 698 2342 717 man·

1352 738 1410 766 dat,
1427 740 1574 771 quatenus
1594 737 1693 763 comiti
1716 737 1854 771 Joppensi
1874 737 1910 763 de
1934 738 2068 772 pecunia,
2086 746 2174 772 quam
2191 738 2340 772 quondam

1351 784 1513 819 (beraldusj
1531 785 1695 818 patriarcba
1709 785 1974 818 Jerosolymitanus
1990 785 2018 810 in
2035 784 2114 811 dicta
2129 785 2216 812 domo
2233 785 2340 820 deponi

1326 849 1328 856 .
1352 832 1430 864 fecit,
1453 841 1546 867 usque
1568 833 1604 858 ad
1630 832 1707 859 mille
1734 840 1847 858 marcas
1866 833 1980 867 argenti
2007 833 2036 858 in
2059 833 2223 859 subsidium
2251 834 2339 860 castri

1326 864 1328 912 l
1351 881 1504 915 Joppensis
1523 881 1733 915 expendendas
1753 881 1914 915 assignent.
1938 881 2015 907 (usn.
2039 883 2081 912 25,
2100 890 2124 907 a.
2148 882 2194 912 ΙΙΙ,
2210 890 2234 908 c.
2253 882 2304 908 587
2320 883 2338 914 ¹,

1353 928 1371 954 s.
1389 928 1443 957 74Ji

1398 1016 1442 1032 ιι..
1473 1002 1635 1044 maqz'stro
1662 1008 1693 1033 et
1722 1002 1886 1045 fratribus
1917 1002 2033 1034 domus
2062 1002 2184 1034 militie
2210 1002 2341 1046 Templi

1326 1060 1327 1095 ᾗ
1354 1057 1387 1088 in
1405 1059 1525 1089 Accou.
1545 1058 1638 1089 Circa
1658 1060 1825 1099 negotium
1839 1060 1937 1090 Terre
1958 1060 2076 1091 Sancte
2096 1059 2236 1091 dilectus
2256 1059 2339 1092 filius

1352 1114 1466 1145 nobilis
1494 1115 1568 1145 vir..
1597 1125 1706 1146 comes
1729 1116 1900 1156 Joppensis
1926 1121 2016 1146 tanto
2046 1115 2166 1147 affectu
2193 1116 2337 1154 ducitur,

1353 1171 1438 1212 quod
1456 1171 1535 1212 ipsc,
1559 1171 1645 1202 sicut
1668 1172 1865 1213 accepimus,
1881 1182 1937 1213 pro
1959 1172 2105 1203 custodia
2128 1173 2228 1203 castri
2258 1173 2340 1215 Jop-

1352 1228 1461 1268 pensis
1478 1238 1540 1259 non
1560 1228 1663 1259 solum
1677 1229 1782 1259 omnia
1797 1228 1877 1259 bona
1898 1239 1957 1260 sua
1978 1228 2105 1259 mobilia
2126 1232 2159 1260 et
2182 1239 2243 1260 non
2270 1239 2338 1261 mo-

1351 1285 1456 1315 dicam
1474 1288 1598 1326 parten]
1624 1285 1673 1317 sui
1693 1285 1876 1326 patrimonii
1891 1286 1960 1327 jam
1977 1285 2145 1326 expendit,
2162 1285 2218 1317 sed
2240 1287 2337 1318 etiam

1351 1342 1443 1382 gravi
1464 1344 1596 1383 propter
1613 1342 1673 1373 hoc
1695 1342 1853 1383 premitur
1874 1343 2000 1373 sarcina
2028 1334 2221 1374 debitorum.
2247 1342 2339 1376 Unde

1350 1398 1390 1429 sit
1409 1398 1491 1439 quod
1519 1399 1587 1440 ipse
1611 1399 1650 1429 ad
1671 1399 1852 1430 custodiam
1882 1398 2064 1440 hujusmodi
2088 1409 2145 1440 per
2174 1410 2209 1430 se
2234 1400 2337 1440 ipsum

1324 1458 1325 1478 ³
1351 1466 1412 1487 non
1430 1456 1563 1494 suffieit,
1577 1457 1636 1488 nisi
1656 1456 1785 1487 aliunde
1806 1456 1866 1487 sibi
1886 1456 1925 1487 ad
1944 1456 1973 1487 id
1995 1458 2152 1498 oportuna
2167 1456 2338 1488 subventio

1350 1515 1551 1554 procuretur.
1575 1512 1653 1544 Cum
1673 1513 1781 1553 itaque
1802 1513 1881 1545 bone
1902 1514 2056 1544 memorie
2078 1513 2116 1544 G.
2146 1512 2337 1554 patriarcha

1349 1569 1643 1607 Jerosoliniitanus,
1661 1570 1747 1601 sicut
1773 1570 1968 1611 accepimus,
1987 1569 2060 1600 dum
2082 1569 2186 1600 adbuc
2207 1569 2338 1601 viveret

1349 1628 1473 1657 certam
1512 1627 1648 1667 pecunie
1680 1627 1907 1667 quantitatem,
1937 1636 1997 1667 que
2024 1626 2167 1657 sedecim
2203 1625 2335 1657 millium

1350 1683 1567 1714 Bisantiorum
1616 1684 1869 1714 Sarracenorum
2199 1682 2336 1724 amplius

1349 1739 1514 1780 attingere
1532 1739 1688 1778 creditur,
1706 1740 1736 1769 in
1767 1738 1860 1770 domo
1888 1741 1996 1770 vestra
2017 1738 2131 1780 deponi
2148 1739 2282 1777 fecerit,
2306 1739 2337 1770 in

1349 1795 1497 1837 ejusdem
1516 1796 1617 1827 Terre
1639 1795 1758 1827 Sancte
1775 1795 1949 1827 subsidium
1971 1795 2239 1830 convertendam,
2262 1806 2335 1834 nos,

1922 1692 2078 1714 summani
2117 1686 2149 1714 et

1323 1862 1324 1865 ¹
1348 1852 1517 1883 intellecto
1537 1852 1631 1893 quod,
1644 1853 1670 1883 si
1691 1853 1833 1883 castrum
1855 1853 1970 1893 ipsum,
1985 1851 2067 1892 quod
2088 1851 2183 1889 absit,
2199 1852 2336 1883 ammitti

309 1866 582 1893 administrationes
602 1877 652 1894 seu
673 1869 832 1903 dignitates
852 1872 964 1897 ordinis
980 1871 1043 1905 ejus
1063 1873 1172 1899 assumi
1190 1874 1296 1899 valeat.

312 1913 390 1939 (iim.
408 1916 450 1944 25,
468 1923 493 1940 a.
514 1915 559 1945 ΙΙΙ,
575 1924 598 1941 c.
618 1918 677 1949 584,
696 1917 712 1943 f.
732 1920 798 1951 ἵν’.)

354 2014 368 2027 «ι
389 1999 570 2032 Guillelmo
604 2000 644 2032 de
684 2003 815 2042 Heorta,
849 2003 1010 2035 canonico
1038 2004 1236 2036 monasterii
1257 2006 1294 2036 S.

311 2056 449 2099 Georqii
468 2057 507 2088 de
526 2058 679 2097 Nemore,
702 2058 831 2091 ordinis
852 2060 886 2091 S
911 2060 1110 2103 Auqustirzz',
1130 2063 1294 2093 Cenoma-
1322 2064 1323 2087 l

311 2112 421 2144 nensis
442 2112 594 2145 diocesis.
618 2115 747 2157 Religio
772 2120 826 2147 tua
858 2120 1002 2148 meretur
1032 2136 1084 2148 ——.
1126 2118 1197 2149 Dat..
1242 2119 1295 2150 Vi-

312 2169 419 2206 terbii,
442 2170 485 2200 VI
502 2170 571 2201 idus
583 2172 723 2211 augusti,
740 2182 822 2203 anno
844 2174 953 2204 tertio.
981 2188 994 2200 υ

379 2293 479 2320 2172
898 2298 1024 2329 Viterbe,
1040 2299 1223 2325 9aoat1257.

346 2376 478 2409 Magistro
498 2377 616 2403 Girardo
634 2378 668 2403 de
687 2380 759 2412 l'oys
775 2379 916 2414 indulget,
935 2383 966 2406 ut
981 2384 1097 2414 praeter
1110 2381 1167 2408 alia
1184 2382 1296 2408 benefi—

309 2423 363 2455 cia,
380 2431 454 2457 quae
468 2424 591 2455 obtinet,
601 2432 692 2450 unum
709 2425 788 2451 aliud
806 2427 936 2460 recipere
947 2427 1047 2453 valeat.
1064 2428 1195 2456 “Rosea
1211 2437 1236 2454 a.
1248 2429 1296 2458 ΙΙΙ,

310 2478 333 2495 c.
351 2471 412 2498 585.
430 2471 448 2496 f.
467 2473 523 2497 ΜΛ

355 2568 369 2581 «
387 2554 552 2597 Maqistro
575 2556 719 2588 Girardo
751 2557 791 2588 (le
816 2559 916 2601 Poys.
949 2558 1193 2592 archidiacono
1216 2562 1296 2593 Leo-

309 2609 429 2647 diensi,
453 2611 628 2654 capellano
649 2619 774 2645 nostro.
796 2615 982 2656 Apostolice
1001 2616 1093 2647 Sedis
1109 2616 1295 2659 benignitas

314 2685 366 2696 —.
392 2667 463 2698 Dat.
488 2668 635 2701 viterbii.
661 2671 685 2700 V
704 2670 774 2701 idus
792 2672 934 2711 augusti,
950 2682 1033 2703 anno
1048 2673 1156 2704 tertio.
1179 2686 1193 2700 n

379 2790 481 2818 21⁷3
891 2796 1017 2829 Viterbe,
1032 2797 1046 2822 9
1063 2798 1131 2822 aout
1149 2799 1224 2823 ¹257.

346 2880 476 2915 Philippo
490 2882 525 2908 de
536 2883 601 2916 Eya,
615 2886 758 2911 canonico
774 2886 970 2912 {londoniensi
980 2887 1122 2922 indulget,
1136 2891 1168 2914 ut
1183 2891 1299 2922 praeter

310 2927 461 2959 beneficia,
474 2937 547 2963 quat·
563 2931 685 2961 obtinet,
703 2941 793 2959 unuin
810 2933 888 2959 aliud
906 2934 1035 2968 recipere
1051 2934 1152 2961 valeat.
1165 2936 1241 2963 (liza.
1254 2938 1296 2967 25,

309 2982 334 2999 a.
354 2975 399 3006 ΙΙΙ,
422 2984 444 3001 c.
463 2979 522 3009 586,
542 2978 558 3003 s.
578 2981 631 3005 741

1323 1915 1324 1918 ’
1349 1909 1568 1949 contingeret,
1596 1909 1771 1940 maximum
1791 1908 1908 1940 exinde
1931 1908 2160 1939 detrimentum
2188 1907 2338 1949 predicte

1350 1967 1437 1997 terre
1468 1976 1505 1996 ac
1539 1965 1686 1996 fidelibus
1713 1965 1842 1996 illarum
1868 1965 2007 2007 partium
2041 1965 2203 2002 imiueret,
2238 1964 2337 2006 digne

1322 2011 1324 2035 l
1349 2022 1495 2053 volumus
1515 2024 1549 2053 et
1563 2032 1619 2063 per
1636 2022 1814 2063 apostolica
1835 2022 1923 2053 vobis
1943 2022 2064 2062 scripta
2084 2021 2234 2052 districte
2262 2031 2336 2062 pre-

1322 2089 1325 2125 ‘f
1348 2078 1495 2120 cipiendo
1516 2079 1717 2117 mandamus,
1737 2079 1886 2119 quatinus
1912 2078 2014 2109 eidem
2036 2078 2146 2109 comiti
2165 2077 2204 2109 de
2225 2078 2338 2120 liujus-

1322 2126 1324 2183 !
1347 2135 1433 2167 modi
1451 2136 1586 2176 pecunia
1613 2145 1711 2176 usque
1736 2136 1776 2166 ad
1800 2135 1887 2168 mille
1909 2145 2035 2166 marcas
2060 2135 2190 2176 argenti
2214 2144 2338 2176 expen-

1322 2190 1324 2231 Ι
1347 2192 1577 2233 dendasjuxta
1600 2192 1703 2233 ipsius
1727 2191 1967 2233 providentiam
1994 2192 2025 2222 in
2049 2190 2227 2222 subsidium
2257 2190 2336 2222 dicti

1322 2237 1325 2286 l
1348 2249 1459 2287 castri,
1473 2249 1543 2279 sine
1562 2248 1756 2280 difficultate
1776 2258 1832 2278 seu
1851 2247 2005 2279 dilatione
2024 2247 2168 2289 qualibet
2187 2247 2338 2288 assigne-

1348 2305 1401 2344 tis,
1434 2304 1621 2336 mandatum
1647 2307 1793 2336 nostrum
1823 2305 1932 2336 taliter
1960 2304 2136 2346 impleturi,
2160 2308 2194 2335 ut
2217 2303 2336 2335 exinde

1348 2361 1432 2403 apud
1446 2371 1502 2392 nos
1523 2364 1636 2392 vestra
1654 2361 1828 2392 sinceritas
1847 2361 1949 2402 possit
1970 2361 2084 2392 merito
2100 2359 2333 2392 commendari.

1348 2418 1497 2458 Alioquin
1519 2417 1695 2449 venerabili
1714 2418 1809 2448 fratri
1831 2420 1967 2448 nostro..
1988 2417 2174 2458 patriarche
2199 2417 2335 2448 Jeroso-

1348 2472 1493 2504 limitauo
1509 2474 1695 2515 Apostolice
1709 2474 1803 2505 Sedis
1824 2474 1934 2515 legato
1954 2474 2073 2505 nostris
2087 2473 2199 2504 damus
2214 2473 2336 2504 litteris

1348 2529 1379 2560 in
1400 2530 1572 2567 mandatis,
1597 2532 1631 2561 ut
1659 2540 1714 2562 vos
1736 2530 1774 2561 ad
1809 2530 1850 2568 id,
1880 2531 2054 2561 monitione
2088 2530 2260 2571 premissa,
2278 2539 2337 2570 per

1349 2596 1522 2617 censuram
1541 2587 1811 2625 ecclesiasticam,
1834 2587 2054 2628 appellatione
2082 2590 2218 2623 remota,
2245 2595 2335 2616 com-

1349 2642 1458 2683 pellat.
1476 2643 1589 2674 Datum
1600 2643 1751 2679 viterbii.
1768 2643 1845 2674 ΧΙΙΙ
1858 2643 2015 2674 kalendas
2030 2642 2235 2683 septembris,
2249 2651 2335 2673 anno

1350 2699 1458 2730 tertio.
1484 2713 1498 2727 n

1419 2800 1520 2827 2175
1917 2803 2042 2833 Yiterbe,
2058 2804 2092 2829 20
2103 2803 2172 2828 aoi‘it
2188 2803 2263 2827 1257.

1384 2892 1570 2919 Patriarchae
1583 2893 1826 2928 lerosolymitano
1837 2898 1939 2920 notum
1955 2894 2062 2920 facitse
2074 2893 2181 2920 dictam
2193 2892 2334 2927 pecuniae

1348 2945 1492 2965 summam
1503 2939 1533 2966 in
1541 2940 1704 2967 subsidium
1720 2942 1972 2976 castriJoppensis
1982 2941 2222 2973 convertendam,
2234 2939 2333 2967 comiti

1347 2986 1486 3020 Joppensi
1499 2989 1692 3015 concessisse.
1709 2990 1788 3023 (lieo.
1806 2992 1848 3021 25,
1866 2997 1891 3015 a.
1909 2990 1956 3021 Ill,
1973 2997 1996 3015 c.
2014 2989 2095 3021 5⁸7²,
2110 2989 2129 3014 s.
2147 2989 2202 3021 74.)
