2477 3512
201 230 243 264 96
896 228 1164 262 REGISTRES
1190 228 1541 261 D'ALEXANDRE
1570 229 1618 261 IV

199 343 315 367 comes
350 344 414 366 vos
446 336 484 366 et
519 334 655 366 dictum
691 334 945 366 monasterium
980 344 1042 376 per
1075 334 1202 376 viginti

198 396 310 420 annos
335 390 372 420 et
396 387 548 430 amplius
574 388 662 420 adeo
688 387 872 419 infestavit
899 387 993 428 quod
1020 387 1054 419 in
1082 387 1202 429 hujus-

199 440 294 472 modi
316 443 487 483 tempore,
514 443 657 482 propter
679 440 940 482 oppressionem
964 440 1083 482 ipsius,
1108 450 1202 472 com-
1252 467 1254 483 ;

200 493 302 525 mode
326 494 405 534 jura
429 496 548 525 vestra
572 496 607 525 et
635 493 873 525 membrorum
897 496 1097 525 vestroruin
1123 502 1201 535 pro-

198 546 296 587 sequi
321 549 356 578 et
383 546 568 578 defendere
595 546 737 577 minime
765 546 940 586 potuistis.
970 546 1042 577 Nos
1068 546 1199 586 itaque,

198 599 300 631 vobis
316 602 352 631 et
368 599 483 631 eidem
502 599 715 631 monasterio
733 608 839 640 super
857 599 921 630 hoc
938 601 1087 640 paterno
1106 608 1200 630 com-

198 652 374 694 patientes
390 652 533 688 affcctu,
551 652 677 683 vestris
693 652 1011 693 supplicationibus
1029 651 1197 688 inclinati,

198 707 248 742 ut,
276 705 452 747 premissis
479 705 571 737 veris
597 705 843 741 existentibus,
873 705 966 736 nulla
994 704 1198 746 hujusmodi

196 760 354 800 tempore
392 760 516 790 contra
553 767 617 790 vos
653 760 690 790 et
728 758 884 790 membra
923 760 1042 790 vestra
1079 760 1198 790 currat

196 811 402 853 prescriptio
438 811 499 844 sed
535 813 677 853 tempus
712 811 829 853 ipsum
866 811 907 843 de
945 811 1196 853 prescriptione

193 863 335 906 penitus
365 864 588 897 subducatur
619 864 800 897 devotioni
833 866 948 896 vestre
982 864 1195 896 auctoritate

193 917 410 959 presentium
445 916 679 959 indulgemus.
718 917 813 949 Nulli
850 920 967 950 nostre
1003 916 1197 949 concessio-

194 970 246 1002 nis
261 972 328 1003 etc.
346 970 430 1003 Dat.
446 970 616 1011 Anagnie,
633 970 750 1002 idibus
764 970 928 1013 januarii,
946 979 1038 1002 anno
1054 972 1166 1002 sexto.
1185 982 1197 998 »

271 1155 359 1181 3043
691 1155 824 1187 Anagni,
840 1155 1013 1188 30Ja11vier
1030 1154 1114 1181 1260.

232 1217 394 1251 Religiosis
416 1217 597 1244 monasterii
619 1218 647 1245 S.
668 1218 903 1244 Bartholomaei
925 1218 961 1244 de
983 1217 1132 1248 Trisulco‚
1154 1216 1195 1243 al-

190 1267 258 1292 tare
274 1266 306 1292 in
322 1265 461 1300 ipsorum
479 1266 616 1300 capitulo
635 1266 836 1293 construendi
853 1268 883 1292 et
901 1267 1024 1300 partem
1042 1266 1194 1291 bonorum

189 1314 264 1348 ipsis
290 1322 308 1341 a
335 1314 495 1349 Stephano
523 1315 605 1342 dicto
632 1315 746 1347 Buctu,
773 1315 840 1341 cive
867 1314 1032 1348 Anagnino
1058 1314 1194 1347 legatam

189 1362 344 1390 retinendi
359 1363 501 1390 concedit
515 1363 710 1390 facultatem.
727 1364 823 1397 (Rea.
840 1363 888 1396 25,
903 1363 923 1390 f.
940 1363 997 1390 237
1013 1367 1058 1395 v0,
1074 1370 1123 1389 an.
1140 1363 1195 1394 Vl,

190 1418 215 1438 c.
233 1411 276 1444 6.)

236 1517 249 1533 «
267 1531 286 1537 ..
304 1506 413 1547 priori
437 1508 465 1538 et
488 1507 664 1539 conventui
687 1508 884 1540 monasterii
910 1507 1027 1540 Sancti
1051 1506 1193 1539 Bartho-

190 1557 288 1590 lomei
320 1559 359 1591 de
394 1559 557 1598 Trisulco,
594 1560 825 1593 Cartusiensis
858 1561 1001 1598 ordinis,
1035 1560 1192 1592 Alatrine

190 1610 342 1643 diocesis.
380 1612 515 1645 Meritis
549 1616 667 1646 vestre
702 1613 879 1656 religionis
914 1614 1116 1646 inducimur
1151 1616 1191 1645 ut

189 1673 253 1696 vos
276 1664 416 1706 benigni
439 1665 572 1698 favoris
593 1667 707 1708 gratia
730 1676 987 1709 prosequamur
1008 1670 1044 1699 et
1067 1667 1102 1698 in
1127 1666 1192 1698 hiis

191 1726 257 1758 que
288 1717 390 1760 digne
422 1719 611 1760 deposcitis
641 1720 836 1752 habeamus
867 1720 1087 1762 providentie
1117 1722 1191 1751 stu-

190 1769 287 1802 dium
310 1770 475 1803 efficacis.
503 1772 610 1804 Lecta
634 1773 809 1814 siquidem
834 1773 935 1805 nobis
958 1776 1078 1805 vestra
1102 1773 1190 1815 peti-

188 1822 239 1854 tio
268 1823 476 1856 continebat
505 1826 599 1866 quod
631 1826 812 1867 quondam
844 1826 1045 1867 Stephanus
1075 1827 1190 1858 dictus

186 1874 314 1913 Buctu,
339 1877 425 1908 civis
447 1877 664 1918 Anagninus,
687 1879 832 1911 tertiam
854 1882 993 1921 partem
1017 1879 1189 1914 bonorum

188 1937 331 1960 suorum
357 1930 459 1961 vobis
484 1930 519 1961 in
546 1931 673 1963 ultima
699 1932 885 1964 voluntate
913 1932 977 1964 sub
1003 1943 1043 1964 ea
1071 1933 1189 1964 condi-

187 1981 282 2013 tione
312 1982 454 2024 legavit‚
484 1986 524 2015 ut
554 1984 589 2015 in
617 1984 760 2016 ecclesia
791 1988 909 2017 vestra
938 1995 1049 2018 uuum
1078 1986 1188 2018 altare

186 2033 277 2066 infra
297 2044 430 2068 annum
452 2046 470 2068 a
493 2036 547 2068 die
567 2037 687 2068 obitus
706 2038 758 2069 sui
780 2038 891 2074 lieret,
914 2038 949 2070 in
971 2048 1039 2080 quo
1061 2039 1106 2070 ad
1128 2039 1188 2070 ho-

186 2096 306 2119 norem
333 2088 452 2120 Sancti
479 2089 629 2130 Spiritus
654 2091 839 2123 missarum
863 2092 1032 2133 sollepnia
1059 2092 1186 2123 cotidie

187 2140 406 2173 celebrentur
424 2152 431 2178 ;
453 2142 609 2183 alioquin
629 2153 672 2175 ex
691 2146 776 2175 tunc
799 2144 894 2176 dicta
913 2145 1020 2176 tertia
1040 2155 1122 2186 pars
1141 2146 1186 2177 ad

188 2192 360 2234 hospitale
382 2194 500 2226 Sancti
523 2196 673 2237 Spiritus
693 2197 727 2227 iu
750 2197 853 2229 §axia
875 2198 916 2229 ‹le
940 2198 1033 2229 Urbe
1053 2199 1186 2239 integre

187 2245 408 2278 devolvatur.
438 2248 567 2280 Verum
595 2249 677 2290 quia
703 2250 738 2280 in
765 2251 885 2282 ordine
914 2254 1030 2282 vestro
1058 2252 1100 2283 dc
1126 2261 1187 2294 ap-

186 2298 336 2340 probata
378 2301 631 2333 consuetudine
674 2302 793 2334 haberi
836 2303 1030 2336 dinoscitur
1072 2307 1111 2336 ut
1151 2305 1187 2336 in

187 2351 346 2392 qualibet
371 2353 515 2385 ecclesia
541 2354 650 2395 ipsius
676 2356 807 2387 ordinis
834 2366 945 2388 unum
970 2357 1082 2389 altare
1108 2361 1187 2390 tan-

185 2405 372 2436 tummodo
404 2405 586 2443 habeatur,
618 2411 763 2449 propter
792 2410 1065 2451 repugnantiam
1095 2411 1187 2452 ejus-

187 2457 267 2489 dem
302 2459 566 2490 consuetudinis
604 2460 806 2501 hujusmodi
842 2462 952 2494 altare
989 2463 1023 2495 iu
1061 2464 1186 2505 majori

185 2510 328 2542 ecclesia
360 2512 507 2552 predicti
541 2514 742 2545 monasterii
774 2515 902 2555 erigere
935 2526 1002 2548 nou
1035 2517 1184 2554 audetis,

187 2571 294 2603 quare
314 2563 492 2596 humiliter
510 2566 686 2606 petebatis
703 2576 724 2598 a
743 2568 843 2599 nobis
863 2572 901 2600 ut
920 2579 1000 2601 cuni
1020 2580 1082 2601 vos
1100 2571 1186 2602 illud

185 2615 221 2647 in
236 2616 393 2658 capitulo
410 2620 538 2654 vestro,
559 2619 652 2660 quod
669 2620 782 2651 eidem
798 2621 940 2654 ecclesie
957 2632 1026 2654 uno
1041 2625 1186 2655 tantum

186 2668 319 2710 pariete
346 2670 462 2701 medio
487 2673 541 2702 est
568 2671 809 2713 conjunctum,
838 2675 951 2706 facere
978 2676 1184 2713 intendatis,

185 2721 220 2752 in
246 2731 314 2762 quo
333 2721 438 2763 juxta
459 2724 723 2766 dispositionem
744 2728 936 2768 supradicti
959 2729 1045 2760 civis
1065 2729 1186 2771 hujus-

186 2774 279 2806 modi
304 2775 489 2808 missarum
513 2777 719 2819 sollempnia
742 2789 804 2820 per
826 2780 899 2812 dies
921 2781 1076 2822 singulos
1099 2783 1185 2815 cele—

186 2826 341 2864 brentur,
363 2829 547 2870 providere
569 2839 674 2872 super
694 2832 758 2863 hoc
780 2836 928 2874 paterna
950 2834 1183 2868 sollicitudine

185 2888 396 2913 curaremus.
433 2881 506 2914 Nos
537 2883 670 2925 itaque,
706 2886 832 2917 vestris
865 2887 1184 2929 supplicationibus

184 2931 352 2970 inclinati,
385 2935 602 2976 presentium
637 2937 739 2969 vobis
776 2939 990 2972 auctoritate
1028 2942 1187 2974 concedi-

1309 344 1386 367 mus
1416 338 1455 366 ut
1485 335 1519 367 in
1550 335 1706 377 capitulo
1736 335 1811 378 ipso
1841 336 2041 377 predictum
2069 336 2181 369 altare
2210 347 2310 370 cons-

1307 390 1423 420 truere
1453 388 1612 425 valeatis,
1642 391 1679 420 et
1707 398 1769 430 pro
1798 398 1838 420 eo
1869 389 1961 430 quod
1992 389 2076 421 illud
2105 390 2142 422 in
2170 390 2309 432 prefata

1307 441 1451 473 ecclesia
1482 451 1551 472 non
1581 441 1736 482 erigitur,
1769 441 1864 474 dicta
1893 442 2001 474 tertia
2030 452 2111 484 pars
2141 443 2186 474 ad
2216 443 2310 475 idem

1307 493 1480 536 hospitale
1510 494 1630 526 Sancti
1659 494 1810 536 Spiritus
1836 494 1979 526 minime
2007 495 2221 528 devolvatur
2247 505 2310 528 nec
2472 502 2477 525 ε

1305 555 1410 589 super
1427 556 1467 579 ea
1486 549 1632 589 propter
1649 547 1714 578 hoc
1734 547 1844 589 possit
1862 547 1964 579 vobis
1982 547 2018 579 in
2036 551 2217 590 posterum
2235 558 2310 581 sus-

1305 599 1406 632 citari
1439 600 1578 641 questio
1608 600 1664 632 vel
1696 599 1841 641 aliquod
1873 600 2109 642 prejudicium
2139 601 2308 642 generari.

1306 651 1378 684 Nos
1415 653 1510 685 enim
1549 652 1798 685 nichilominus
1837 653 2057 686 decernimus
2095 653 2234 687 irritum
2272 657 2309 687 et

1301 705 1406 738 inane
1436 706 1463 737 si
1494 715 1594 738 secus
1622 706 1730 739 fuerit
1760 708 2030 748 attemptatum.
2064 706 2158 739 Nulli
2190 710 2308 740 nostre

1304 759 1537 791 concessionis
1566 761 1604 791 et
1633 759 1900 791 constitutionis
1928 762 1995 791 etc.
2030 760 2112 792 Dat.
2136 760 2307 802 Anagnie‚

1307 811 1361 842 111
1380 811 1449 844 kal.
1470 811 1650 849 februarii,
1671 822 1765 844 anno
1785 815 1898 844 sexto.
1919 824 1931 841 n

1382 1028 1471 1054 3044
1803 1030 1937 1063 Anagni‚
1953 1030 1990 1057 25
2003 1029 2127 1063 janvier
2142 1029 2228 1057 1260.

1343 1081 1508 1113 Riccardo,
1536 1082 1649 1109 rectori
1677 1082 1823 1109 ecclesiae
1851 1083 1889 1109 de
1917 1082 2076 1114 Trawelle,
2104 1082 2246 1116 indulget
2273 1083 2311 1110 ut

1302 1127 1426 1159 praeter
1449 1126 1592 1153 eamdem
1615 1126 1777 1153 ecclesiam
1801 1127 1890 1160 cujus
1913 1128 2086 1161 proventus
2109 1126 2206 1154 trium
2229 1134 2311 1154 mar-

1301 1177 1408 1197 carum
1436 1170 1661 1203 Sterlingorum
1687 1171 1826 1197 valorem
1850 1179 1913 1199 non
1931 1171 2098 1202 excedunt,
2116 1171 2201 1198 aliud
2218 1171 2311 1198 bene-

1300 1214 1408 1240 ficium
1423 1214 1667 1241 ecclesiasticum
1683 1222 1754 1241 cum
1770 1223 1844 1242 cura
1859 1215 2035 1242 animarum
2050 1215 2185 1249 recipere
2199 1215 2308 1249 possit.

1300 1258 1396 1292 (Rea.
1418 1258 1466 1290 25,
1486 1258 1507 1285 f.
1528 1259 1586 1286 237
1605 1263 1652 1290 νο,
1673 1266 1722 1286 an.
1743 1259 1798 1291 VI,
1818 1267 1847 1286 v.
1870 1259 1911 1293 7.)

1348 1360 1361 1375 «
1384 1347 1560 1385 Riccardo,
1593 1347 1709 1379 rectori
1741 1347 1873 1379 ecclesie
1903 1347 1941 1380 de
1975 1347 2144 1385 Trawelle,
2177 1347 2307 1380 Ebora-

1301 1400 1410 1431 censis
1427 1400 1580 1432 diocesis.
1599 1400 1734 1433 Meritis
1750 1401 1939 1433 laudabilis
1955 1401 2235 1434 conversationis
2250 1419 2305 1434 ——.

1298 1453 1381 1486 Dat.
1408 1453 1578 1495 Anagnie,
1606 1454 1696 1486 VIII
1722 1454 1791 1487 kal.
1818 1454 1995 1491 februarii,
2031 1463 2126 1487 anno
2159 1456 2304 1487 sexto.»

1379 1656 1466 1682 39⁴5
1798 1658 1932 1691 Anagni‚
1949 1658 1985 1684 18
2000 1658 2123 1691 J'anvier
2139 1658 2224 1685 1260.

1340 1710 1616 1744 Dispensationem
1639 1711 1678 1737 ab
1703 1710 1879 1744 H1ugone1,
1902 1711 1988 1738 tituli
2012 1711 2040 1738 S.
2067 1711 2201 1739 Sabinae
2223 1719 2308 1746 pres-

1298 1755 1410 1788 bytero
1431 1754 1583 1782 cardinali
1603 1755 1750 1781 Mathaeo
1772 1755 1809 1782 de
1831 1755 1996 1787 Guseneia‚
2017 1755 2172 1783 monacho
2192 1755 2222 1783 S.
2244 1755 2307 1783 Me·

1299 1799 1388 1826 dardi
1424 1798 1652 1826 Suessionensis
1689 1806 1868 1826 concessam
1904 1799 2082 1826 confirmat.
2119 1799 2216 1834 (Rsso.
2257 1799 2307 1833 25,

1296 1843 1316 1870 f.
1338 1843 1406 1875 237,
1427 1850 1476 1870 an.
1498 1843 1554 1876 VI,
1574 1851 1598 1870 c.
1620 1843 1662 1877 8.)

1344 1934 1512 1966 «Matheo
1535 1934 1574 1966 de
1603 1934 1781 1971 Gusencia,
1806 1934 1958 1971 diacono,
1983 1934 2146 1966 monacho
2167 1943 2303 1966 monas-

1297 1987 1372 2019 terii
1402 1987 1520 2020 Sancti
1548 1987 1710 2019 Medardi
1741 1987 2008 2024 Suessionensis,
2039 1987 2083 2019 ad
2109 1987 2303 2020 Romanam

1297 2040 1484 2072 Ecclesiam
1514 2040 1608 2072 nullo
1639 2040 1748 2072 medio
1777 2040 1989 2082 pertinentis,
2021 2040 2154 2072 ordinis
2184 2040 2303 2073 Sancti

1294 2093 1480 2126 Benedicti.
1508 2094 1596 2125 Cum
1620 2103 1640 2126 a
1665 2094 1768 2125 nobis
1792 2094 1928 2135 petitur
1950 2096 2018 2126 etc.
2045 2103 2156 2135 usque
2180 2093 2226 2126 ad
2250 2093 2302 2126 ef-

1294 2147 1440 2179 fectum.
1462 2147 1551 2179 Sane
1569 2147 1729 2179 exhibita
1747 2147 1850 2178 nobis
1865 2149 1931 2179 tua
1948 2146 2075 2188 petitio
2093 2146 2302 2179 continebat

1296 2201 1390 2242 quod
1412 2200 1561 2232 dilectus
1582 2199 1676 2232 filius
1696 2202 1816 2232 noster
1836 2199 1882 2231 H.
1903 2199 2000 2231 tituli
2022 2199 2151 2232 Sancte
2172 2199 2301 2232 Sabine

1295 2254 1469 2296 presbiter
1492 2253 1689 2290 cardinalis,
1715 2253 1752 2285 in
1776 2253 1877 2294 cujus
1900 2262 1978 2285 eras
1999 2253 2179 2295 presentia
2201 2262 2301 2285 cons-

1292 2307 1436 2344 titutus,
1472 2306 1663 2338 attendens
1698 2306 1792 2348 quod
1827 2306 1909 2338 licet
1943 2305 2123 2338 defectum
2156 2305 2300 2338 luminis

1293 2370 1339 2392 ex
1371 2360 1527 2401 quadam
1557 2359 1822 2401 supervenienti
1852 2358 2064 2391 infirmitate
2094 2359 2129 2390 in
2160 2359 2304 2391 sinistro

1293 2412 1394 2445 oculo
1412 2412 1569 2455 patiaris,
1589 2422 1659 2444 non
1677 2415 1799 2444 tamen
1817 2414 1871 2444 est
1886 2412 1969 2444 talis
1986 2411 2042 2444 vel
2059 2414 2186 2444 tantus
2204 2411 2301 2453 quod

1293 2468 1439 2508 propter
1464 2466 1529 2497 hoc
1554 2465 1666 2507 possit
1690 2465 1899 2497 scandalum
1924 2464 2093 2506 generari,
2119 2467 2241 2497 tecum
2264 2464 2303 2497 in

1293 2519 1467 2560 susceptis
1502 2519 1702 2550 ministrare
1740 2518 1924 2550 ordinibus
1957 2527 1998 2550 ac
2033 2518 2078 2550 ad
2112 2517 2303 2550 sacerdotii

1294 2572 1454 2604 ordinem
1485 2571 1683 2613 premoveri
1715 2581 1852 2604 necnon
1887 2571 1933 2604 ad
1968 2570 2297 2604 administrationes

1294 2625 1518 2667 prioratuum
1545 2625 1599 2656 tui
1627 2625 1759 2657 ordinis
1788 2625 1981 2657 dumtaxat
2007 2623 2140 2656 assumi
2167 2622 2298 2660 valeas,

1293 2678 1336 2710 de
1359 2678 1501 2720 speciali
1524 2678 1696 2710 mandato
1720 2680 1841 2710 nostro
1865 2677 2137 2709 misericorditer
2158 2676 2299 2719 dispen-

1291 2731 1387 2763 savit
1410 2733 1518 2772 prout
1540 2731 1577 2763 in
1600 2730 1728 2763 litteris
1750 2731 1833 2763 inde
1857 2730 2028 2763 consectis
2050 2729 2161 2772 ipsius
2185 2729 2299 2762 cardi-

1292 2783 1381 2816 nalis
1402 2783 1515 2825 sigillo
1537 2783 1685 2816 munitis
1707 2783 1845 2825 plenius
1867 2783 1997 2815 dicitur
2018 2782 2202 2815 contineri.
2226 2781 2300 2814 Nos

1290 2836 1407 2877 igitur,
1426 2836 1498 2869 tuis
1517 2836 1656 2869 devotis
1672 2836 1992 2878 supplicationibus
2007 2835 2179 2873 inclinati,
2199 2835 2296 2877 quod

1289 2899 1395 2931 super
1422 2889 1486 2921 hoc
1512 2890 1558 2922 ab
1584 2890 1710 2922 eodem
1736 2889 1906 2922 cardinali
1931 2889 2069 2922 factum
2094 2891 2149 2921 est
2173 2890 2295 2921 ratum

1288 2945 1326 2975 et
1363 2945 1506 2984 gratum
1546 2943 1728 2980 habentes,
1768 2943 1805 2975 id
1843 2943 2059 2977 auctoritate
2096 2940 2292 2986 apostolica
