2477 3512
234 291 293 321 782
939 284 1196 318 REGISTRES
1218 283 1554 317 D’ALEXANDRE
1575 282 1623 315 1v

233 394 347 431 petitio
379 393 576 426 continebat,
608 391 743 420 dilectus
784 390 869 418 filius
911 389 1097 423 Willelmus,
1140 389 1240 418 abbas

233 447 418 476 monasterii
437 445 522 475 beati
540 444 626 474 Petri
645 444 682 473 de
700 443 784 472 Cella
801 443 975 476 Trecensis,
994 442 1113 471 ordinis
1131 441 1240 471 Sancti

231 499 408 533 Benedicti,
427 498 598 528 attendens
616 499 707 535 grata
726 499 758 525 et
775 498 908 534 accepta
927 495 1056 524 servitia
1076 504 1137 534 que
1155 495 1239 523 idem

234 552 424 582 Guillermus
453 561 472 580 n
490 551 636 580 Romana
654 549 740 579 curia
757 551 789 578 et
805 548 880 578 alibi
897 548 994 577 etiam
1012 548 1098 577 dicto
1115 556 1241 577 monas-

232 606 313 635 terio
339 604 507 643 impendit¹
535 603 595 632 sibi
622 603 653 631 in
680 601 1009 640 recompensationem
1036 600 1240 629 servitiomm

231 659 374 697 ipsorum
401 657 564 696 quandam
589 655 754 694 grangiam
781 664 842 693 que
875 654 992 683 (licitur
1026 654 1064 682 dc
1092 653 1240 687 Pruneio,

234 720 333 751 prope
355 712 509 740 Sanctum
529 709 712 738 ,Iohannem
734 708 773 737 de
791 707 977 740 Bonavalle,
998 706 1162 735 Trecensis
1176 706 1242 735 dio-

233 764 322 798 cesis,
337 773 409 793 cum
421 763 570 792 omnibus
584 762 710 800 juribus
725 764 757 790 et
771 760 973 799 pertinentiis
992 759 1068 793 suis,
1082 760 1142 788 sub
1155 761 1241 788 certa

233 817 383 856 pensione
406 819 466 845 etc.
491 818 527 844 ut
550 815 581 844 in
604 815 676 848 alia,
708 814 813 843 verbis
845 815 1065 851 competenter
1096 812 1242 849 mutatis,

232 879 353 909 usque:
383 869 565 908 potestatis,
592 868 669 897 illud
693 877 748 906 per
780 869 904 896 nostras
936 866 1087 895 duximus
1119 865 1242 894 litteras

232 923 502 953 confirmandum.
534 921 688 958 Quocirca
719 920 911 949 mandamus
942 918 1095 957 quatinus
1125 927 1181 956 per
1209 920 1241 946 te

231 977 282 1006 vel
305 985 363 1014 per
386 975 484 1005 alium
509 975 642 1003 inducas
679 974 801 1002 dictum
828 973 1038 1001 (inillermum
1063 971 1093 1000 in
1120 980 1242 1009 posses-

231 1029 353 1059 sionem
381 1029 464 1058 dicte
491 1028 630 1066 grangie,
657 1027 777 1065 jurium
811 1029 841 1055 et
877 1024 1144 1063 pertinentiarum
1173 1024 1242 1062 ejus

233 1085 266 1112 et
286 1082 406 1112 tuearis
434 1081 614 1110 inductum.
644 1079 904 1109 Contradictores
932 1080 992 1107 etc.
1016 1078 1168 1106 invocato
1200 1077 1241 1106 ad

232 1136 292 1165 hoc
317 1135 343 1164 si
369 1143 449 1173 opus
475 1134 582 1167 fuerit,
609 1133 729 1163 auxilio
764 1132 886 1161 brachii
912 1130 1072 1160 secularis.
1100 1130 1176 1159 Dat.
1205 1132 1242 1159 ut

231 1198 337 1227 supra.
362 1199 374 1214 >0

313 1418 405 1444 2509
756 1416 895 1448 Viterbe,
907 1416 924 1442 9
936 1415 1049 1442 sevrier
1072 1415 1157 1443 1258.

273 1467 350 1494 Cum
389 1466 580 1497 Guillelmus,
619 1465 647 1492 S.
683 1465 846 1491 Eustachii
876 1465 1025 1491 diaconus
1064 1464 1241 1496 cardinalis,

231 1507 340 1534 abbati
349 1506 532 1533 monasterii
543 1505 766 1536 Neritonensis,
779 1505 897 1531 ordinis
906 1504 934 1531 S.
944 1504 1117 1535 Benedicti,
1131 1504 1171 1530 ad
1179 1504 1241 1530 Ro-

230 1554 357 1574 manam
386 1546 557 1573 Ecclesiam
584 1545 669 1571 nullo
696 1545 800 1571 medio
826 1544 1023 1578 pertinentis,
1040 1551 1058 1570 a
1079 1544 1241 1570 monachis

231 1588 263 1613 et
279 1586 436 1613 canonicis
453 1585 663 1612 saecularibus
680 1585 851 1611 secundum
862 1584 1120 1611 consuetudinem
1131 1584 1239 1615 electo,

230 1632 324 1660 regno
349 1626 472 1652 Siciliae
496 1627 572 1651 tunc
595 1625 763 1651 interdicto
788 1624 922 1657 generali
947 1624 1120 1657 supposito,
1145 1623 1241 1650 abba-

231 1667 310 1693 tiam
326 1666 403 1692 dicti
419 1665 601 1691 monasterii
616 1664 702 1698 prius
716 1664 811 1690 libere
832 1664 1023 1697 resignatam
1044 1663 1240 1694 contulisset,

233 1706 339 1733 omnia
374 1705 414 1731 ab
449 1705 516 1738 ipso
553 1704 720 1731 Guillelmo
754 1704 850 1735 facta,
886 1705 1027 1730 tenorem
1062 1703 1239 1729 litterarum

234 1753 360 1772 suarum
380 1746 526 1776 inserens,
547 1744 724 1771 confirmat.
745 1744 840 1776 (Rae.
863 1743 910 1775 25,
930 1743 950 1770 f.
972 1743 1029 1769 130
1048 1747 1094 1775 v0,
1114 1750 1163 1769 an.
1188 1742 1239 1774 IV,

233 1793 257 1812 c.
292 1785 353 1818 86.)

275 1896 319 1918 «..,
351 1884 456 1913 abbati
492 1883 671 1912 monasterii
707 1882 934 1916 Neritonensis,
971 1882 1091 1911 ordinis
1133 1881 1240 1911 Sancti

231 1937 400 1966 Benedicti.
423 1937 443 1966 J
447 1936 527 1965 ustis
553 1936 733 1974 petentium
747 1938 797 1965 etc
811 1954 860 1965 —.
876 1936 952 1965 Dat.
967 1935 1113 1969 Viterbii,
1128 1935 1156 1964 V
1170 1935 1242 1964 idus

233 1990 395 2024 februarii,
418 1999 503 2019 anno
535 1992 661 2028 quarto.
694 2000 707 2016 »

314 2228 374 2254 251
383 2228 404 2253 0
780 2227 918 2259 Viterbe,
930 2227 967 2253 27
978 2234 1061 2253 mars
1074 2227 1159 2254 1258.

276 2277 513 2303 Matrimonium
546 2277 629 2302 inter
662 2276 866 2308 Placentiam,
901 2276 1039 2309 reginam
1074 2276 1178 2310 Cypri,
1213 2278 1243 2302 et

235 2317 417 2348 Balianum,
461 2318 573 2343 natum
609 2316 763 2342 Johannis
799 2316 836 2342 de
870 2316 998 2347 Arsuro,
1034 2317 1243 2347 contractum,

237 2357 359 2383 nullum
394 2364 459 2382 esse
493 2356 532 2382 ad
567 2356 707 2389 ejusdem
741 2356 865 2388 reginae
890 2356 1077 2389 petitionem
1095 2355 1241 2382 declarat.

240 2396 336 2430 (Bm.
362 2396 410 2427 25,
434 2396 454 2422 f.
481 2396 548 2426 131,
573 2403 621 2422 an.
650 2395 702 2427 IV,
727 2403 750 2422 c.
776 2395 838 2428 87.)

278 2506 289 2521 α
312 2494 363 2523 Ad
391 2496 571 2532 perpetuam
601 2494 644 2523 rei
673 2494 863 2523 memoriam.
895 2494 1080 2523 Presidente
1111 2494 1243 2524 rationis

235 2547 369 2585 imperio
387 2565 427 2568 —
444 2547 611 2576 libramine.
637 2547 823 2585 judicentur
841 2547 894 2585 (Ι).
917 2547 998 2576 Sane.
1017 2556 1112 2576 causa
1134 2547 1245 2576 matri—

236 2600 335 2629 monii
372 2609 433 2639 que
468 2600 658 2629 vertebatur
690 2600 773 2629 inter
803 2600 999 2629 carissimam
1043 2600 1074 2629 in
1119 2600 1244 2630 Christo

237 2653 339 2682 filiam
366 2655 510 2682 nostram
538 2653 746 2686 Placentiam,
775 2653 930 2682 illustrem
966 2653 1107 2691 reginam
1137 2653 1244 2691 Cypri,

236 2708 269 2735 et
303 2706 455 2735 dilectum
488 2705 590 2734 filium
626 2706 764 2735 nobilem
797 2706 903 2734 virum
929 2706 1111 2739 Balianum,
1131 2709 1244 2735 natum

239 2759 345 2788 dilecti
364 2758 421 2787 filii
437 2758 550 2788 nobilis
569 2758 629 2787 viri
652 2758 811 2787 Johannis
830 2759 951 2788 domini
972 2759 1010 2788 de
1024 2759 1143 2788 Arzoto
1162 2759 1243 2795 (sic),

237 2812 474 2841 venerabilibus
512 2811 666 2840 fratribus
707 2811 855 2845 nostris„
884 2811 1122 2850 archiepiscopo
1151 2812 1245 2841 Nico-

272 2915 295 2937 1.
317 2914 351 2937 Γ..)
371 2914 533 2943 preambule
556 2917 597 2939 vst
615 2916 638 2938 lc
654 2915 743 2938 nieme
762 2921 816 2944 que
834 2917 904 2939 celui
920 2917 965 2945 qui
984 2923 1010 2939 se
1024 2918 1120 2938 trouw
1136 2917 1241 2940 dansla

235 2951 315 2973 lettre
331 2951 367 2974 du
393 2949 519 2975 (Ia-*dnm
541 2950 737 2978 Ott01›0ni‚du
755 2951 768 2973 7
792 2950 935 2975 decembre
956 2950 1032 2981 1257,
1054 2951 1164 2980 publice
1182 2952 1243 2979 plus

236 2984 315 3014 haut,
331 2989 362 3006 n0
380 2984 458 3015 2440,
472 2985 535 3009 saut
548 2987 585 3009 les
600 2989 671 3010 mots
687 2985 764 3015 parvi
780 2988 808 3009 ct
823 2986 916 3015 maym'
937 2988 982 3015 qui
998 2989 1060 3011 sont
1077 2988 1242 3010 intervertis.

1346 386 1452 421 siensi,
1469 390 1534 420 et..,
1555 387 1714 426 episcopo,
1743 387 1986 426 Famagustano
2011 389 2052 418 ab
2071 388 2258 427 Apostolica
2278 388 2338 419 Sed

1347 440 1526 474 commissa,
1561 440 1704 478 predicta
1738 441 1845 479 regina
1878 449 1986 470 coram
2018 441 2072 476 eis,
2099 441 2208 471 oblato
2240 441 2358 475 libello.

1347 493 1441 531 petiit
1467 493 1710 522 matrimonium
1737 494 1823 532 quod
1850 494 1934 523 inter
1959 494 2062 532 ipsam
2088 496 2120 523 et
2147 494 2270 524 dictum
2295 494 2357 524 Ba-

1346 545 1468 574 lianum
1488 545 1593 575 fuerat
1613 546 1651 575 de
1670 546 1757 575 facto
1768 549 1981 581 contractum,
2001 555 2074 576 cum
2085 547 2203 585 dejure
2213 547 2359 577 contrahi

1349 607 1411 627 non
1438 601 1555 636 posset,
1581 608 1619 628 ex
1645 608 1681 628 eo
1723 600 1809 638 quod
1843 600 1925 629 clare
1959 600 2144 634 memorie„
2170 609 2225 629 rex
2249 600 2356 639 Cypri,

1348 651 1484 680 maritus
1510 651 1609 690 ipsius
1635 652 1750 690 regine,
1778 652 1865 681 dicto
1889 652 2024 682 Baliano
2049 653 2145 682 tertia
2172 653 2360 691 consangui-

1349 704 1461 733 nitatis
1479 704 1560 734 linea
1579 705 1771 743 conjunctus
1789 705 1952 739 extiterat,
1971 708 2004 735 et
2021 705 2174 744 quicquid
2193 715 2233 735 ex
2249 715 2286 736 eo
2309 706 2360 736 vel

1349 758 1390 786 ob
1405 757 1437 786 id
1450 760 1596 787 secutum
1615 757 1719 787 fuerat
1735 758 1859 787 irritum
1872 760 1905 787 et
1919 758 2013 787 inane
2029 759 2165 793 decerni.
2189 767 2285 797 super
2296 767 2361 798 quo

1349 810 1404 839 lite
1432 810 1571 849 legitime
1599 813 1781 840 contestata
1809 813 1841 840 et
1870 811 2004 849 prestito
2026 820 2044 840 a
2072 811 2219 850 partibus
2241 811 2362 841 calum-

1350 863 1423 901 pnie
1454 863 1648 901 juramento,
1682 864 1839 903 factisque
1874 864 1945 893 hinc
1977 865 2051 894 inde
2083 864 2296 903 positionibus
2328 866 2361 894 et

1350 917 1609 954 responsionibus
1629 917 1669 946 ad
1690 918 1817 946 easdem
1838 920 1870 946 et
1889 926 1985 956 super
2004 918 2198 956 quibusdam
2217 917 2360 948 articulis

1350 969 1486 1007 receptis
1512 970 1660 1004 testibus,
1688 970 1821 999 tandem
1858 970 2056 1000 venerabiles
2082 970 2198 1000 fratres
2224 970 2359 1004 nostri..‚

1348 1022 1499 1060 Tyrensis
1528 1025 1593 1055 et..‚
1624 1023 1814 1052 Cesariensis
1855 1023 2096 1062 archiepiscopi,
2127 1023 2244 1062 quibus
2273 1026 2361 1062 post-

1349 1075 1483 1104 modum
1501 1084 1631 1105 causam
1648 1075 1751 1114 ipsam
1769 1076 1998 1110 commisimus,
2011 1085 2082 1106 eam
2095 1076 2137 1106 ad
2150 1076 2250 1115 ipsius
2269 1076 2359 1106 Sedis

1349 1128 1541 1157 remiserunt
1564 1138 1710 1163 examen,
1737 1128 1860 1167 prefixo
1885 1129 2004 1158 eisdem
2030 1129 2177 1168 partibus
2202 1131 2289 1159 certo
2313 1132 2361 1159 te-

1349 1181 1436 1210 mino
1461 1181 1676 1220 peremptorio
1702 1191 1766 1220 quo
1790 1191 1833 1215 se,
1859 1191 1932 1211 cum
1957 1182 2106 1212 omnibus
2130 1182 2222 1216 actis,
2236 1182 2362 1220 juribus

1348 1236 1381 1263 et
1399 1234 1608 1264 munimentis
1625 1234 1690 1264 suis
1719 1243 1849 1264 causam
1876 1235 2062 1273 hujusmodi
2087 1235 2361 1274 contingentibus,

1348 1287 1525 1325 apostolico
1545 1287 1731 1326 conspectui
1751 1290 1983 1326 presentarent.
2014 1288 2280 1318 Procuratoribus
2302 1288 2364 1318 ita-

1348 1349 1410 1379 que
1424 1341 1565 1379 partium
1586 1341 1760 1370 earundem
1781 1341 1812 1370 in
1828 1343 1934 1370 nostre.
1947 1341 2107 1379 presentia
2121 1341 2317 1375 constitutis,
2330 1344 2364 1371 et

1348 1402 1444 1432 super
1477 1394 1676 1432 processibus
1709 1402 1817 1423 coram
1850 1394 2002 1432 predictis
2034 1394 2196 1432 judicibus
2229 1394 2360 1429 habitis,

1349 1447 1471 1476 diutius
1507 1446 1710 1485 litigantibus
1747 1456 1854 1476 coram
1891 1447 2067 1476 venerabili
2092 1447 2192 1477 fratre
2217 1449 2361 1482 nostro..,

1348 1499 1498 1538 episcopo
1514 1500 1711 1534 Penestrino,
1727 1509 1823 1538 quem
1838 1500 1870 1529 in
1885 1509 1981 1529 causa
2006 1500 2074 1538 ipsa
2100 1500 2247 1529 dedimus
2271 1500 2362 1530 audi-

1349 1555 1463 1587 torem,
1490 1555 1712 1591 procuratores
1737 1553 1881 1591 ejusdem
1906 1553 2012 1592 regine
2036 1553 2135 1591 ipsius
2160 1553 2288 1583 nomine
2312 1562 2364 1583 co-

1349 1614 1418 1635 ram
1440 1606 1552 1635 eodem
1574 1606 1721 1635 auditore
1754 1606 1917 1644 petierunt
1939 1606 2067 1644 procedi
2089 1606 2129 1635 ad
2152 1605 2363 1635 diffinitivam

1349 1654 1544 1683 sententiam
1579 1655 1756 1683 secundum
1789 1655 1932 1684 libellum
1966 1657 1998 1683 et
2032 1663 2198 1693 processus
2232 1654 2361 1684 habitos

1349 1716 1458 1737 coram
1500 1707 1662 1745 judicibus
1706 1708 1910 1746 supradictis,
1955 1707 2218 1746 procuratoribus
2260 1707 2361 1746 ipsius

1348 1760 1474 1789 Baliani
1499 1760 1768 1799 respondentibus
1793 1760 1896 1799 petita
1921 1760 1991 1789 fieri
2016 1769 2079 1790 non
2105 1761 2220 1790 debere
2243 1769 2301 1799 pro
2325 1769 2363 1790 eo

1350 1813 1437 1852 quod
1448 1813 1555 1851 regina
1568 1816 1600 1842 et
1610 1813 1763 1842 Balianus
1775 1813 1911 1852 predicti
1922 1813 2131 1852 prestiterant
2141 1813 2362 1852 juramentum

1350 1866 1437 1905 quod
1461 1866 1688 1896 contraherent
1708 1867 1750 1896 ad
1773 1866 1911 1896 invicem
1932 1866 2186 1901 matrimonium,
2201 1866 2364 1905 dispensa-

1349 1919 1437 1948 tione
1450 1928 1545 1958 super
1565 1919 1728 1949 affinitate
1749 1928 1811 1958 que
1831 1919 1915 1948 inter
1934 1928 1987 1949 eos
2007 1922 2056 1948 est
2075 1918 2158 1949 infra
2179 1919 2274 1949 unius
2287 1919 2364 1949 anni

1350 1972 1493 2010 spatium
1514 1972 1556 2002 ab
1577 1972 1689 2002 eadem
1712 1972 1791 2002 Sede
1812 1972 1958 2006 obtenta,
1972 1974 2049 2001 ante
2058 1972 2150 2010 cujus
2163 1972 2364 2011 impetratio-

1350 2034 1423 2054 nem
1440 2025 1524 2059 inter
1539 2025 1625 2064 ipsos
1642 2025 1885 2054 matrimonium
1900 2025 2087 2059 intervenit,
2104 2027 2137 2054 et
2154 2025 2241 2064 quod
2257 2025 2299 2054 ad
2309 2034 2363 2064 pe-

1349 2078 1499 2108 titionem
1523 2078 1629 2117 regine
1652 2080 1685 2107 et
1713 2078 1840 2107 Baliani
1862 2078 2082 2116 predictorum
2104 2087 2200 2117 super
2222 2077 2283 2108 hoc
2305 2087 2363 2116 per

1350 2131 1450 2161 felicis
1464 2131 1694 2161 recordationis
1710 2131 1934 2160 Innocentium
1952 2140 2082 2169 papam,
2103 2131 2360 2169 predecessorem

1351 2186 1508 2218 nostrum,
1538 2184 1645 2214 fuerat
1663 2183 1895 2222 dispensatum,
1914 2193 1971 2222 per
1988 2184 2074 2223 quod
2092 2183 2361 2223 impedimentum

1351 2237 1524 2267 affinitatis
1548 2237 1734 2275 hujusmodi
1767 2237 1951 2266 tollebatur.
1977 2237 2038 2266 Sed
2060 2246 2117 2276 per
2137 2239 2362 2275 procuratores

1351 2291 1496 2329 ejusdem
1514 2290 1620 2328 regine
1639 2290 1701 2318 fuit
1727 2290 1929 2328 propositum
1947 2299 1987 2319 ex
2013 2290 2149 2319 adverso
2176 2290 2263 2328 quod
2280 2289 2361 2328 ipsa,

1351 2346 1427 2373 ante
1458 2343 1627 2372 obtentam
1658 2343 1932 2381 dispensationem
1964 2343 2160 2381 hujusmodi,
2191 2343 2233 2372 ab
2262 2342 2362 2381 ipsius

1349 2396 1476 2426 Baliani
1509 2395 1750 2425 cohabitatione
1776 2395 1965 2425 discesserat
1989 2398 2032 2429 et,
2059 2398 2233 2434 postquam
2248 2395 2360 2425 eadem

1353 2449 1549 2488 dispensatio
1573 2449 1614 2478 ad
1640 2448 1739 2487 ipsius
1759 2449 1907 2486 pervenit
1936 2449 2097 2482 notitiam,
2119 2449 2206 2487 quod
2224 2448 2361 2478 eundem

1349 2502 1522 2532 Balianum
1541 2511 1598 2540 pro
1616 2502 1685 2531 viro
1719 2511 1776 2531 suo
1802 2502 1918 2531 habere
1945 2502 2075 2531 nolebat
2100 2501 2218 2540 pluries
2254 2501 2362 2530 fuerat

1352 2555 1479 2594 publice
1502 2557 1693 2593 protestata,
1718 2557 1751 2583 et
1775 2555 1861 2593 quod
1886 2554 2157 2593 dispensationem
2181 2554 2360 2592 predictam

1353 2609 1536 2638 nullatenus
1562 2608 1764 2645 acceptabat.
1791 2608 1989 2646 Adjecerunt
2014 2608 2112 2637 etiam
2138 2609 2360 2645 procuratores

1352 2661 1459 2700 regine
1487 2661 1629 2699 predicte
1658 2661 1744 2699 quod
1773 2661 1897 2689 dictum
1925 2661 2146 2698 juramentum
2187 2669 2250 2689 non
2286 2659 2362 2689 sim-

1352 2714 1477 2753 pliciter
1508 2714 1563 2742 sed
1585 2714 1645 2742 sub
1666 2713 1848 2743 conditione
1882 2713 2054 2752 prestitum
2075 2713 2190 2746 fuerat,
2212 2712 2362 2742 videlicet

1353 2767 1439 2806 quod
1463 2767 1574 2796 eadem
1599 2766 1705 2805 regina
1729 2775 1802 2795 cum
1825 2767 1937 2795 eodem
1958 2766 2093 2795 Baliano
2116 2765 2359 2795 matrimonium

1353 2820 1566 2853 contraheret,
1593 2819 1617 2847 si
1635 2819 1751 2848 dilecto
1767 2819 1834 2848 filio
1853 2819 1950 2848 nobili
1964 2819 2066 2853 viro..,
2080 2818 2362 2857 principiAnthio-

1353 2873 1463 2906 cheno,
1498 2872 1589 2901 fratri
1623 2872 1728 2910 regine
1767 2872 1919 2910 predicte,
1942 2872 2092 2910 placeret,
2117 2872 2171 2910 qui
2193 2879 2359 2910 nunquam

1353 2935 1448 2964 super
1471 2925 1529 2954 hoc
1555 2925 1726 2959 consensit,
1752 2925 1850 2954 immo
1873 2925 1904 2953 in
1930 2925 2082 2954 continua
2107 2923 2361 2953 contradictione

1355 2978 1498 3017 perstitit
1522 2980 1555 3007 et
1580 2978 1740 3016 persistit3
1768 2978 1853 3016 quod
1879 2986 1940 3016 que
1966 2977 2051 3006 dicta
2077 2976 2272 3016 dispensatio
2297 2985 2360 3006 non
