2477 3512
984 300 1213 339 raoisiEME
1238 302 1384 339 ANNEE
2131 306 2189 340 ,τι

173 377 257 403 Petro
275 377 383 407 Mauro,
399 376 506 402 clerico
526 377 606 402 chori
622 376 761 402 ecclesiae
771 376 930 405 ovetensis,
954 375 1157 401 fraudulenter

161 424 346 457 impetratis,
364 432 452 458 super
471 424 605 458 ejusdem
624 423 724 450 clerici
741 423 907 458 provisione
931 423 959 449 in
983 423 1096 449 civitate
1114 422 1154 448 vel

166 471 294 497 dioecesi
311 472 455 497 Ovetensi.
477 472 553 505 [Rau.
572 473 615 501 25,
633 480 658 497 a.
678 472 722 497 ill.
738 479 762 496 c.
779 472 840 499 248.
858 471 876 496 f.
895 473 948 496 :3:3⁸3

216 576 230 589 «ι
258 586 278 592 ..
318 561 445 592 decano
471 567 528 592 et..
559 559 767 591 thesaurario
798 558 1063 590 lamorensibus.
1095 557 1158 589 Sua

173 618 264 650 nobis
289 617 483 649 venerabilis
509 617 613 648 frater
633 618 769 647 noster..
794 616 963 657 episcopus
984 615 1158 647 Ovetensis

171 675 327 716 petitione
337 673 542 711 monstravit,
557 673 639 712 quod
650 671 765 703 Petrus
780 673 910 703 Maurus
921 672 1058 702 clericus
1070 671 1158 702 chori

171 731 312 762 ecclesie
327 730 510 767 Ovetensis,
525 739 560 759 se
574 738 749 770 pauperem
762 728 913 759 clericum
927 738 1090 766 asserens,
1100 727 1157 758 sub

168 797 207 817 ea
218 787 334 824 t'orma,
345 796 405 826 qua
420 795 477 826 pro
488 784 680 826 pauperibus
696 785 826 815 clericis
839 784 1066 815 consuevimus
1076 784 1157 814 scri—

171 842 247 874 bere
268 842 450 873 diocesanis
470 841 624 882 ipsorum,
645 851 742 881 super
761 841 943 881 provisione
960 840 1061 871 suain
1076 840 1157 870 civi-

166 900 237 930 tate
261 897 312 929 vel
333 898 453 929 diocesi
473 897 641 934 Ovetensi,
659 897 761 937 primo
777 897 807 926 in
824 897 1000 937 preceptis,
1017 906 1054 926 ac
1066 898 1156 937 post-

170 955 300 986 modum
331 955 361 985 in
398 954 518 984 virtute
552 953 747 987 obedientie,
788 956 916 983 nostras
949 953 988 983 ad
1019 952 1157 983 eundem

167 1012 354 1053 episcopum
382 1011 523 1046 litteras,
547 1011 581 1040 ut
610 1010 740 1046 dicitur,
766 1009 964 1050 impetravit.
994 1008 1058 1040 Sed
1087 1019 1156 1040 cum

164 1067 251 1098 idem
272 1067 452 1108 episcopus,
471 1066 631 1097 mandatis
654 1066 841 1106 apostolicis
860 1066 971 1096 volens
992 1065 1158 1096 humiliter

130 1116 133 1119 Δ
165 1123 310 1160 obedire,
328 1125 461 1164 paratus
482 1126 569 1153 esset
590 1123 709 1153 victum
726 1122 893 1152 dumtaxat
916 1123 944 1152 in
968 1131 1079 1152 mensa
1100 1132 1156 1152 sua

164 1180 216 1211 vel
236 1180 268 1210 in
283 1180 391 1217 scolis,
410 1180 492 1210 sicut
513 1179 565 1209 uni
579 1179 685 1209 desua
714 1179 847 1211 familia,
870 1179 1039 1213 exhibere,
1055 1178 1156 1209 donec
1181 1206 1182 1209 ,

164 1236 269 1267 eidem
285 1237 437 1277 episcopo
454 1246 488 1266 se
506 1235 645 1266 facultas
661 1234 806 1266 offerret.
823 1235 903 1275 quod
919 1236 947 1265 ei
960 1240 1070 1276 posset
1083 1245 1157 1276 pro-
1181 1266 1183 1269 ,

164 1292 281 1323 videre
300 1293 395 1333 juxta
423 1294 570 1323 tenorem
601 1292 782 1323 litterarum
813 1291 852 1321 ad
873 1291 1009 1322 eundem
1031 1291 1156 1332 episco-

164 1360 256 1390 pum,
273 1360 371 1390 super
384 1349 566 1390 provisione
584 1349 684 1390 ipsius
701 1348 823 1385 clerici,
841 1348 1049 1381 directarum,
1072 1347 1155 1378 idem

165 1406 307 1437 clericus
317 1405 722 1446 hujusmodiprovisionem
736 1405 849 1435 nolens
859 1405 1018 1445 recipere.
1028 1406 1060 1435 et
1068 1414 1157 1435 asse-

164 1528 245 1559 copo
273 1517 464 1559 providendi
492 1517 596 1549 eidem
618 1517 780 1549 obtulerat
805 1527 839 1547 se
867 1517 1017 1555 facultas,
1040 1527 1097 1558 pro
1118 1526 1156 1547 eo

163 1574 247 1614 quod
258 1571 395 1615 quedam
409 1574 630 1615 prestimonia,
647 1583 707 1614 que
723 1574 753 1604 in
762 1573 901 1604 ecclesia
914 1574 1068 1604 Ovetensi
1084 1583 1156 1614 pos-

163 1634 220 1663 tea
255 1634 471 1669 vacaverunt,
499 1630 559 1661 sibi
586 1641 647 1661 non
675 1630 825 1662 contulit.
858 1639 928 1660 cum
972 1629 1165 1660 secundum¹

163 1688 557 1728 constitutionem‚quam‚
574 1687 656 1718 bone
665 1688 830 1722 memorie,
841 1688 870 1717 J.
881 1687 1051 1728 opiscopus
1066 1686 1154 1717 Sabi-

164 1745 284 1783 nensis,
297 1746 371 1775 tunc
393 1745 424 1774 in
449 1743 595 1785 partibus
615 1743 677 1774 illis
691 1743 878 1784 Apostolice
897 1741 988 1773 Sedis
1009 1742 1151 1782 legatus,

162 1801 282 1832 dicitur
306 1800 460 1839 edidisse,
490 1800 608 1831 debent
638 1800 801 1831 canonicis
836 1799 974 1830 ecclesie
1007 1799 1153 1840 predicte

162 1858 318 1895 conferri,
348 1857 477 1888 demum
505 1856 543 1887 ad
571 1867 628 1887 vos
649 1858 789 1895 nostras,
813 1856 894 1896 quod
915 1857 943 1886 ei
966 1855 1005 1886 de
1030 1855 1152 1886 beneti-

163 1915 221 1945 ciis
237 1914 277 1945 ad
292 1914 499 1945 collationem
525 1914 622 1955 ipsius
644 1913 787 1954 episcopi
809 1912 1031 1953 spectantibus
1048 1913 1152 1953 provi—

163 1971 298 2009 daretis,
310 1971 439 2002 litteras
458 1971 665 2001 executorias
675 1971 866 2010 reportavit.
885 1969 1042 2005 Quocirca
1061 1979 1150 1999 man-

163 2027 289 2065 damus,
308 2028 470 2068 quatinus,
485 2027 511 2057 si
531 2031 582 2057 est
598 2027 653 2063 ita,
667 2026 792 2057 eisdem
808 2026 925 2056 litteris
937 2024 1150 2066 supersedere

163 2084 297 2119 curetis,
320 2083 490 2114 dummodo
519 2084 588 2124 ipse
621 2083 791 2123 episcopus
817 2086 948 2123 paratus
975 2082 1017 2111 sit
1046 2081 1148 2112 eidem

166 2137 286 2170 clerieo
307 2140 491 2180 providere,
511 2140 607 2181 juxta
637 2139 817 2169 litterarum
844 2148 940 2179 snper
964 2137 1149 2178 provisione

165 2195 263 2236 ipsius
285 2196 395 2227 clerici
416 2196 455 2227 ad
476 2195 612 2227 eundem
636 2196 820 2237 episcopum
843 2195 1074 2225 continentiam
1100 2194 1148 2225 di-

165 2253 339 2290 rectarum,
367 2252 584 2294 prestimoniis
604 2254 637 2283 et
662 2251 834 2293 prebendis
863 2252 1088 2282 canonicorum
1117 2253 1148 2282 et

163 2318 274 2339 mense
288 2308 481 2349 episcopalis
497 2308 667 2340 dumtaxat
680 2309 840 2349 exceptis.
853 2309 965 2339 Datum
982 2308 1145 2345 Laterani,

164 2364 267 2395 idibus
289 2365 406 2403 martii,
429 2375 512 2396 anno
532 2365 640 2397 tertio,
667 2381 678 2393 υ

238 2488 334 2515 1855

724 2492 835 2521 Latrat),
846 2493 860 2515 ⁴)
877 2491 982 2515 levi-ier
1001 2492 1074 2516 1257.

201 2580 343 2614 Episcopo
361 2582 388 2605 et
404 2579 533 2613 capitulo
545 2580 736 2607 Ovetensibus
755 2581 884 2612 mandat,
901 2583 1047 2614 quatenus
1060 2581 1147 2606 Joan—

165 2635 231 2654 nem
263 2627 387 2655 Martini,
416 2627 495 2653 chori
519 2627 660 2654 ecclesiae
686 2629 838 2655 Ovetensis
861 2628 1013 2660 cler-ioum,
1043 2628 1092 2662 qui
1118 2628 1146 2653 in

161 2675 264 2701 eadem
281 2674 407 2700 ecclesia
419 2674 545 2700 tideliter
560 2677 588 2700 et
604 2675 705 2701 devote
721 2675 828 2705 serviit,
845 2676 873 2701 in
887 2675 1065 2702 canonicum
1078 2675 1145 2701 etin

162 2722 282 2748 Fratrem
299 2722 443 2756 recipiant
459 2722 543 2755 eique
567 2722 600 2747 de
619 2722 784 2756 praebenda
808 2723 989 2756 provideant.
1010 2724 1087 2752 (neo.
1103 2724 1145 2753 25,

162 2778 185 2796 a.
207 2771 365 2802 {11‚c.249,
384 2770 400 2795 t'.
419 2774 474 2797 33¹⁷.

207 2872 220 2884 α
246 2884 267 2889 ..
291 2858 443 2901 episcopo
464 2865 494 2890 et
514 2858 662 2902 capitulo
685 2859 909 2891 metensibus.
935 2860 978 2892 Ut
1007 2859 1145 2891 reddan-

161 2917 214 2946 tur
233 2916 348 2946 merita
375 2916 523 2947 clariora.
546 2915 654 2955 dignis
683 2919 757 2946 sunt
780 2916 909 2957 premiis
935 2915 1141 2947 muneranda.

193 2998 212 3020 1.
227 2998 274 3020 Ms.
290 3006 294 3020 :
309 2997 456 3021 secundum
474 3000 507 3021 el.

1210 387 1270 417 qne
1290 377 1427 418 quodam
1441 376 1499 407 sibi
1514 376 1664 408 videntur
1679 377 1808 417 justitie
1822 376 1929 407 debito
1948 376 2130 415 vendicare,
2155 387 2195 409 ne

1182 474 1184 478 Ι
1210 434 1312 464 virtus
1340 434 1575 464 irremunerata
1607 433 1720 463 relicta
1751 432 2001 474 contemptibilis
2034 432 2193 471 videatur,

1182 518 1184 526 ,
1211 489 1329 530 fiatque
1350 490 1478 520 occasio
1492 489 1580 519 vitiis
1593 489 1781 523 dilatandis,
1797 500 1941 529 quorum.
1954 499 2025 519 cum
2035 489 2195 530 viget,est

1182 534 1184 551 γ’
1212 544 1330 576 efficax
1354 545 1570 586 proiligatrix.
1595 544 1673 576 Cum
1693 546 1812 584 itaque,
1835 546 1919 576 sicut
1936 546 2133 586 accepimus,
2150 545 2197 576 di-

1211 601 1316 632 lectus
1337 601 1420 632 filius
1449 601 1612 632 Johannes
1634 601 1776 639 Martini,
1803 601 1892 632 chori
1919 602 2060 633 ecclesie
2085 608 2196 632 vestre

1210 657 1360 693 clericus
1384 658 1475 688 vobis
1495 660 1528 688 et
1548 657 1652 688 eidem
1671 658 1810 688 ecclesie
1829 658 1981 688 servierit
2006 658 2145 689 fideliter
2164 664 2198 689 et

1210 714 1338 747 devote,
1358 724 1395 744 ac
1419 715 1462 745 sic
1484 714 1639 744 virtutum
1658 714 1783 744 vacarit.
1804 714 1975 754 profectui.
1997 714 2041 745 sic
2063 713 2196 755 placidis

1210 769 1350 801 moribus
1372 772 1404 801 et
1421 770 1697 812 c1=1ivei*lsa}tioiie
1720 769 1873 800 laudabili
1889 770 2072 801 exhibuerit
2089 780 2123 801 se
2143 780 2196 801 ac-

1209 829 1350 868 ceptum,
1375 829 1408 858 ut
1427 827 1542 867 dignus
1570 828 1686 858 merito
1699 827 1858 857 habeatur
1878 826 2008 857 honoris
2037 829 2070 857 et
2092 827 2196 867 gratie

1208 885 1426 922 incremento,
1448 894 1506 915 nos
1536 884 1625 914 bonis
1650 882 1842 914 benefacere
1863 883 2042 923 cupientes,
2066 883 2196 914 univer—

1181 958 1183 963 ν
1210 941 1341 972 sitatem
1371 941 1516 971 vestram
1547 949 1699 980 rogamus
1731 943 1763 969 et
1786 939 1953 969 hortamur
1979 940 2118 976 attente,
2141 950 2198 979 per

1211 997 1389 1039 apostolica
1415 997 1505 1027 vobis
1525 996 1647 1037 scripta
1665 995 1867 1032 mandantes,
1890 995 2039 1034 quatinus
2060 996 2196 1026 eundem

1210 1054 1376 1089 clericum,
1391 1054 1417 1084 si
1437 1061 1487 1084 est
1507 1052 1654 1094 ydoneus
1671 1054 1702 1082 et.
1719 1052 1758 1082 de
1778 1054 1844 1088 tuo,
1863 1051 1967 1081 frater
1983 1052 2144 1092 episcope,
2160 1062 2197 1082 ac

1211 1111 1343 1152 majoris
1364 1112 1396 1141 et
1418 1109 1554 1140 sanioris
1575 1109 1675 1149 partis
1698 1109 1855 1144 vestrum,
1876 1106 1931 1137 filii
1945 1108 2131 1148 capitulum,
2150 1118 2198 1138 as-

1210 1177 1306 1198 sensu
1328 1166 1538 1208 processerit,
1557 1165 1596 1195 ol»
1611 1164 1830 1196 reverentiam
1846 1163 2034 1204 Apostolice
2056 1163 2148 1194 Sedis
2166 1171 2198 1195 et

1208 1227 1364 1257 nostram,
1388 1223 1554 1263 recipiatis
1572 1222 1603 1252 in
1624 1221 1812 1252 canonicum
1834 1223 1867 1251 et
1886 1220 1916 1250 in
1937 1220 2084 1255 fratrem,
2103 1220 2194 1259 eique

1209 1280 1248 1311 de
1269 1279 1444 1321 prebenda,
1463 1280 1488 1309 si
1509 1290 1570 1319 qua
1595 1279 1625 1308 in
1650 1277 1763 1308 eadem
1785 1276 1927 1307 ecclesia
1947 1282 2042 1306 vacat
2062 1276 2102 1306 ad
2124 1287 2195 1317 pre-

1209 1347 1296 1374 sens,
1315 1336 1366 1367 vel
1387 1336 1620 1377 quamprimum
1634 1334 1672 1365 ad
1687 1334 1718 1365 id
1733 1344 1768 1363 se
1783 1333 1921 1363 facultas
1932 1332 2096 1369 obtulerit,
2115 1332 2194 1363 libe-

1181 1396 1183 1407 '
1208 1394 1322 1424 raliter
1342 1392 1514 1434 providere
1539 1391 1680 1423 curetis:
1705 1400 1766 1420 non
1791 1389 1941 1420 obstante
1970 1389 2072 1429 partis
2094 1389 2196 1419 minus

166 1472 247 1493 rens
268 1462 471 1503 postmodum
498 1461 587 1492 nobis
608 1461 820 1496 mendaciter,
841 1460 923 1500 quod
940 1461 1045 1491 ejdem
1069 1461 1156 1501 eij„
1181 1450 1182 1488 ξ
1209 1449 1393 1481 rationabili
1421 1448 1676 1480 contradictione
1706 1446 1850 1483 minoris,
1880 1456 1916 1476 ac
1945 1446 2068 1476 statuto
2100 1445 2197 1486 ipsius

1209 1506 1352 1538 ecclesie
1379 1506 1418 1537 de
1446 1506 1536 1536 certo
1571 1504 1798 1535 canonicorum
1828 1512 1973 1535 numero.
1998 1502 2196 1543 juramento,

1208 1563 1451 1594 confirmatione
1464 1561 1557 1593 Sedis
1569 1560 1769 1602 Apostolice‚
1782 1569 1838 1590 seu
1855 1568 2055 1599 quacumque
2072 1558 2136 1589 alia
2145 1557 2197 1588 fir-

1207 1621 1321 1652 mitate
1343 1619 1474 1652 vallato,
1500 1618 1549 1649 vel
1574 1618 1600 1647 si
1626 1628 1681 1659 pro
1700 1616 1771 1647 aliis
1792 1616 1913 1656 scripta
1937 1617 2046 1646 nostra
2076 1614 2195 1645 direxi-

1207 1687 1276 1708 mus
1295 1686 1352 1718 pro
1378 1675 1505 1707 eadem.
1532 1674 1644 1715 quibus
1670 1673 1817 1704 nolumus
1840 1671 2039 1703 auctoritate
2060 1681 2195 1712 presen-

1206 1735 1285 1765 tium
1316 1732 1527 1774 prejudicium
1551 1731 1713 1772 generari.
1736 1732 1791 1760 aut
1819 1729 1844 1759 si
1877 1727 1967 1759 vobis
1997 1739 2015 1758 a
2043 1727 2125 1759 Sede
2154 1728 2194 1758 sit

1204 1790 1361 1822 indultum
1383 1789 1543 1830 predicta,
1562 1787 1644 1828 quod
1664 1786 1703 1817 ad
1724 1786 1956 1826 receptionem,
1977 1784 2027 1815 vel
2039 1785 2194 1825 provisio-

1204 1858 1276 1878 nem
1297 1857 1358 1877 non
1379 1845 1554 1877 teneamini
1575 1844 1723 1884 alicujus,
1747 1841 1892 1883 quodque
1913 1841 1951 1871 de
1969 1840 2133 1871 beneficiis
2153 1840 2193 1871 ad

1204 1904 1412 1936 collationem
1433 1904 1576 1933 vestram
1598 1899 1820 1941 spectantibus
1842 1898 1919 1928 nulli
1940 1897 2100 1938 provideri
2123 1906 2194 1938 pos—

1205 1962 1246 1992 sit
1272 1971 1330 2002 per
1355 1960 1483 1990 litteras
1515 1957 1712 1999 apostolicas
1738 1966 1799 1986 non
1819 1955 1980 1985 facientes
2006 1954 2133 1994 plenam
2159 1960 2188 1983 et

1204 2027 1394 2059 expressam
1412 2016 1450 2046 de
1466 2014 1590 2045 indulto
1611 2012 1794 2054 hujusmodi
1809 2011 2017 2045 mentionem,
2035 2010 2102 2040 sive
2115 2020 2191 2049 qua-

1204 2075 1251 2104 vis
1272 2073 1336 2104 alia
1351 2071 1555 2112 indulgentia
1577 2070 1662 2100 dicte
1684 2068 1789 2105 Sedis,
1806 2068 1845 2099 de
1873 2067 1965 2107 cujus
1987 2070 2054 2097 toto
2075 2068 2188 2096 tenore

1200 2132 1349 2172 oporteat
1364 2131 1394 2160 in
1410 2129 1528 2159 nostris
1543 2127 1663 2157 litteris
1679 2126 1745 2156 tieri
1760 2125 1966 2157 mentionem,
1979 2125 2012 2153 et
2027 2132 2186 2163 perquam

1201 2187 1340 2219 effectus
1366 2185 1563 2227 presentium
1590 2182 1737 2224 impediri
1758 2181 1868 2212 valeat
1892 2180 1943 2210 vel
1972 2177 2108 2215 differri,
2131 2188 2187 2208 seu

1201 2244 1284 2285 quod
1300 2243 1385 2274 idem
1407 2242 1546 2273 clericus
1566 2239 1646 2270 alias
1667 2237 1876 2269 beneficiatus
1898 2235 2050 2277 [ejxistin
2063 2234 2184 2265 eisdem

1201 2302 1324 2332 statuto
1342 2303 1375 2330 et
1395 2297 1606 2339 indulgentiis
1630 2296 1703 2336 post
1722 2293 1944 2334 receptionem
1959 2292 2059 2332 ipsius
2080 2290 2109 2320 in
2127 2301 2182 2321 sno

1200 2358 1314 2389 robore
1338 2355 1512 2388 duraturis.
1537 2354 1659 2384 Preces
1680 2355 1786 2382 autem
1808 2350 1936 2380 nostras
1952 2351 1985 2379 et
2002 2346 2184 2378 mandatum

1200 2414 1313 2446 taliter
1332 2414 1364 2444 in
1393 2413 1455 2443 hac
1480 2412 1571 2452 parte
1597 2408 1731 2450 implere
1760 2406 1892 2443 curetis,
1915 2404 1998 2445 quod
2024 2403 2186 2443 exipsius

1199 2470 1311 2502 clerici
1323 2469 1510 2510 receptione
1524 2466 1528 2486 ¹
1551 2465 1748 2496 consortium
1763 2460 2013 2503 comprobemini
2029 2458 2185 2490 affectare

1199 2528 1365 2564 bonorum,
1387 2534 1509 2565 nosque
1530 2522 1734 2553 devotionem
1752 2521 1895 2550 vestram
1909 2516 2028 2548 exinde
2045 2526 2106 2546 non
2130 2515 2185 2545 im-

1198 2584 1314 2615 merito
1333 2580 1609 2614 commendantes,
1624 2577 1763 2609 ecclesio
1782 2580 1889 2606 vestre
1900 2577 2067 2604 teneamur
2087 2571 2184 2601 vicis-

1199 2639 1339 2671 situdine
1360 2637 1569 2680 respondere.
1590 2636 1703 2666 Datum
1726 2631 1890 2666 Laterani,
1910 2631 1936 2661 V
1960 2629 2029 2659 idus
2056 2627 2184 2659 februa-

1198 2697 1248 2734 rii,
1271 2705 1353 2726 auno
1375 2695 1482 2726 tertio.
1510 2706 1523 2719 n

1274 2791 1369 2819 1856
1768 2786 1881 2815 Latran,
1900 2786 1929 2809 18
1946 2789 2023 2808 mars
2039 2783 2112 2807 i257.

1233 2875 1337 2902 Abbati
1353 2876 1380 2901 S.
1399 2873 1544 2900 Vincentii
1559 2871 1710 2897 Ovetensis
1720 2869 1850 2901 mandat,
1863 2870 2008 2901 quatenus
2025 2863 2185 2890 nonnullas

1197 2923 1355 2953 interdicti,
1372 2921 1575 2956 suspensionis
1599 2922 1627 2945 et
1644 2914 1955 2944 excommunicationis
1976 2912 2138 2939 sententias
2154 2911 2183 2936 in

1228 2998 1248 3019 l.
1268 2996 1315 3019 ΜΝ.
1331 3004 1335 3018 ;
1351 2995 1538 3024 receptionem.
