2477 3512
135 247 199 280 122
823 240 1094 276 REGISTRES
1116 240 1470 276 D'ALEXANDRE
1497 241 1549 275 1v

213 350 306 376 3155
678 348 812 382 Anagni,
834 347 853 374 2
873 347 943 381 juin
966 346 1054 374 1260.

172 409 354 443 Praeposito
371 411 402 435 et
418 408 558 442 capitulo
574 408 719 435 ecclesiae
735 407 972 441 Argentinensis
987 407 1137 442 reeipien·

131 454 162 480 di
181 453 371 480 fridericum
389 453 427 480 de
443 453 616 484 Bechbmc,
634 452 821 478 canonicum
837 452 984 479 ecclesiae
1001 452 1136 480 Connin·

130 498 242 532 gensis,
277 498 309 524 in
330 498 515 524 canonicum
537 499 568 524 et
588 497 621 523 in
641 497 772 523 fratrem
793 496 882 530 eique
923 496 1136 530 praebendam

131 542 312 569 conferendi
340 541 526 568 facultatem
555 541 709 567 concedit.
740 540 838 573 (Rea.
868 540 918 573 25,
948 541 969 567 l.
1000 541 1059 568 252
1088 544 1136 573 νο,

130 593 181 613 an.
199 585 255 618 VI,
273 593 298 612 e.
317 586 377 617 96;
394 585 602 612 Bam-oum:
621 588 657 612 n⁰
674 585 756 618 683.)

175 695 189 711 ι
217 708 237 714 ..
265 683 436 725 preposito
464 685 493 714 el
520 682 670 724 capitulo
699 682 831 714 ecclesie
858 682 1133 724 Aryenlinensis.

130 735 265 768 Meritis
282 736 470 768 laudabilis
488 736 766 768 conversationis
782 755 838 767 —.
859 736 943 768 Dat.
962 736 1133 777 Anagnie,

133 789 207 821 1111
229 789 330 821 nonis
347 789 449 830 junii,
471 798 565 820 anno
585 792 698 821 sexto.
722 802 734 817 ι

660 957 795 990 Anagni,
818 956 856 983 20
879 956 942 983 mai
965 955 1052 982 1260.

171 1017 206 1044 In
225 1025 251 1044 e.
272 1025 313 1044 m.
333 1025 390 1052 pro
409 1018 593 1045 Hermanno
613 1019 651 1045 de
671 1019 823 1050 Tiersten,
844 1018 953 1045 clerico
973 1018 1005 1044 in
1025 1018 1134 1044 eadem

128 1061 266 1088 ecclesia.
285 1062 359 1089 Dat.
377 1063 530 1096 Anagnie‚
548 1062 614 1089 XII
631 1063 692 1090 kal.
709 1063 800 1096 junii,
818 1070 900 1090 anno
918 1065 1017 1089 sexto.

663 1213 798 1247 Magni,
821 1213 857 1240 21
881 1213 945 1240 mai
968 1213 1055 1240 1260.

172 1274 208 1301 ln
233 1282 259 1302 e.
284 1282 326 1301 m.
352 1275 468 1301 eisdem
493 1282 549 1308 pro
574 1275 704 1302 Alberto
730 1275 768 1302 de
790 1275 945 1307 Blanken,
970 1275 1080 1302 clerico
1105 1276 1136 1302 in

129 1318 239 1346 eadem
251 1319 389 1346 ecclesia.
403 1319 477 1346 Dat.
491 1320 643 1353 Anagnie,
657 1319 724 1346 XII
747 1319 809 1346 kal.
835 1320 927 1354 Junii,
940 1327 1023 1347 anno
1036 1322 1136 1347 sexto.

211 1471 249 1496 31
258 1471 302 1497 58
615 1472 739 1506 Anagni
763 1472 799 1499 13
821 1472 1057 1506 janvier)l260.

170 1533 289 1560 Abbati
317 1536 347 1560 et
376 1534 547 1560 conventui
574 1535 757 1562 monasterii
785 1535 882 1562 Casae
910 1535 968 1562 Dei
996 1535 1138 1569 indulget

130 1580 167 1604 ut
188 1578 326 1604 universi
348 1578 475 1612 priores,
499 1579 645 1605 monachi
668 1581 699 1606 et
722 1580 863 1606 conversi
886 1580 1086 1613 prioratuum
1109 1579 1143 1606 et

130 1622 344 1649 membrorum
361 1622 462 1649 eidem
479 1623 670 1649 monasterio
686 1624 903 1656 subjectorum
921 1625 974 1658 qui
991 1625 1023 1650 in
1041 1624 1143 1650 mani-

133 1666 193 1693 hus
209 1665 335 1692 abbatis
351 1666 448 1699 ipsius
464 1667 689 1700 professionem
707 1668 857 1694 emittunt
878 1670 907 1694 et
927 1669 967 1694 ad
984 1668 1142 1702 prioratus

131 1712 163 1737 et
180 1709 322 1736 membra
339 1710 448 1736 eadem
466 1711 650 1743 mittuntur,
668 1712 825 1744 gaudeant
845 1714 875 1738 et
895 1714 1029 1738 utantur
1045 1713 1140 1739 libere

131 1754 311 1788 privilegiis,
333 1754 536 1788 indulgentiis
557 1757 617 1781 etc.
642 1756 756 1789 quibus
778 1757 917 1789 gaudent
940 1757 1087 1783 monachi
1109 1757 1140 1782 in

131 1798 292 1834 praedicto
311 1799 503 1825 monasterio
522 1802 763 1826 commorantes
784 1800 882 1833 (Rea.
903 1800 953 1831 25,
974 1801 994 1827 t.
1015 1801 1074 1827 252
1093 1804 1142 1839 νῦ,

131 1849 181 1869 an.
199 1841 255 1874 VI,
272 1849 298 1868 c.
315 1842 379 1876 97.)

176 1953 189 1968 «1
215 1965 234 1972 ..
261 1940 378 1972 abbati
403 1943 432 1972 el
456 1942 633 1973 conventui
658 1943 856 1974 monasterii
883 1942 969 1975 Case
991 1943 1067 1981 Dei,
1095 1943 1140 1975 ad

131 1992 324 2025 Romanam
347 1993 535 2025 Ecclesiam
559 1994 654 2026 nullo
677 1995 787 2027 medio
810 1996 1023 2037 pertinentis,
1049 1997 1140 2028 ordi-

131 2046 188 2077 nis
211 2045 328 2078 Sancti
350 2046 536 2084 Benedicti,
561 2047 849 2080 Claromontensis
870 2049 1023 2081 diocesis.
1048 2050 1139 2081 Lau-

132 2099 258 2130 dabilis
291 2100 409 2140 religio
443 2109 511 2141 que
543 2100 577 2131 in
612 2102 826 2133 monasterio
858 2105 977 2133 vestro
1010 2103 1139 2134 colitur

131 2151 179 2183 sic
208 2152 253 2183 ab
281 2162 322 2183 eo
351 2153 530 2184 mundane
559 2153 799 2185 dissolutionis
827 2154 996 2195 relegavit
1027 2156 1140 2187 illece-

134 2204 225 2240 bras,
253 2208 291 2236 ut
318 2205 410 2236 inter
434 2205 500 2237 alia
527 2206 725 2238 claustralis
750 2207 964 2239 abstinentie
991 2209 1140 2241 nexibus

132 2256 329 2297 religatum,
361 2258 586 2290 observantie
617 2260 774 2300 puritate
805 2260 937 2301 fulgeat
970 2262 1139 2302 regularis

132 2312 179 2345 et,
207 2309 405 2341 voluntatis
432 2311 574 2342 libitum
601 2316 766 2344 coartans
793 2313 937 2345 omnino
965 2315 1030 2345 sub
1058 2315 1140 2346 obe-

133 2362 263 2393 dientie
291 2362 423 2399 debito,
453 2363 596 2404 dignam
623 2368 659 2396 et
686 2365 845 2397 sedulam
873 2366 1038 2398 exhibeat
1069 2368 1140 2399 Do-

134 2414 230 2446 mino
250 2415 472 2451 servitutem,
496 2419 681 2458 tamquam
703 2418 831 2459 potiori
854 2419 1043 2451 devotione
1064 2430 1141 2462 pre-

134 2467 281 2504 minens,
310 2468 426 2499 attolli
453 2469 667 2509 Jamdudum
694 2472 930 2512 exemptionis
958 2473 1140 2515 privilegio

133 2575 224 2609 tum,
245 2573 423 2605 nonnullis
443 2574 660 2606 diversarum
681 2577 876 2617 gratiarum
897 2577 1012 2609 titulis
1032 2578 1141 2611 hono-

134 2625 214 2657 rari.
240 2625 431 2668 Propterea
457 2626 523 2658 hoc
548 2637 631 2660 sane
656 2629 691 2660 in
717 2629 908 2671 privilegiis
932 2631 1042 2672 ipsius
1068 2642 1142 2664 mo-

135 2678 278 2710 nasterii
295 2688 357 2720 per
372 2678 497 2711 Sedem
513 2681 755 2722 Apostolicam
772 2686 823 2714 est
841 2686 1032 2721 statutum,
1049 2685 1141 2717 sicut

137 2740 200 2762 nos
238 2731 303 2772 ipsi
343 2740 386 2763 ex
424 2732 642 2774 inspectione
682 2735 943 2776 privilegiorum
983 2737 1140 2778 ipsorum

136 2783 339 2824 collegimus
371 2785 563 2821 evidenter,
598 2790 634 2817 ut
671 2787 755 2818 nulli
789 2789 1051 2831 archiepiscopo
1083 2791 1140 2823 vel

137 2837 299 2878 episcopo
320 2836 422 2868 liceat
444 2847 549 2879 super
567 2843 726 2871 vestrum
747 2841 934 2874 cenobium
955 2843 1010 2874 vel
1031 2843 1141 2875 abba-

139 2891 209 2920 tem
239 2892 302 2920 aut
332 2890 490 2930 ejusdem
521 2892 655 2923 cenobii
687 2893 823 2930 fratres,
855 2897 1140 2928 excommunica-

137 2941 254 2978 tionis,
282 2942 463 2974 interdicti
492 2944 547 2975 vel
576 2946 814 2986 suspensionis
842 2957 989 2980 manum
1017 2952 1140 2981 exten—

1239 348 1330 386 dere,
1356 351 1392 381 et
1416 348 1610 387 decretum,
1635 350 1664 382 si
1688 360 1788 384 secus
1811 350 1949 384 factum
1972 350 2092 389 fuerit,
2114 359 2180 384 vos
2201 358 2244 383 ea

1238 402 1414 434 sententia
1445 412 1516 434 non
1544 403 1668 440 teneri,
1697 403 1758 436 sed
1788 404 1823 436 in
1853 404 1949 437 beati
1980 403 2075 436 Petri
2103 406 2141 436 et
2167 403 2245 445 eju·
2302 416 2306 418 ’

1238 455 1450 487 w‘cariorum
1469 465 1577 488 manu
1595 466 1735 498 semper
1752 457 1864 498 quieti
1881 460 1919 489 et
1935 457 2036 489 liberi
2053 466 2116 499 per
2132 456 2248 489 omui-

1238 509 1395 549 potentis
1410 507 1475 540 Dei
1491 509 1644 550 gratiam
1660 510 1846 542 maneatis.
1863 509 1952 542 Cum
1967 510 2076 552 igitur
2089 509 2246 542 universi

1237 561 1380 602 priores,
1404 561 1569 593 monachi
1591 565 1627 594 et
1649 562 1809 594 conversi
1831 562 2055 605 prioratuum
2076 564 2113 594 et
2135 571 2246 594 mem-

1238 613 1381 646 brorum
1417 615 1532 647 eidem
1567 615 1782 648 monasterio
1816 615 1921 658 pleno
1954 615 2033 657 jure
2067 615 2247 656 subjecto-

1237 675 1327 703 rum,
1357 667 1393 699 in
1422 677 1463 699 eo
1492 670 1528 700 et
1557 668 1592 700 in
1622 668 1787 701 manibus
1815 668 1959 701 abbatis
1986 668 2108 711 ipsius,
2138 669 2247 710 prout

1238 720 1404 757 asseritis,
1437 720 1690 763 professionem
1722 722 1903 759 emittant,
1936 724 1973 754 et
2003 721 2049 754 ad
2078 720 2247 753 volunta-

1238 775 1311 805 tem
1331 773 1474 805 abbatis
1494 774 1653 816 ejusdem
1674 774 1890 812 monasterii,
1912 774 1973 817 qui
1992 777 2047 806 est
2065 774 2102 806 in
2121 783 2163 806 eo
2182 783 2247 816 pro

1238 828 1409 868 tempore,
1454 827 1649 860 mittantur
1691 828 1737 860 ad
1781 828 1960 870 prioratus
2006 830 2043 860 et
2086 826 2248 860 membra

1238 879 1374 917 eadem,
1395 881 1569 913 moraturi
1587 881 1624 913 in
1644 881 1704 919 eis,
1726 891 1767 913 ac
1787 881 1832 913 ab
1852 881 1929 924 ipso
1949 881 2092 918 abbate,
2113 889 2196 912 cum
2214 878 2248 912 ei

1238 930 1424 973 placuerit,
1459 934 1504 966 ad
1537 934 1633 967 idem
1665 935 1923 967 monasterium
1955 936 2178 971 revocentur,
2210 934 2250 966 et

1239 986 1454 1018 conveniens
1473 986 1521 1019 sit
1541 990 1583 1019 ut
1604 987 1665 1029 qui
1685 987 1800 1020 eidem
1821 987 2036 1020 monasterio
2057 987 2136 1030 pari
2154 995 2192 1019 se
2211 985 2249 1018 in

1239 1037 1298 1070 illo
1327 1038 1544 1080 professione
1572 1040 1731 1082 alligant,
1760 1041 1886 1073 eadem
1913 1041 2067 1082 gaudere
2094 1039 2251 1072 debeant

1238 1090 1416 1130 libertate,
1445 1102 1519 1130 nos,
1545 1093 1677 1125 vestris
1703 1093 1844 1126 devotis
1868 1093 2129 1136 supplicatibus
2151 1091 2252 1125 incli-

1240 1144 1327 1181 nati,
1349 1147 1391 1177 ut
1411 1146 1566 1178 universi
1586 1146 1729 1188 priores,
1751 1146 1917 1179 monachi
1935 1149 1973 1178 et
1992 1145 2153 1178 conversi
2172 1154 2250 1188 pre-

1241 1197 1338 1235 dicti,
1370 1198 1573 1241 ubicunque
1601 1199 1637 1231 in
1667 1199 1884 1242 prioratibus
1912 1202 1949 1232 et
1976 1199 2146 1232 memhris
2173 1207 2253 1241 pre-
2309 1215 2317 1220 -

1241 1250 1345 1283 dictis
1364 1251 1508 1289 fuerint,
1529 1255 1566 1284 et
1585 1253 1695 1285 etiam
1715 1253 1801 1285 dum
1821 1253 1867 1285 ad
1887 1253 2066 1295 prioratus
2083 1254 2122 1284 et
2140 1261 2252 1284 mem-

1241 1303 1304 1335 bra
1329 1304 1406 1346 ipsa
1430 1305 1562 1337 iverint
1585 1309 1621 1338 et
1645 1306 1691 1338 ab
1714 1306 1782 1338 illis
1805 1305 1985 1343 redierint,
2009 1305 2192 1348 gaudeant
2213 1306 2252 1337 et

1242 1359 1394 1389 utantur
1425 1358 1534 1391 libere
1569 1358 1760 1401 privilegiis
1794 1358 2009 1401 supradictis
2043 1367 2181 1390 necnon
2213 1359 2252 1390 et

1242 1409 1319 1441 aliis
1349 1410 1590 1452 indulgentiis,
1623 1411 1861 1449 libertatibus,
1893 1410 2185 1444 immunitatibus
2213 1412 2252 1443 et

1242 1463 1366 1504 gratiis
1401 1464 1530 1505 quibus
1563 1465 1721 1506 gaudent
1755 1474 1796 1496 ac
1831 1467 1984 1496 utuntur
2016 1463 2182 1496 monachi
2214 1463 2252 1496 in

1243 1516 1403 1557 predicto
1431 1518 1647 1549 monasterio
1675 1520 1948 1554 commorantes,
1976 1517 2043 1549 nisi
2069 1517 2107 1549 in
2133 1516 2252 1549 eundo

1243 1571 1279 1599 et
1301 1569 1482 1601 redeundo
1506 1570 1648 1612 priores,
1672 1570 1838 1602 monachi
1860 1573 1896 1602 et
1919 1569 2079 1602 conversi
2101 1567 2253 1612 predicti

1243 1621 1331 1653 talia
1356 1622 1506 1654 forsitan
1533 1626 1677 1664 agerent
1703 1626 1850 1665 propter
1875 1632 1943 1664 que
1968 1623 2087 1654 forum
2112 1621 2254 1654 ordina-

1243 1674 1375 1706 riorum
1397 1675 1609 1707 sortirentur
1629 1679 1666 1707 et
1687 1676 1732 1708 ab
1754 1676 1840 1718 ipsis
1860 1675 2047 1707 ordinariis
2067 1677 2188 1717 posset
2207 1674 2253 1706 de

1241 1727 1319 1769 jure
1339 1727 1374 1759 in
1395 1727 1472 1759 illos
1490 1728 1690 1769 jurisdictio
1710 1728 1947 1760 ecclesiastica
1967 1727 2131 1765 exerceri,
2151 1735 2253 1774 cons-

1242 1781 1413 1812 titutione
1455 1790 1516 1813 seu
1561 1781 1799 1813 declaratione
1846 1781 1956 1814 felicis
1998 1779 2254 1813 reeordationis

1245 1833 1443 1865 innocentii
1458 1844 1561 1877 pape,
1578 1835 1833 1877 predecessoris
1848 1834 1971 1871 nostri,
1987 1834 2080 1866 circa
2108 1843 2254 1876 exemp·

1242 1890 1298 1919 tos
1315 1887 1422 1924 edita,
1440 1887 1497 1920 vel
1514 1888 1786 1930 quibuscunque
1802 1888 1880 1920 aliis
1895 1887 2044 1920 statutis
2059 1897 2122 1921 seu
2137 1886 2255 1920 decla-

1241 1941 1440 1973 rationibus
1477 1941 1584 1973 factis
1619 1944 1655 1973 et
1693 1941 1927 1983 promulgatis
1963 1941 2010 1972 ab
2045 1939 2255 1982 Apostolica

1243 1993 1332 2026 Sede
1367 1994 1412 2026 ad
1447 1994 1659 2026 instantiam
1694 2003 2001 2036 quorumcunque,
2036 1996 2074 2026 et
2107 1992 2255 2035 quibusn

1243 2056 1383 2089 cunque
1411 2047 1540 2079 litteris
1567 2047 1771 2089 apostolicis
1799 2057 1862 2089 per
1889 2056 2121 2089 quoscunque
2147 2055 2255 2088 super

1243 2100 1310 2133 hiis
1334 2100 1493 2132 obtentis
1517 2110 1746 2142 nequaquam
1771 2099 2011 2137 obstantibus,
2037 2098 2255 2132 auctoritate

1243 2154 1463 2196 presentium
1492 2154 1595 2185 vobis
1626 2154 1669 2186 de
1699 2153 1842 2196 speciali
1872 2153 1987 2194 gratia
2016 2152 2253 2194 indulgemus.

1244 2207 1318 2239 Nos
1355 2208 1450 2240 enim
1489 2207 1710 2239 decernimus
1748 2205 2139 2243 excommunicationis,
2178 2213 2254 2237 sus-

1242 2259 1420 2303 pensionis
1446 2264 1481 2293 et
1507 2260 1688 2292 interdicti
1715 2259 1912 2292 sententias
1937 2262 1974 2291 et
2000 2267 2197 2301 processus,
2223 2257 2254 2290 si
2290 2257 2299 2261 ’

1242 2324 1331 2356 quos
1352 2315 1388 2346 in
1409 2324 1474 2346 vos
1497 2317 1561 2346 aut
1584 2314 1726 2355 priores,
1751 2312 1945 2345 monachos
1966 2312 2042 2344 sive
2065 2319 2255 2344 conversos

1242 2368 1420 2410 predictos
1440 2376 1500 2399 seu
1522 2366 1789 2403 monasterium,
1812 2366 1991 2408 prioratus
2010 2365 2068 2397 vel
2089 2363 2253 2397 membra

1241 2421 1366 2453 eadem
1387 2423 1512 2452 contra
1534 2419 1707 2462 presentis
1728 2419 1859 2451 indulti
1879 2422 2041 2451 tenorem
2061 2427 2126 2460 per
2146 2425 2252 2460 quos-
2306 2429 2319 2440 ³

1192 2491 1193 2495 =
1242 2483 1382 2516 cunque
1398 2473 1480 2505 ferri
1497 2473 1553 2505 vel
1570 2472 1693 2505 haberi
1709 2472 1909 2514 contigerit,
1927 2471 2046 2504 irritas
2062 2474 2099 2503 et
2113 2471 2250 2509 inanes,

134 2520 274 2556 meruit,
307 2524 353 2557 et,
385 2521 484 2552 velut
516 2523 719 2554 sanctitatis
750 2524 941 2556 eminentia
974 2526 1141 2567 presigni-
1192 2519 1194 2539 ⁵

1243 2527 1340 2559 Nulli
1376 2529 1496 2559 nostre
1533 2525 1768 2558 concessionis
1803 2528 1841 2557 et
1877 2523 2147 2557 constitutionis
2180 2525 2253 2556 etc.

1244 2580 1329 2613 Dat.
1351 2579 1522 2621 Anagnie,
1545 2579 1664 2611 idibus
1684 2578 1850 2620 januarii,
1874 2587 1968 2610 anno
1989 2580 2103 2610 sexto.
2127 2589 2142 2606 ι

1327 2771 1418 2797 3157
1719 2773 1855 2807 Anagni,
1878 2772 1916 2800 18
1936 2772 2062 2806 ianvier
2082 2771 2172 2799 1260.

1283 2824 1405 2852 Abbati
1421 2818 1609 2852 Crudatensi
1625 2827 1658 2853 et
1674 2826 1855 2860 praeposito
1870 2825 2050 2853 Brivatensi
2066 2824 2202 2852 mandat
2216 2823 2255 2851 ut

1191 2875 1193 2883 ⁴
1243 2868 1370 2896 eosdem
1388 2869 1485 2897 Casae
1502 2869 1563 2897 Dei
1579 2870 1737 2904 religiosos
1755 2872 1867 2898 contra
1882 2870 2064 2905 praedictae
2081 2867 2258 2896 concessio·

1190 2940 1191 2952 ἢ
1241 2913 1290 2940 nis
1301 2915 1444 2941 tenorem
1457 2914 1497 2940 ab
1510 2913 1616 2948 aliquo
1628 2914 1790 2942 molestari
1802 2922 1866 2942 non
1877 2915 2078 2949 permittant,
2091 2913 2190 2948 (ΒΕΘ.
2202 2912 2254 2953 25,

1188 2984 1191 2992 ,
1240 2958 1263 2985 t.
1280 2957 1351 2990 253,
1368 2964 1419 2985 an.
1437 2958 1494 2990 vl,
1511 2965 1538 2986 c.
1556 2958 1669 2993 97bis.)
