2477 3512
220 262 263 293 28
919 261 1186 294 REGISTRES
1213 261 1564 294 D'ALEXANDRE
1594 262 1641 294 IV

220 367 371 408 diligunt
400 371 434 400 et
463 368 638 400 affectant
666 368 759 409 quod
789 368 830 399 sit
865 368 1015 399 Domino
1044 368 1225 410 placitum,

219 422 267 454 eis
297 423 400 455 cedat
431 423 476 455 ad
507 423 648 454 laudem
679 426 715 454 et
746 423 861 464 pariat
893 432 997 463 regno
1030 426 1225 455 memorato

219 477 430 519 profectum.
459 478 547 517 Quia
574 488 656 509 vero
682 478 725 509 ad
753 478 955 519 hujusmodi
981 478 1225 510 executionem

219 531 351 571 negotii
384 540 570 573 personam
604 534 703 562 tuam
738 531 904 562 duximus
937 531 1135 572 specialiter
1167 532 1225 563 eli-

218 584 380 625 gendam,
412 584 611 615 discretioni
645 587 702 615 tue
733 584 774 615 de
805 584 1042 625 predictorum
1074 584 1223 616 fratrum

219 639 419 668 nostrorum
452 637 606 673 consilio,
641 647 703 678 per
733 637 927 678 apostolica
961 636 1091 678 scripta
1125 647 1223 668 man-

218 690 343 721 damus
374 689 543 731 quatinus
573 690 616 721 ad
649 689 867 731 implendum
896 693 1096 721 reverenter
1127 690 1220 731 quod

217 742 294 779 tibi,
320 742 361 774 de
386 752 455 784 quo
480 742 579 784 plene
604 742 827 778 confidimus,
848 753 968 774 secure
992 742 1220 783 injungimus,

217 795 449 837 personaliter
469 795 705 837 proficiscens,
727 796 867 827 eosdem
890 804 1004 835 regem
1027 806 1065 827 ac
1089 796 1222 827 nobiles

216 848 260 879 ad
289 848 446 890 predicta
474 848 591 880 onmia
619 859 662 879 ex
689 851 788 890 parte
817 851 935 880 nostra
961 849 1064 889 juxta
1094 849 1217 880 datam

216 901 282 933 tibi
305 911 323 933 a
349 901 500 932 Domino
523 901 676 941 gratiam
701 901 885 941 diligenter
904 902 1049 933 inducas
1072 902 1221 933 attentis

222 957 258 986 et
286 954 414 987 sedulis
443 955 487 986 ad
517 955 580 986 hoc
610 955 866 986 monitionibus
895 965 933 986 ac
963 955 1165 987 effectuosis
1185 958 1219 986 et

216 1007 383 1039 studiosis
417 1007 725 1039 exhortationilms
760 1008 906 1039 sollicite
942 1008 1148 1046 laborando,
1185 1011 1221 1040 et

215 1061 472 1102 interponendo
497 1071 575 1092 cum
601 1061 696 1092 omni
720 1061 902 1101 vigilantia
927 1061 1120 1093 efficaciter
1143 1072 1221 1103 par-

214 1117 268 1146 tes
304 1117 384 1145 tuas
421 1116 458 1145 ut
496 1124 556 1155 per
594 1117 692 1145 tuam
729 1114 919 1151 solertiam,
957 1114 1219 1156 providentiam

214 1169 249 1198 et
265 1167 488 1203 industriam,
508 1167 626 1198 divum
645 1170 857 1208 cooperante
874 1167 1071 1203 clementia,
1089 1169 1219 1207 grande

214 1219 299 1251 illud
329 1219 472 1256 bonum,
504 1220 597 1261 quod
628 1220 660 1251 in
692 1220 756 1251 hiis
785 1221 1013 1252 veliementer
1041 1221 1218 1258 obtamus,

213 1273 332 1304 valeat
356 1273 582 1304 laudabiliter
606 1273 800 1314 provenire.
827 1275 989 1305 (It-terum
1015 1274 1096 1315 quia
1122 1284 1221 1306 cons-

214 1328 270 1357 tat
299 1325 450 1357 electum
479 1326 594 1367 ipsum
626 1326 878 1357 Wintoniensis
916 1327 1058 1358 ecclesie
1096 1337 1218 1358 verum

213 1381 248 1410 et
280 1379 460 1420 proprium
491 1388 563 1410 esse
596 1382 785 1420 pastorem,
817 1389 968 1421 eumque
1000 1380 1081 1411 olim
1114 1380 1218 1412 fuisse

212 1431 248 1463 in
278 1431 387 1473 ipsius
417 1431 558 1463 ecclesie
590 1432 760 1473 presulem
794 1433 1014 1464 concorditer
1044 1443 1084 1464 ae
1115 1444 1219 1465 eano-

213 1484 288 1516 niee
317 1484 549 1526 postulatum,
580 1487 612 1516 et
644 1485 921 1527 postulationem
951 1486 1060 1527 ipsius
1089 1487 1219 1518 admis-

212 1547 287 1569 sam
316 1547 334 1569 a
365 1537 451 1569 Sede
480 1538 695 1579 Apostolica,
724 1541 759 1570 et
787 1549 867 1570 eum
895 1539 960 1580 ipsi
988 1539 1129 1571 ecclesie
1157 1550 1219 1582 per

213 1591 338 1622 Sedem
378 1591 526 1622 eandem
568 1591 763 1633 prefectum
805 1595 839 1623 et
883 1593 1088 1634 pontificem
1129 1594 1218 1625 exti-

213 1643 306 1680 tisse,
337 1654 399 1675 nec
428 1644 539 1685 prima
570 1654 631 1676 nec
661 1645 814 1676 secunda
845 1646 1054 1677 constitutio
1085 1650 1215 1684 nostra,

213 1706 319 1738 quam
357 1707 461 1738 super
499 1697 720 1729 ordinatione
758 1701 788 1729 et
831 1699 1093 1731 consecratione
1131 1700 1217 1732 elec-

212 1753 328 1781 torum
351 1750 573 1781 ecclesiarum
597 1751 853 1782 cathedralium
876 1751 1062 1789 edidimus,
1085 1753 1114 1783 ci
1138 1754 1216 1785 obs-

212 1802 286 1834 titit
307 1803 362 1834 vel
385 1803 537 1839 obsistit,
561 1813 640 1835 eum
664 1806 839 1845 quantum
863 1805 906 1835 ad
929 1805 1042 1846 ipsam
1065 1806 1215 1847 primam

211 1865 252 1887 ne
283 1856 535 1896 astringeretur
565 1855 619 1887 vel
651 1859 830 1888 artaretur
860 1867 920 1899 per
950 1868 1027 1889 eam
1059 1859 1123 1890 sibi
1155 1870 1216 1901 per

210 1911 326 1940 nostre
355 1909 627 1950 dispensationis
654 1910 807 1950 gratiam
835 1911 1015 1951 provisum
1043 1912 1214 1951 extiterit,

208 1964 243 1993 et
270 1962 385 2003 quoad
413 1963 604 1994 secundam
630 1963 703 2004 ipse
729 1963 794 1994 sibi
821 1964 1009 1996 consulerit.
1035 1975 1069 1996 se
1096 1976 1213 1998 coram

209 2014 309 2046 nobis
355 2015 398 2046 ad
446 2015 708 2056 suscipiendum
754 2016 1009 2049 sacerdotalem
1056 2019 1214 2051 ordinem

208 2076 361 2108 congruo
395 2071 425 2099 el
462 2068 581 2099 debito
617 2071 773 2110 tempore
807 2070 1001 2107 offerando,
1034 2081 1214 2104 consecra-

208 2120 313 2152 tionis
345 2131 472 2152 nmnus
504 2122 734 2162 postmodum
766 2125 1001 2164 recepturum,
1035 2124 1084 2156 ita
1118 2127 1211 2166 quod

207 2173 342 2204 nullum
379 2177 501 2205 contra
538 2184 619 2205 eum
656 2175 837 2207 occasione
874 2176 1078 2217 hujusmodi
1114 2188 1213 2209 cons-

207 2226 419 2257 titutionum
460 2227 753 2268 impedimentum
797 2228 852 2259 vel
894 2230 1118 2262 obstaculum
1159 2235 1212 2264 est

207 2282 381 2315 exortum,
407 2283 439 2311 et
467 2280 545 2311 ideo
571 2280 712 2321 plenam
737 2281 897 2322 ejusdem
922 2282 1063 2315 ecclesie
1088 2285 1212 2316 ammi-

209 2331 455 2364 nistrationem
470 2333 506 2364 in
523 2333 765 2375 spiritualibus
782 2337 816 2365 et
837 2336 1088 2376 temporalibus
1106 2337 1212 2369 habe—

208 2394 243 2416 re
267 2384 405 2422 debeat,
432 2386 610 2428 possitque
635 2386 746 2428 ipsam
772 2387 806 2418 in
832 2388 989 2430 utrisque
1014 2400 1074 2430 per
1097 2400 1132 2422 se
1156 2391 1210 2422 vel

207 2447 268 2479 per
295 2438 401 2469 alium
436 2449 495 2470 seu
522 2438 609 2471 alios
636 2450 805 2477 exercerc,
836 2441 1033 2482 debeatque
1062 2443 1208 2481 fructus,

205 2491 364 2522 redditus
385 2494 418 2522 et
440 2495 634 2532 proventus
655 2493 870 2534 episcopales
890 2494 1048 2535 ejusdem
1069 2496 1210 2528 ecclesie

204 2543 339 2585 integre
379 2544 554 2586 percipere
587 2545 722 2587 sibique
756 2556 794 2577 ac
828 2547 898 2578 suis
931 2548 1142 2580 officialibus
1174 2552 1210 2581 et

206 2597 494 2638 procuratoribus
522 2598 555 2628 in
584 2598 648 2629 hiis
675 2601 709 2630 et
738 2599 901 2631 omnibus
928 2601 1003 2632 aliis
1030 2602 1209 2644 episcopa-

203 2649 295 2681 libus
317 2649 454 2690 juribus
478 2651 679 2692 responderi
706 2652 858 2693 plenarie
884 2653 1011 2685 debeat
1036 2658 1069 2685 et
1095 2655 1209 2687 inten-

205 2702 250 2740 di,
282 2702 447 2734 volumus
479 2706 513 2734 et
546 2704 758 2746 precipimus
792 2708 840 2742 ut,
873 2707 1024 2738 eundem
1056 2708 1206 2740 electum

204 2755 238 2786 in
267 2755 333 2787 hiis
361 2755 482 2787 favore
511 2766 724 2798 prosequens
753 2767 918 2798 congruo,
955 2760 1063 2792 facias
1099 2761 1207 2793 nichi-

203 2808 366 2846 lominus,
394 2819 474 2840 cum
502 2812 645 2850 propter
673 2813 866 2843 tractatum
895 2812 1097 2853 hujusmodi
1125 2824 1203 2846 cum

205 2861 350 2902 prefatis
373 2870 451 2902 rege
477 2872 516 2893 ac
543 2862 718 2894 nobilibus
743 2874 847 2905 super
872 2866 1050 2906 promissis
1075 2867 1109 2897 id
1134 2877 1202 2899 non

203 2914 392 2945 conveniat
425 2924 486 2946 nec
521 2915 649 2947 debeat
681 2917 862 2954 retardari,
898 2918 962 2949 sibi
1001 2928 1081 2950 cum
1116 2920 1202 2952 inte-

202 2966 331 3007 gritate
371 2967 527 3009 prefatos
559 2968 714 3000 exhiberi
749 2970 908 3002 redditus
940 2974 975 3002 et
1007 2976 1200 3013 proventus

1282 376 1286 397 ι
1336 371 1369 400 ct
1397 369 1556 401 totaliter
1580 369 1716 400 restitui
1743 372 1909 411 percepta
1933 372 1969 402 et
1993 373 2168 412 occupata
2189 370 2224 402 in
2245 370 2336 402 fruc-

1339 422 1431 453 tibus
1473 422 1641 463 bonisque
1682 422 1757 454 aliis
1796 423 1985 455 mobilibus
2024 426 2059 455 et
2098 423 2338 455 immobilibus

1335 486 1353 506 a
1387 478 1542 516 tempore
1571 475 1833 507 immutationis
1862 476 2028 517 predicte,
2060 486 2122 508 nec
2152 475 2338 518 permittas

1335 528 1448 569 ipsum
1485 528 1517 559 in
1555 528 1731 570 premissis
1766 529 1821 560 vel
1855 538 1976 561 eorum
2012 529 2130 571 aliquo
2163 528 2337 571 impediri,

1334 581 1515 612 universos
1551 582 1762 618 turbatores,
1801 582 2055 619 molestatores,
2092 582 2336 624 impedientes,

1333 634 1522 669 invasores,
1551 636 1792 676 occupatores,
1821 635 2032 672 detentores,
2060 635 2338 667 contradictores

1331 690 1363 718 et
1393 687 1536 718 rebelles
1561 687 1802 729 cujuscunque
1828 688 2040 720 conditionis
2064 698 2125 720 seu
2151 687 2336 729 dignitatis

1331 740 1498 777 existant,
1542 740 1733 772 monitione
1775 741 1953 782 premissa,
1996 751 2056 783 per
2094 740 2338 773 exeommuni-

1331 793 1480 824 cationis
1503 793 1535 824 in
1562 803 1727 835 personas
1750 796 1783 825 et
1809 794 1987 826 interdicti
2011 794 2045 826 in
2070 796 2180 826 terras
2202 803 2336 831 eorum,

1331 846 1357 878 si
1381 856 1469 888 opus
1492 847 1608 883 fuerit,
1633 847 1839 883 sententias,
1865 847 2102 889 appellatione
2125 846 2335 889 postposita,

1331 900 1597 941 compescendo,
1642 910 1710 930 non
1741 900 1907 931 obstante
1937 900 1963 931 si
1994 900 2171 942 aliquibus
2200 910 2220 932 a
2250 899 2336 932 Sede

1331 953 1533 994 Apostolica
1562 953 1608 984 sit
1635 953 1813 984 indultum
1844 954 1937 995 quod
1967 953 2140 990 interdici,
2169 952 2334 995 suspendi

1331 1006 1385 1037 vel
1410 1006 1708 1037 excommunicari
1733 1017 1791 1038 seu
1818 1009 1918 1038 extra
1944 1006 1998 1038 vel
2024 1006 2116 1038 ultra
2140 1009 2236 1038 certa
2259 1005 2336 1038 loca

1331 1059 1468 1090 evocari
1488 1069 1556 1090 non
1576 1059 1712 1101 possint
1731 1069 1795 1101 per
1812 1059 1948 1091 litteras
1967 1059 2179 1101 apostolicas
2197 1058 2338 1101 plenam

1330 1115 1362 1143 et
1389 1122 1589 1154 expressam
1615 1122 1683 1144 non
1708 1112 1875 1144 facientes
1905 1113 1946 1144 de
1969 1112 2108 1144 indulto
2131 1112 2338 1154 hujusmodi

1332 1166 1559 1201 mentionem,
1585 1168 1619 1197 et
1645 1166 1802 1207 qualibet
1827 1166 1893 1197 alia
1918 1165 2077 1207 ejusdem
2103 1165 2200 1198 Sedis
2223 1165 2338 1198 indul-

1331 1219 1448 1260 gentia
1482 1219 1679 1260 cuicunque
1712 1228 1857 1260 persone
1890 1219 1944 1251 vel
1976 1219 2052 1251 loco
2085 1228 2260 1256 concessa,
2294 1219 2337 1252 de

1331 1282 1400 1313 qua
1420 1272 1452 1303 in
1474 1272 1602 1303 nostris
1620 1272 1747 1303 litteris
1767 1272 1900 1303 mentio
1920 1272 1995 1303 fieri
2014 1272 2144 1304 debeat
2161 1271 2333 1314 specialis,

1330 1329 1365 1357 et
1392 1335 1453 1367 per
1479 1336 1584 1367 quam
1612 1325 1761 1356 effectus
1789 1325 2004 1367 presentium
2029 1325 2210 1366 nostrique
2236 1335 2336 1357 man-

1331 1379 1404 1410 dati
1429 1378 1590 1410 executio
1614 1378 1776 1420 impediri
1802 1378 1920 1410 valeat
1943 1378 1999 1410 vel
2023 1377 2152 1415 differi,
2177 1380 2214 1410 et
2237 1387 2337 1410 cons-

1331 1432 1497 1464 titutione
1524 1432 1565 1463 de
1591 1432 1730 1463 duabus
1755 1431 1858 1463 dictis
1883 1431 1978 1463 edita
2004 1431 2039 1463 in
2063 1431 2210 1463 coneilio
2234 1439 2336 1473 gene-

1330 1486 1403 1523 rali,
1427 1487 1485 1516 aut
1510 1485 1536 1516 si
1559 1485 1648 1516 forte
1671 1485 1715 1516 ab
1737 1484 1950 1516 officialibus
1970 1484 2026 1516 vel
2047 1483 2336 1527 procuratoribus

1329 1549 1388 1571 seu
1420 1538 1558 1570 ballivis
1590 1538 1697 1580 ipsius
1728 1538 1828 1569 electi
1859 1538 1913 1570 vel
1933 1527 2229 1579 'quibuscumque
2259 1537 2335 1570 aliis

1329 1593 1370 1623 de
1392 1602 1459 1623 non
1482 1592 1680 1633 prestandis
1699 1591 1753 1623 vel
1776 1601 1844 1622 non
1864 1591 2072 1623 exhibendis
2091 1591 2207 1623 eidem
2223 1590 2335 1623 electo

1328 1645 1513 1681 fructibus,
1554 1645 1751 1676 redditibus
1790 1645 1844 1676 vel
1884 1644 2116 1686 proventibus
2154 1643 2335 1686 episcopa-

1327 1699 1418 1730 libus
1446 1708 1504 1730 seu
1535 1698 1610 1729 aliis
1640 1698 1741 1729 bonis
1770 1698 1813 1729 ad
1843 1698 1958 1739 ipsum
1987 1697 2244 1739 spectantibus,
2271 1699 2334 1729 aut

1327 1752 1413 1783 alias
1438 1751 1545 1783 etiam
1572 1751 1606 1781 in
1631 1751 1791 1791 ejusdem
1817 1750 1917 1782 electi
1944 1750 2181 1792 prejudicium
2205 1752 2333 1783 exacta

1327 1807 1408 1837 sunt
1427 1805 1482 1836 vel
1499 1807 1640 1836 extorta
1657 1814 1716 1835 seu
1735 1804 1882 1845 prestita
1899 1804 2102 1845 juramenta
2119 1803 2164 1836 ad
2181 1812 2332 1845 quorum

1326 1858 1611 1890 observationem
1651 1867 1710 1889 eos
1749 1857 1969 1889 decernimus
2009 1866 2079 1888 non
2118 1856 2241 1894 teneri,
2280 1856 2332 1888 ita

1327 1912 1420 1953 quod
1445 1920 1506 1952 per
1527 1910 1727 1942 subsidium
1752 1910 1987 1952 apostolicum
2010 1912 2046 1942 et
2067 1912 2130 1942 tue
2153 1909 2332 1951 diligentie

1325 1965 1496 2001 studium,
1534 1966 1752 1995 memoratus
1795 1963 1927 1995 electus
1963 1962 2173 2005 premissam
2208 1962 2333 1995 ammi—

1326 2017 1571 2049 nistrationem
1609 2027 1690 2048 cum
1727 2016 1883 2058 plenaria
1922 2016 2147 2058 perceptione
2182 2025 2332 2058 proven-

1324 2074 1428 2102 tuum
1470 2070 1690 2111 aliorumque
1732 2070 1906 2101 bonorum
1949 2069 2051 2111 plena
2093 2068 2329 2106 restitutione,

1325 2124 1523 2165 quibusque
1557 2123 1701 2155 remotis
1735 2122 1937 2158 obstaculis,
1972 2122 2079 2154 libere
2112 2131 2174 2164 per
2206 2131 2241 2154 se
2273 2121 2330 2154 vel

1324 2187 1385 2219 per
1403 2177 1489 2208 alios
1507 2177 1627 2208 valeat
1646 2186 1816 2207 exercere.
1838 2176 1949 2217 Super
1967 2175 2189 2217 promotione
2208 2177 2330 2207 autem

1322 2230 1431 2272 ipsius
1472 2230 1572 2261 electi
1614 2230 1658 2260 ad
1700 2228 1939 2261 sacerdotium
1979 2231 2016 2260 et
2056 2228 2329 2260 consecrationis

1323 2293 1461 2320 munus,
1497 2283 1579 2324 quia
1612 2282 1702 2314 circa
1736 2282 1827 2313 bunc
1861 2281 2049 2313 articulum
2082 2281 2200 2322 aliqua
2231 2281 2328 2312 fuere

1322 2336 1514 2378 proposita,
1552 2335 1721 2367 faciemus
1757 2335 1850 2376 quod
1885 2334 2025 2376 justitia
2060 2334 2248 2372 suadebit;
2285 2334 2328 2366 de

1322 2389 1561 2431 predictorum
1603 2398 1686 2420 vero
1727 2388 1879 2419 fratrum
1921 2387 2064 2419 consilio
2107 2387 2326 2419 decernimus

1268 2428 1269 2440 ἵ
1319 2442 1459 2474 irritum
1487 2445 1520 2473 et
1551 2442 1653 2473 inane
1684 2441 1851 2483 quicquid
1881 2443 2046 2483 pretextu
2076 2440 2326 2482 premissarum

1319 2495 1612 2527 constitutionem
1643 2498 1844 2526 nostrarum
1874 2496 1997 2525 contra
2027 2493 2178 2525 electum
2207 2493 2324 2535 ipsum

1319 2549 1354 2580 in
1395 2549 1519 2580 eadem
1560 2548 1702 2579 ecclesia
1744 2551 1795 2579 est
1838 2547 2010 2578 hactenus
2051 2548 2323 2588 attemptatum.

1320 2601 1403 2633 Dat.
1425 2601 1594 2642 Anagnst,
1622 2600 1652 2631 ΙΙ
1676 2600 1744 2632 kal.
1767 2600 1895 2637 martii,
1917 2609 2010 2631 anno
2031 2599 2167 2641 quinto.
2190 2611 2202 2628 »

1396 2741 1487 2779 2852
1829 2752 1962 2786 Anagni,
1988 2752 2022 2778 14
2045 2759 2128 2778 mars
2152 2751 2239 2778 1259.

1357 2806 1509 2832 Witlelmo
1535 2807 1572 2833 de
1597 2807 1755 2837 Chavanz,
1781 2806 1930 2832 canonico
1955 2804 2154 2838 Lingonensi,
2178 2804 2320 2838 indulget

1315 2852 1360 2882 ut,
1399 2853 1523 2884 praeter
1560 2851 1768 2878 ecclesiastica
1806 2849 1958 2877 beneficia
1995 2856 2103 2876 curam
2141 2848 2318 2876 animarum

1313 2894 1463 2921 habentia
1485 2902 1565 2928 quae
1587 2895 1720 2926 obtinet,
1744 2895 1870 2921 unicum
1893 2894 1978 2921 aliud
1999 2893 2198 2925 beneficium,
2220 2893 2318 2920 etiam

1312 2946 1383 2965 curn
1410 2939 1502 2965 simili
1528 2947 1612 2971 cura,
1640 2939 1773 2973 recipere
1800 2939 1907 2972 possit.
1935 2938 2031 2971 (ΗΕΘ.
2059 2937 2108 2968 25,
2135 2937 2155 2963 f.
2184 2936 2244 2964 200
2270 2940 2318 2970 νο,

1311 2990 1361 3009 an.
1383 2982 1420 3014 V,
1439 2990 1464 3009 c.
1486 2983 1547 3017 86.)
