2477 3512
986 277 1258 324 CINQUIEME
1285 278 1451 316 ANNEE
2232 287 2274 320 55

160 387 227 419 tibi
250 397 359 429 usque
383 388 427 419 ad
452 387 732 429 quinquennium
755 398 975 420 reservamus
997 391 1033 419 et
1056 388 1165 419 nichi-

160 441 311 472 lominus
339 440 561 481 indulgemus
590 444 628 472 ut
657 451 696 472 ea
726 451 806 472 cum
835 441 998 472 omnibus
1025 441 1163 482 juribus

160 496 195 524 et
213 493 434 534 pertinentiis
452 493 522 524 suis
539 493 691 530 interim,
710 493 800 525 sicut
818 493 923 535 prius,
943 503 1022 525 cum
1039 494 1160 525 eodem

159 546 364 587 episcopatu
388 546 481 577 licite
504 546 652 577 retinere
676 546 786 587 possis
809 556 848 578 ac
873 546 907 577 in
931 546 1061 578 eisdem
1086 555 1162 587 per-

159 599 354 635 sonatibus,
393 599 638 639 dignitatibus,
678 599 864 640 prebendis
900 602 935 630 et
972 599 1162 633 beneficiis,

1216 631 1217 642 i

159 661 221 693 per
246 654 280 683 te
307 651 361 683 vel
388 662 450 693 per
475 652 581 683 alium
609 655 673 683 aut
699 652 795 689 alios,
821 652 1101 693 jurisdictionem
1129 655 1164 683 et
1215 665 1217 672 ·

159 707 375 746 potestatem
404 704 561 736 debitam
589 708 624 736 et
651 704 794 736 solitam
821 715 991 741 exercere,
1020 715 1060 737 ac
1089 715 1164 746 pre-

159 757 292 789 bendas
313 760 349 789 et
369 757 551 794 beneficia,
574 768 725 799 quorum
744 757 885 789 collatio
906 759 950 790 ad
972 760 1007 789 te
1027 758 1162 790 ratione

159 810 375 851 dignitatum
418 810 575 852 ipsarum
620 811 783 852 pertinet,
829 821 909 842 cuni
952 821 992 843 ea
1036 821 1163 843 vacare

158 863 356 905 contigerit,
385 864 540 895 conferre
567 864 724 905 personis
750 864 897 904 ydoneis
923 867 958 895 et
985 865 1028 895 nd
1057 864 1163 895 eecle-

157 915 226 947 sias
250 916 284 947 in
310 916 448 957 quibus,
475 918 640 957 pretextu
667 916 883 957 dignitatum
908 919 943 948 et
968 917 1162 958 prebenda-

157 978 235 1000 rum
259 978 346 1010 quas
369 968 518 1005 obtines,
540 969 597 1010 jus
620 971 832 1010 patronatus
854 969 982 1001 habere
1006 970 1162 1002 dinosce-

156 1020 213 1058 ris,
239 1024 345 1063 prout
368 1022 413 1053 ad
436 1024 471 1053 te
495 1024 644 1063 spectat,
670 1032 836 1063 personas
859 1022 1063 1063 hujusmodi
1087 1033 1162 1064 pre-

157 1076 306 1111 sentare,
328 1074 582 1106 constitutione
602 1074 771 1115 generalis
791 1075 927 1106 concilii
947 1079 982 1106 et
1003 1075 1161 1116 qualibet

157 1126 224 1158 alia
253 1127 422 1159 canonica
452 1137 521 1158 non
551 1128 728 1159 obstante.
761 1128 991 1159 Decerninius
1020 1129 1161 1170 insuper

155 1180 376 1221 personatus,
421 1180 624 1221 dignitates,
671 1181 867 1222 prebendas
911 1184 945 1212 et
990 1182 1160 1214 beneficia

156 1232 361 1274 hujusmodi
385 1243 452 1275 que
475 1234 664 1265 obtinebas
687 1234 866 1265 electionis
890 1235 1048 1276 ejusdem
1073 1237 1162 1267 tem-

155 1295 249 1327 pore,
283 1286 375 1318 infra
407 1286 501 1318 idem
535 1287 817 1328 quinquennium
850 1297 920 1319 non
954 1298 1090 1325 vacare,
1125 1291 1161 1319 et

156 1339 251 1380 quod
276 1339 418 1372 interim
445 1340 548 1372 alicui
574 1340 723 1372 conferri
750 1350 819 1372 non
845 1341 992 1382 possint,
1021 1351 1060 1372 ac
1087 1341 1161 1372 irri-

155 1394 233 1424 tum
259 1394 295 1424 et
320 1392 424 1425 inane
450 1393 478 1425 si
504 1402 602 1425 secus
629 1394 671 1425 de
696 1393 780 1435 ipsis
806 1396 929 1425 contra
956 1393 1159 1435 hujusmodi

154 1445 404 1477 reservationis
426 1448 462 1478 et
483 1446 715 1478 concessionis
738 1449 856 1478 nostre
878 1449 1037 1478 tenorem
1059 1457 1161 1489 apos-

154 1498 261 1530 tolica
279 1498 335 1530 vel
355 1499 481 1540 quavis
500 1499 715 1531 auctoritate
733 1508 753 1530 a
773 1509 954 1541 quoquam
973 1499 1161 1541 contigerit

155 1551 375 1593 attemptari,
400 1551 541 1593 proviso
566 1552 660 1593 quod
684 1551 719 1583 in
744 1552 875 1584 eisdem
899 1552 1158 1594 personatibus,

155 1603 401 1645 dignitatibus,
434 1604 622 1646 prebendis
654 1607 690 1636 et
721 1605 902 1637 beneficiis
933 1615 1054 1637 curam
1087 1606 1161 1637 ani-

154 1666 293 1689 marum
329 1657 545 1690 habentibus
581 1667 642 1699 per
677 1658 836 1699 ydoneos
872 1657 981 1690 facias
1018 1659 1159 1690 interim

153 1709 304 1742 vicarios
328 1710 505 1743 deserviri.
531 1710 627 1742 Nulli
652 1714 770 1743 nostre
793 1712 1053 1749 reservationis,
1079 1721 1161 1744 con-

154 1763 318 1795 cessionis
360 1766 398 1795 et
439 1764 706 1796 constitutionis
749 1767 815 1796 etc.
860 1765 944 1797 Dat.
988 1765 1158 1807 Anagnie,

154 1816 185 1848 V
204 1816 283 1848 idus
303 1817 455 1859 augusti,
477 1827 569 1849 anno
590 1817 728 1859 quinto.
751 1830 763 1846 »

233 1975 371 2003 2925bis
712 1977 847 2010 Anagni,
864 1977 881 2004 9
898 1977 974 2004 aosst
992 1977 1078 2004 1259.

194 2028 435 2064 Archiepiscopo
467 2029 673 2057 cantuarensi
703 2031 735 2056 et
765 2029 861 2064 priori
892 2030 1026 2057 Sanctae
1057 2031 1160 2058 Rade-

153 2072 265 2106 gundis
282 2073 320 2099 de
336 2073 457 2105 eodem,
473 2074 510 2100 ut
527 2073 568 2100 ad
583 2073 763 2108 praedictae
780 2074 986 2101 concessionis
1003 2075 1161 2102 executio-

154 2124 226 2144 nem
244 2117 386 2145 studium
405 2117 587 2145 adhibeant.
608 2117 705 2152 (REo.
726 2118 775 2150 25,
794 2118 816 2146 f.
837 2118 895 2145 215
914 2123 961 2151 v0,
980 2126 1010 2153 p.
1031 2127 1057 2146 c.
1079 2119 1161 2154 159.)

204 2219 215 2236 ι
232 2232 251 2240 ..
271 2207 523 2251 archiepiscopo
558 2209 788 2243 Cantatuensi
821 2209 900 2252 (sic)
933 2212 962 2242 et
996 2235 1016 2243 ..
1049 2210 1160 2252 priori

157 2259 277 2293 Sancte
297 2261 531 2304 Radequndis,
554 2262 882 2295 Premonstratonsis
904 2263 1046 2301 ordinis,
1072 2263 1162 2296 Can-

154 2313 339 2346 mariensis
374 2314 526 2348 diocesis.
572 2315 723 2348 Grandis
764 2316 917 2349 affectus
960 2326 1065 2359 quem
1107 2336 1162 2349 —.

157 2366 239 2399 Dat.
276 2369 317 2399 ut
352 2368 389 2400 in
423 2368 537 2400 alia.»

234 2523 322 2550 2928
673 2526 806 2560 Anagni,
830 2527 867 2553 24
891 2527 967 2554 aosst
992 2528 1077 2554 1259.

195 2576 359 2604 Guillelmo
375 2578 413 2605 de
427 2578 632 2611 Wittewellis,
648 2580 760 2606 rectori
775 2580 919 2608 ecclesiae
935 2581 973 2607 de
987 2581 1158 2613 Brantone,

155 2619 360 2649 Norwicensis
390 2622 530 2654 diocesis,
560 2623 699 2657 indulget
730 2625 777 2656 ut,
807 2632 870 2651 una
899 2632 970 2651 cum
1000 2626 1159 2652 beneficiis

155 2672 261 2692 curam
292 2666 468 2693 animarum
499 2667 688 2694 habentibus
720 2676 800 2702 quae
832 2669 965 2701 obtinet,
997 2670 1158 2696 ecclesiam

155 2710 192 2736 de
228 2709 433 2744 Swenigtone,
468 2711 673 2738 Norwicensis
709 2713 849 2745 diocesis,
884 2714 1016 2740 similem
1052 2722 1159 2741 curam

154 2753 334 2787 habentem,
360 2762 455 2789 quam
480 2756 735 2783 commendatam
760 2757 866 2789 habet,
892 2758 1024 2785 retinere
1050 2759 1159 2792 possit.

155 2798 252 2832 (Rae.
273 2799 322 2831 25,
341 2799 362 2826 f.
382 2799 440 2826 215
456 2803 502 2832 νῦ,
522 2808 571 2827 an.
592 2800 629 2832 V,
649 2808 674 2827 c.
695 2801 777 2835 160.)

201 2900 213 2916 «
256 2888 433 2921 Guillelmo
470 2890 509 2921 de
547 2890 763 2928 Willcuwllis,
802 2892 918 2923 rectori
955 2891 1087 2924 ecclesie
1123 2893 1161 2924 cle

154 2940 337 2979 Brontonc,
352 2942 584 2974 Norwicensis
599 2943 752 2975 diocesis.
769 2944 935 2977 Volentes
950 2945 1013 2976 tibi
1032 2949 1090 2977 tue
1105 2965 1159 2977 ῌ.

156 2994 239 3026 Dat.
258 2995 427 3037 Anagnie,
446 2996 536 3027 VIII
555 2996 622 3028 kal.
642 2997 862 3039 septembris,
882 3008 974 3030 anno
993 2999 1130 3040 quinto.
1151 3012 1162 3027 »

1352 388 1439 413 2927
1767 390 1900 424 Anagni,
1923 391 1961 417 30
1981 392 2083 425 J'uillet
2106 392 2192 418 1259.

1311 441 1458 474 Magistro
1483 444 1513 467 et
1538 442 1687 469 fratribus
1712 443 1828 469 ordinis
1853 444 1889 469 de
1915 444 2147 478 Sempingham,
2172 445 2272 471 indul-

1270 487 1321 518 get
1344 487 1379 511 ut
1404 486 1434 511 in
1459 486 1592 512 ecclesiis
1616 488 1648 513 et
1671 487 1796 520 capellis
1821 487 1863 513 eis
1888 488 2017 514 annexis
2043 496 2119 521 quas
2144 489 2175 514 in
2200 496 2272 514 usus

1269 530 1410 563 proprIos
1426 530 1573 556 canonice
1589 530 1744 561 obtinent,
1762 531 1879 564 possint
1897 532 1978 557 sicut
1994 532 2157 558 hactemus
2173 532 2272 558 facere

1268 580 1323 606 per
1349 574 1525 607 capellanos
1551 575 1692 608 proprios
1719 575 1877 606 deserviri,
1905 583 1970 606 nec,
1997 576 2070 609 ipsis
2097 576 2215 607 invitis,
2242 576 2273 601 in

1269 617 1412 643 futurum
1445 618 1579 644 vicariae
1612 619 1715 645 taxari
1747 626 1800 644 sen
1834 619 1956 645 institui
1989 620 2131 653 perpetui
2164 619 2270 646 vicarii

1270 661 1407 693 valeant,
1434 669 1496 688 non
1521 662 1668 688 obstante
1693 662 1887 695 indulgentia
1914 663 2103 690 Eboracensi
2128 664 2272 697 episcopo

1268 706 1317 732 vel
1337 705 1522 739 cuicumque
1543 706 1594 732 alii
1613 713 1768 732 concessa.
1790 707 1886 740 (Rau.
1909 708 1957 739 25,
1978 708 1997 734 s.
2019 708 2076 733 215
2097 712 2143 740 v0,
2166 716 2214 734 an.
2236 708 2273 739 V,

1268 757 1292 776 c.
1317 750 1396 783 161.)

1316 852 1326 867 u
1349 865 1368 870 ..
1390 840 1551 881 nmyislro
1572 842 1600 871 el
1618 840 1784 882 [ratribus
1804 841 1936 872 ordinis
1957 842 1995 872 (Ic
2016 842 2273 882 Sernpinylzmn.

1270 892 1324 923 Ex
1343 892 1428 924 serie
1447 895 1563 925 vestre
1581 912 1636 925 —.
1657 894 1741 925 Dat.
1762 894 1931 934 Anagnie,
1957 894 2010 925 III
2030 894 2098 925 kal.
2120 895 2272 935 augusti,

1268 955 1360 977 anno
1384 946 1521 987 quinto.
1546 959 1558 974 »

1345 1112 1434 1138 2928
1787 1113 1921 1146 Anagnl‚
1944 1113 1982 1139 20
2005 1113 2081 1139 aosst
2106 1114 2190 1140 1259.

1308 1165 1469 1197 Guidonis‚
1506 1166 1643 1200 episcopi
1680 1166 1836 1198 Urbinati,
1872 1167 2055 1193 electionem
2091 1167 2266 1193 confirmat.

1266 1209 1362 1243 (ΗΕΘ.
1381 1210 1430 1242 25,
1447 1210 1469 1236 f.
1491 1210 1549 1237 215
1567 1214 1613 1243 νο,
1632 1218 1681 1237 an.
1700 1210 1738 1242 V,
1756 1218 1781 1237 c.
1802 1211 1883 1244 162.)

1313 1308 1325 1323 (<
1356 1296 1517 1334 Guicloni,
1545 1297 1701 1339 episcopo
1733 1297 1910 1329 Urbinalo.
1938 1297 2174 1329 Ecclesiarum
2201 1307 2273 1329 om—

1268 1348 1365 1380 nium
1387 1359 1508 1381 curam
1531 1369 1585 1382 —.
1610 1350 1693 1382 Dat.
1717 1350 1887 1391 Anagnie,
1912 1350 2007 1381 XIII
2029 1349 2098 1382 kal.
2122 1353 2274 1392 septem-

1267 1401 1347 1438 bris,
1370 1412 1463 1433 anno
1485 1403 1621 1444 quinto.
1644 1416 1657 1432 »

1344 1565 1432 1591 2929
1760 1568 1894 1601 Anagni,
1918 1568 1956 1594 27
1977 1568 2080 1601 J'uillet
2104 1568 2189 1595 1259.

1305 1618 1461 1652 Episcopo
1485 1619 1698 1653 Magalonensi
1721 1621 1852 1647 mandat
1876 1622 1911 1647 ut
1934 1621 2101 1655 permittat
2121 1621 2267 1649 Bertran-

1265 1662 1341 1689 dum
1366 1663 1403 1689 de
1427 1663 1596 1695 Altiniaco,
1621 1664 1879 1691 archidiaconum
1905 1665 2168 1699 Magalonensem,
2192 1665 2274 1700 prio·

1265 1714 1330 1733 rem
1349 1707 1495 1734 ecclesiae
1513 1708 1548 1734 B.
1570 1708 1686 1735 Mariae
1707 1709 1744 1735 de
1764 1709 1906 1736 Verruna
1920 1708 1943 1741 1,
1964 1709 2080 1736 ordinis
2101 1710 2129 1737 S.
2150 1710 2271 1744 Augus-

1264 1750 1334 1783 tini,
1352 1751 1580 1785 Magalonensis
1598 1752 1738 1785 diocesis,
1757 1754 1901 1785 retinere,
1918 1754 2091 1780 secundum
2108 1754 2272 1788 antiquam

1266 1796 1536 1828 consuetudinem,
1555 1797 1754 1830 praedictum
1773 1798 2075 1830 archidiaconatum,
2095 1798 2183 1832 cujus
2202 1806 2272 1833 pro-

1266 1841 1380 1866 ventus
1403 1847 1560 1867 summam
1582 1841 1747 1875 sexaginta
1769 1842 1939 1868 solidorum
1960 1842 2189 1869 Turonensium
2210 1851 2273 1870 non

1266 1884 1433 1916 excedunt,
1452 1886 1482 1911 et
1500 1885 1696 1919 praedictam
1714 1886 1875 1912 ecclesiam
1893 1894 1946 1913 seu
1964 1887 2059 1913 aliam
2077 1887 2103 1913 ei
2121 1887 2271 1914 oblatam.

1263 1928 1359 1961 (Rau.
1378 1928 1426 1960 25,
1444 1929 1465 1955 f.
1483 1929 1552 1961 216,
1571 1936 1620 1956 an.
1638 1929 1676 1962 V,
1694 1937 1719 1956 c.
1740 1930 1822 1964 163.)

1310 2032 1321 2047 «
1352 2044 1370 2050 ..
1401 2019 1558 2061 episcopo
1586 2021 1843 2062 Nlaqalonensi.
1876 2022 2034 2054 Dilectus
2062 2022 2161 2054 filino
2189 2023 2271 2054 Ber-

1264 2073 1413 2103 trandus
1438 2092 1492 2104 —.
1519 2073 1602 2105 Dat.
1629 2074 1799 2115 Anagnie,
1828 2075 1876 2106 Vl
1902 2075 1971 2107 kal.
1999 2076 2150 2116 augusti,
2177 2086 2269 2108 anno

1264 2125 1400 2167 quinto.
1427 2138 1439 2153 ³>

1345 2288 1433 2314 2930
1785 2290 1919 2323 Anagni,
1942 2291 1979 2317 23
2003 2291 2078 2318 aosst
2102 2292 2189 2320 1259,

1304 2341 1454 2375 Magistro
1482 2342 1621 2369 ,Iohanni
1649 2343 1686 2369 de
1716 2343 1888 2376 Sandwico,
1917 2345 2029 2371 rectori
2048 2337 2203 2372 ‘ecclesiae
2231 2346 2268 2373 de

1264 2385 1501 2417 Berefreistone,
1519 2387 1751 2414 Cantuariensis
1769 2388 1908 2420 diocesiS,
1926 2389 2067 2423 indulget
2084 2392 2129 2421 ut,
2148 2392 2270 2423 praeter

1266 2430 1327 2456 duo
1358 2431 1566 2458 ecclesiastica
1596 2432 1747 2458 beneficia
1778 2440 1848 2458 cum
1879 2433 2054 2460 animarum
2085 2441 2158 2461 cura
2189 2442 2267 2468 quae

1265 2474 1387 2501 obtinet
1411 2482 1606 2509 quorumque
1628 2478 1801 2509 proventus
1824 2484 1980 2503 summam
2003 2478 2167 2504 duodecim
2189 2486 2269 2504 mar-

1263 2525 1370 2546 carum
1403 2519 1628 2553 Sterlingorum
1658 2521 1747 2547 annis
1777 2521 1905 2554 singulis
1937 2521 1992 2548 vix
2016 2523 2182 2554 excedunt,
2208 2523 2268 2548 duo

1263 2563 1323 2590 alia
1343 2563 1551 2591 ecclesiastica
1571 2565 1723 2592 beneficia
1743 2572 1814 2591 cum
1834 2566 1926 2592 simili
1946 2574 2019 2593 cura
2041 2567 2173 2600 recipere
2194 2574 2263 2600 pos-

1264 2607 1313 2634 sit.
1331 2607 1427 2640 (Rau.
1446 2608 1494 2640 25,
1510 2608 1530 2634 f.
1548 2608 1616 2641 216,
1633 2616 1682 2635 an.
1700 2609 1737 2641 V,
1754 2617 1779 2636 c.
1799 2610 1878 2643 164.)

1310 2711 1320 2724 «
1345 2698 1516 2739 Ahrqistro
1540 2699 1695 2730 ,Iohanni
1720 2700 1758 2731 (Ie
1783 2700 1970 2736 Sandwiw,
1998 2701 2112 2731 reflari
2137 2700 2267 2731 ‘'cclexie

1263 2750 1300 2781 «Ie
1346 2751 1596 2792 Beresreislone,
1645 2752 1906 2784 (Imiluariensi.s·
1952 2753 2103 2787 diocesis,
2150 2753 2265 2784 clerico

1263 2803 1373 2834 dilecti
1398 2804 1469 2844 lilii
1496 2804 1632 2841 Ilcnrii,
1660 2805 1910 2837 Londoniensis
1937 2806 2037 2837 elce-li.
2065 2806 2265 2847 Apostolice

1266 2856 1362 2887 Sedis
1393 2856 1591 2897 benignitas
1626 2877 1679 2889 ξ.
1714 2859 1796 2890 Dat.
1828 2859 1997 2899 Anagnie,
2030 2859 2063 2890 X
2093 2859 2160 2890 lzal.
2191 2869 2267 2900 scp-

1263 2909 1421 2947 tembris,
1446 2920 1537 2941 anno
1561 2911 1697 2952 quinto,
1722 2924 1734 2940 υ

1296 3012 1318 3032 1.
1337 3012 1406 3033 Dans
1418 3012 1440 3033 le
1454 3013 1522 3033 tcxte
1536 3018 1568 3034 on
1581 3014 1670 3035 trouve
1683 3020 1689 3035 :
1707 3014 1808 3035 Verria«
1822 3021 1853 3035 ou
1870 3015 1975 3036 Vei-tina.
