2477 3512
281 248 345 278 626

352 318 451 345 2036
847 320 972 350 Viterbe,
990 323 1022 346 18
1033 321 1098 354 juin
1118 323 1192 348 ¹257.

315 408 471 434 aenean-to
487 408 624 441 episcopo
649 409 856 443 Strigoniensi,
882 410 1024 444 largiendi
1040 412 1178 438 omnibus
1199 421 1265 440 vere

279 454 496 489 paenitentibus
509 459 537 481 et
552 455 706 488 confessis,
731 457 779 490 qui
806 457 841 482 ad
859 457 923 490 ejus
941 458 1044 484 missas
1061 459 1266 494 sollempniter

276 501 435 528 celebratas
461 503 650 533 accesserint,
679 504 873 538 quadraginta
893 505 1008 532 dierum
1037 506 1263 542 indulgentiam,

277 549 414 575 concedit
441 549 618 576 facultatum.
654 552 730 577 ilino.
759 554 801 578 235.
831 560 856 578 a.
886 553 931 583 111,
957 563 980 579 c.
1008 555 1067 584 4¹6,
1084 554 1102 580 f.
1127 557 1175 586 235;
1199 556 1264 582 Po'r-

278 604 362 622 TnAsT
382 598 485 623 1689&

320 705 334 718 ιι
364 689 543 721 Berieclicto
591 690 742 733 episcopo
789 691 1028 733 Sti-iyoniensi.

274 803 382 833 tertio.
402 816 416 829 υ

341 940 441 967 2037
836 945 960 975 Viterbe,
982 948 1013 970 -27
1027 946 1092 979 juin
1114 949 1187 972 1257,

307 1032 459 1059 Universos
475 1033 580 1059 Christi
598 1034 699 1060 fideles
713 1038 821 1063 monet.
836 1038 867 1061 ut
883 1036 1004 1061 nuntios
1024 1036 1146 1061 fratrum
1160 1037 1258 1070 hospi-

269 1079 336 1106 talis
353 1088 514 1114 pauperum
538 1082 640 1107 Beatae
655 1083 759 1108 Mariae
776 1083 915 1108 Senensis
929 1082 1055 1115 benigne
1072 1084 1216 1117 recipiant
1230 1087 1258 1110 et

268 1127 392 1154 honeste
408 1131 544 1159 tractent,
570 1129 699 1155 subsidia
717 1133 744 1155 et
767 1129 951 1164 elemosynas
972 1130 1177 1163 conferentes;
1195 1140 1257 1157 om-

266 1175 354 1201 nibus
369 1178 479 1208 autem,
493 1177 543 1210 qui
559 1177 594 1202 de
607 1176 796 1203 facultatibus
809 1178 871 1204 suis
886 1178 954 1212 ipsis
970 1178 1164 1205 subvenerint
1183 1183 1210 1205 et
1227 1180 1255 1206 in
1280 1193 1281 1214 ;

265 1226 322 1248 tam
335 1226 437 1249 sancta
453 1224 637 1250 fraternitate
653 1232 683 1250 se
700 1224 826 1259 collegas
845 1226 1004 1251 statuerint
1019 1226 1120 1260 eisque
1142 1226 1254 1253 benefi-

265 1270 308 1296 cia
322 1271 521 1304 praestiterint
537 1272 700 1301 annuatim,
717 1273 870 1306 septimam
883 1277 994 1306 partem
1013 1274 1166 1307 injunctae
1185 1283 1255 1308 pae—

265 1317 408 1343 nitentiae
444 1317 568 1345 relaxat,
600 1320 677 1350 (Rau.
711 1322 752 1347 25,
779 1329 803 1346 a.
837 1321 881 1346 ΙΙΙ.
909 1329 932 1346 c.
964 1323 1024 1350 417.
1056 1322 1074 1347 f.
1103 1325 1149 1351 515:
1181 1323 1254 1349 Por·

263 1373 349 1392 THAS‘s
372 1367 465 1392 16907.
474 1373 477 1391 i

307 1475 321 1487 «
353 1460 522 1492 Universa<
545 1460 668 1493 clm-isti
694 1461 850 1504 fidelibus
877 1462 924 1494 ad
942 1474 1024 1505 quos
1045 1463 1156 1495 littere
1192 1465 1252 1497 iste
1278 1485 1279 1491 κ

256 1517 487 1559 pervenerint.
530 1518 561 1548 Si
595 1519 692 1559 juxta
736 1520 933 1551 senteutiam
969 1521 1122 1561 sapientis
1165 1522 1251 1554 inter

262 1580 386 1614 tempus
414 1574 595 1605 seminandi
620 1575 833 1606 discernimus
855 1579 887 1607 et
909 1577 1061 1615 metendi,
1085 1579 1248 1610 seminare

259 1629 416 1660 debemus
456 1631 484 1660 in
524 1631 633 1667 terris,
660 1632 741 1672 quod
780 1642 850 1662 cum
894 1633 1106 1674 multiplicato
1139 1635 1247 1667 fructu

261 1686 455 1727 recolligere
490 1686 668 1718 debeamus
708 1689 737 1718 in
769 1689 859 1727 celis,
893 1689 1054 1721 facientes
1077 1691 1166 1721 nobis
1205 1692 1245 1723 de

260 1752 441 1773 mammona
458 1743 635 1783 iniquitatis
649 1744 782 1781 amicos,
806 1745 869 1784 qui,
883 1755 954 1776 cum
968 1746 1198 1787 defecerimus,
1214 1749 1245 1779 in

260 1803 376 1829 eterna
392 1799 599 1830 tabernacula
621 1810 679 1830 nos
695 1800 886 1837 admittant3
911 1802 957 1832 sic
979 1803 1063 1834 enim
1081 1803 1244 1835 thesauri-

258 1864 366 1885 zamus
385 1855 474 1885 nobis
492 1855 663 1886 thesauros
681 1857 712 1887 in
727 1856 799 1887 celo
820 1857 871 1888 ubi
889 1858 978 1889 fures
1005 1869 1067 1890 non
1087 1859 1244 1892 effodiunt

262 1911 500 1949 necfurantur,
524 1913 569 1942 sic
591 1914 722 1943 terrena
739 1913 770 1943 in
792 1914 928 1945 celestia
952 1920 985 1946 et
1005 1917 1195 1948 transitoria
1212 1919 1243 1949 in

1012 1972 1103 2004 Licet
1136 1976 1243 2006 autem

907 2030 1074 2059 teneamur
1115 2030 1243 2061 viscera

257 1970 369 1998 eterna
399 1967 484 1998 felici
505 1969 698 1999 commercio
729 1972 974 2002 commutamus,

256 2023 474 2064 indigentibus
526 2024 684 2055 universis
725 2027 852 2066 aperire

255 2079 418 2118 caritatis,
463 2080 525 2110 illis
564 2084 671 2111 tamen
719 2082 890 2122 specialius
933 2086 967 2115 et
1004 2084 1242 2118 habundantius

254 2135 389 2175 quodam
429 2136 522 2167 modo
554 2136 758 2168 liberalitatis
778 2138 956 2170 debeamus
986 2142 1122 2182 gratiam
1147 2143 1242 2174 exhi-
1267 2177 1269 2184 Α

254 2190 341 2230 bere,
364 2193 415 2232 qui
440 2203 511 2223 eum
532 2193 596 2223 sint
616 2204 774 2235 pauperes
807 2195 934 2236 spiritu,
962 2200 1077 2237 sponte
1105 2199 1243 2231 subeunt

252 2258 351 2278 onera
385 2250 602 2290 paupertatiS,
631 2252 663 2280 ut
699 2251 893 2292 pauperibus
923 2254 1047 2294 possint
1080 2256 1241 2296 copiosius

253 2303 435 2343 subvenire,
463 2304 537 2335 dum
570 2309 731 2346 tamquam
762 2307 858 2339 nichil
891 2308 1047 2341 habentes
1077 2314 1110 2342 et
1133 2313 1240 2343 omnia
1265 2321 1267 2339 (ι

252 2360 468 2401 possidentes,
504 2362 590 2393 velut
621 2363 787 2403 penuriam
810 2366 875 2405 pati
897 2368 930 2396 et
952 2366 1138 2399 habundare
1159 2368 1239 2400 didi-

251 2418 369 2455 cerint,
393 2418 579 2450 habundant
596 2420 798 2461 pauperibus,
824 2421 883 2452 sibi
897 2427 995 2463 egent
1008 2428 1039 2455 et
1058 2425 1087 2454 in
1105 2436 1139 2456 se
1155 2425 1237 2457 alio—

250 2484 319 2504 rum
347 2476 530 2515 egestatem
563 2481 741 2515 assumunt,
766 2480 799 2507 ut
823 2488 862 2508 ex
903 2479 1087 2521 indigentia
1113 2481 1239 2513 liberali

250 2530 413 2561 liberalius
435 2531 622 2563 ministrent
648 2533 826 2574 hospitibus
862 2538 894 2566 et
915 2537 1037 2576 egenis.
1061 2537 1129 2568 Hm·
1159 2548 1237 2569 vero

249 2587 396 2626 quamvis
435 2588 526 2619 multi
561 2588 766 2620 laudabiliter
803 2595 1018 2632 exequantur,
1051 2594 1095 2625 illi
1129 2596 1237 2626 tamen

249 2642 379 2674 student
390 2643 583 2675 laudabilius
593 2644 780 2686 adimplere,
794 2648 844 2688 qui
858 2648 1069 2690 hospitalitati
1083 2654 1237 2683 vacantes
1262 2663 1263 2667 ¹

248 2709 308 2729 non
343 2700 445 2730 solum
485 2701 642 2741 recipiunt
669 2702 812 2743 hospites
850 2705 907 2736 sed
946 2708 978 2736 et
1006 2709 1140 2739 trahunt
1161 2709 1236 2740 illud

248 2756 469 2796 propheticum
483 2759 703 2797 exequentes:
724 2759 839 2801 frange
852 2762 1008 2794 esurienti
1023 2774 1136 2805 panem
1146 2768 1235 2796 tuum
1261 2795 1262 2808 ἶ

247 2817 280 2841 et
299 2822 421 2853 egenos
436 2814 703 2853 vagosqueinduc
716 2815 747 2845 in
758 2815 886 2848 domum
901 2821 987 2850 tuam
1000 2830 1006 2855 ;
1024 2831 1094 2851 cuin
1114 2822 1235 2853 videris

249 2868 376 2905 nudum,
401 2869 489 2909 operi
517 2879 602 2906 eum,
634 2873 665 2900 et
692 2882 822 2903 carnem
845 2876 930 2905 tuam
960 2886 1000 2906 ne
1028 2877 1232 2918 despexeris.
1259 2910 1261 2916 ,

248 2924 295 2954 Hii
317 2925 411 2961 enim,
439 2935 508 2955 cum
540 2923 677 2966 pascunt
704 2929 898 2966 esurientes,
925 2932 1074 2964 sitientes
1106 2937 1231 2975 potant,

1084 692 1262 735 Cupientes
1288 710 1289 715 =

273 746 384 777 fideles
404 747 524 777 Christi
544 765 596 778 —.
623 747 691 778 Dat.
715 748 867 780 Viterbii.
894 749 967 779 Xlll
990 749 1052 780 kal.
1074 750 1156 791 julii,
1179 761 1262 782 anno
1286 778 1288 784 .

983 249 1218 282 REGlsTRES
1245 250 1544 285 D'ALEXANDRE
1571 254 1615 286 IV

1318 325 1476 367 colligunt
1490 326 1648 368 hospites,
1669 328 1770 359 nudos
1794 329 1948 366 vestiunt,
1975 335 2008 360 et
2019 340 2079 361 non
2097 331 2197 363 solum
2220 333 2307 364 infir-

1317 392 1385 413 mos
1406 383 1551 421 visitant,
1570 384 1627 415 sed
1647 395 1758 415 eorum
1780 385 1811 416 in
1828 396 1863 416 se
1886 386 2093 418 infirmitates
2120 397 2305 423 assumunt.

1315 440 1501 470 ministrant
1520 440 1552 471 in
1570 451 1704 472 carcere
1725 441 1839 482 positis
1859 444 1893 472 et
1909 442 2023 482 quibus
2051 443 2081 474 in
2117 444 2306 478 infirmitate

1288 516 1291 552 Ι
1316 497 1522 537 participant,
1549 498 1786 529 communicant
1807 498 1837 528 in
1869 498 2032 540 sepultura
2055 499 2230 540 defunctis,
2248 502 2303 533 illa

1288 554 1290 619 f
1315 553 1422 583 omnia
1440 556 1656 594 exequuntur,
1674 556 1805 595 propter
1821 565 1880 595 que
1898 555 2030 586 Domino
2048 556 2078 586 in
2106 556 2219 588 ultimo
2239 558 2304 590 dis-

1288 622 1289 631 *
1315 609 1474 640 trictionis
1494 610 1642 641 examine
1666 616 1949 642 remuneraturum
1970 622 2004 642 se
2026 611 2124 643 bonos
2145 616 2178 644 et
2200 615 2303 646 malos

1288 670 1289 707 l
1314 667 1433 697 asserit
1464 667 1658 708 puniturum¹
1699 666 1776 697 Cum
1805 667 1906 709 igitur
1933 667 2042 699 dilecti
2073 669 2154 700 filii..
2190 674 2303 702 rector

1315 727 1345 753 et
1368 723 1485 753 fratres
1508 723 1677 764 hospitalis
1701 734 1873 764 pauperum
1896 724 1999 755 Beate
2025 725 2126 756 ‚uarie
2147 727 2301 760 Senensis

1314 779 1352 809 ad
1372 780 1430 810 hoc
1450 780 1527 810 totis
1550 780 1670 810 viribus
1686 780 1855 811 elaborent
1871 782 1903 811 et
1926 781 2061 822 undique
2071 782 2298 816 ‹·0ussuentium

1286 855 1287 882 ,
1313 846 1489 876 egenorum
1512 837 1634 877 pariter
1649 841 1680 867 et
1702 847 1853 877 egrorum
1873 838 2125 869 necessitatibus
2148 849 2183 870 se
2199 850 2300 882 expo·

1286 902 1287 938 j
1313 894 1401 929 nant,
1425 902 1588 923 monemus
1624 893 1868 924 universitatem
1908 899 2050 925 vestram
2078 902 2109 926 et
2134 896 2302 928 hortamur

1285 951 1287 983 f
1310 947 1342 978 in
1360 949 1503 987 Domino⁷
1527 960 1563 981 ac
1578 950 1607 980 in
1627 950 1848 981 remissionem
1865 950 1955 981 vobis
1971 951 2169 992 injungimus
2179 961 2298 993 pecca-

1311 1006 1430 1042 torum,
1443 1006 1605 1045 quatinus,
1625 1010 1657 1037 ut
1677 1010 1906 1048 recuperatores
1921 1007 1990 1037 sitis
2001 1017 2132 1048 operum
2148 1009 2298 1050 pietatiS,

1309 1061 1506 1093 accedentes
1522 1062 1561 1092 ad
1579 1073 1635 1093 vos
1650 1072 1760 1093 eorum
1781 1063 1914 1094 nuncios
1935 1063 2074 1105 benigne
2090 1065 2238 1105 recipere
2257 1076 2293 1096 ac

1309 1119 1445 1150 honeste
1478 1121 1621 1150 tractare
1642 1120 1775 1151 curetis,
1799 1120 1845 1150 eis
1871 1123 1965 1161 grata
2003 1120 2147 1151 subsidia
2174 1126 2207 1152 et
2228 1122 2298 1163 pias

1308 1175 1499 1206 elemosinas
1523 1176 1744 1213 conferentes,
1771 1178 1803 1207 ut
1823 1177 1904 1217 quod
1930 1178 2128 1218 pauperibus
2147 1179 2298 1210 contule-

1306 1232 1377 1262 ritis
1407 1242 1464 1273 per
1493 1242 1605 1263 manus
1637 1242 1747 1263 eorum
1785 1233 1816 1263 in
1847 1233 1957 1270 terris,
1981 1233 2070 1265 vobis
2097 1244 2155 1275 per
2182 1244 2298 1266 manus

1305 1299 1480 1330 pauperum
1515 1289 1744 1320 thesaurizetis
1779 1289 1808 1319 in
1835 1289 1925 1327 celis,
1949 1300 2020 1320 cum
2054 1291 2200 1332 apostolo
2219 1301 2297 1322 sen—

1278 1359 1279 1389 ,
1306 1345 1438 1383 tientes,
1453 1345 1601 1386 quoniam
1622 1346 1672 1386 qui
1695 1356 1791 1387 parce
1808 1346 1946 1377 seminat
1960 1356 2058 1387 parce
2075 1349 2108 1378 et
2130 1350 2246 1385 metet,
2265 1351 2298 1379 et

1278 1398 1279 1426 ἲ
1305 1402 1356 1442 qni
1374 1403 1511 1433 seminat
1538 1402 1568 1433 in
1582 1402 1873 1435 benedictionibus,
1899 1402 1937 1433 de
1970 1402 2248 1435 benedictionibus
2262 1408 2297 1435 et

1305 1460 1406 1490 metet
1439 1459 1535 1490 vitam
1571 1462 1730 1490 eternam.
1764 1460 1827 1489 Nos
1856 1462 1963 1490 autem
1991 1459 2030 1490 de
2067 1460 2296 1501 omnipotentis

1274 1513 1278 1575 J
1303 1515 1359 1546 Dei
1380 1515 1614 1549 misericordia.
1638 1517 1669 1546 et
1688 1515 1852 1547 beatorum
1875 1516 1962 1546 Petri
1981 1519 2012 1546 et
2052 1516 2144 1547 Pauli
2168 1518 2296 1558 aposto—

1273 1588 1275 1616 ]
1301 1572 1403 1602 lorum
1415 1572 1486 1613 ejus
1498 1572 1706 1609 auctoritate,
1721 1582 1758 1602 ac
1770 1582 1820 1603 ea.
1837 1582 1932 1612 quam
1942 1571 2175 1603 nobisimlulsit
2188 1572 2296 1603 Domi-

1272 1626 1274 1655 l
1298 1639 1369 1666 nus,
1387 1630 1550 1670 potestate
1565 1628 1688 1663 conlisi.
1705 1628 1925 1669 (›1n1'1ibuS‚qui
1937 1628 1977 1659 de
1989 1629 2199 1659 facultatibus
2221 1629 2294 1660 suis

1272 1659 1273 1706 l
1296 1685 1373 1726 ipsis
1403 1685 1630 1719 subvenerint.
1650 1689 1684 1716 et
1706 1686 1735 1716 in
1755 1689 1821 1716 tam
1845 1690 1959 1716 sancta
1980 1686 2191 1716 fraternitate
2223 1689 2293 1717 sta-

1271 1732 1272 1755 l
1297 1743 1419 1774 tuerint
1457 1753 1492 1773 se
1536 1742 1680 1783 collegas
1719 1742 1830 1782 eisque
1870 1741 2026 1773 beneficia
2070 1742 2291 1783 prestiterim,

1270 1761 1272 1813 l
1295 1799 1460 1830 annuatim
1489 1799 1663 1840 ‘septimam
1691 1800 1815 1839 partem
1836 1798 1982 1839 injuncte
2009 1799 2186 1839 penitentie
2206 1799 2292 1830 rela-

1296 1866 1422 1893 xamus,
1447 1856 1644 1887 auctoritate
1665 1855 1843 1896 apostolica
1871 1857 2069 1890 statuentes,
2091 1858 2120 1885 ui
2153 1855 2213 1886 hiis
2239 1856 2290 1896 qui

1294 1923 1404 1945 eorum
1431 1912 1615 1943 firmitatem
1651 1911 1944 1952 assumpserint,si
1957 1911 2097 1942 ecclesie
2129 1910 2169 1942 ad
2205 1921 2291 1952 quas

1294 1970 1460 2011 pertinent
1472 1969 1593 2000 fuerint
1610 1968 1797 2006 interdicte,
1824 1968 1976 2009 ipsosque
1992 1968 2071 1999 mori
2097 1968 2286 2009 contigerit,

1295 2026 1355 2057 nisi
1374 2026 1646 2057 excommunicati
1673 2025 1725 2056 vel
1751 2025 1939 2055 nominatim
1970 2024 2136 2055 interdicti
2164 2025 2289 2056 fuerint

1267 2068 1269 2105 l
1294 2084 1349 2114 aut
1367 2083 1465 2114 etiam
1486 2082 1604 2124 publici
1625 2082 1775 2120 usurarii,
1797 2081 1962 2122 sepultura
1977 2081 2204 2112 ecclesiastica
2226 2091 2287 2112 non

1268 2155 1269 2158 ¹
1294 2142 1446 2181 negetur.
1470 2140 1673 2181 Receptores
1693 2148 1816 2180 quoque
1841 2138 2058 2169 fraternitatis
2081 2140 2114 2169 et
2132 2138 2284 2169 collecta-

1293 2207 1362 2227 rum
1395 2197 1550 2238 ipsarum,
1584 2196 1673 2227 salvo
1705 2197 1781 2238 jure
1812 2195 2012 2226 dominorum
2044 2204 2186 2229 suorum,
2227 2194 2285 2225 sub

1266 2247 1267 2250 Ἰ
1294 2253 1378 2285 beati
1391 2254 1483 2285 Petri
1493 2256 1526 2285 et
1535 2256 1647 2284 nostra
1659 2253 1861 2294 protectione
1873 2251 2078 2293 suscipimus,
2099 2252 2284 2282 statuentes

1293 2312 1338 2349 ut,
1357 2311 1385 2341 si
1401 2311 1453 2351 qui
1466 2311 1601 2342 fratrum
1619 2311 1773 2352 ipsorum,
1787 2309 1839 2349 qui
1851 2308 1891 2339 ad
1905 2307 2035 2339 easdem
2052 2307 2280 2339 fraternitates

1265 2369 1266 2389 l
1292 2368 1380 2399 missi
1412 2368 1530 2398 fuerint
1561 2367 1611 2398 vel
1642 2366 1809 2403 collectas,
1838 2366 1868 2395 in
1891 2364 2065 2406 quamlibet
2095 2365 2277 2399 civitatem,

1290 2423 1463 2464 castellum
1484 2424 1535 2455 vel
1552 2425 1656 2455 vicum
1676 2422 1884 2454 interdictum
1899 2421 2104 2455 advenerint,
2127 2421 2157 2451 in
2173 2430 2282 2451 eorum

1263 2478 1265 2486 '
1285 2481 1427 2524 jocundo
1448 2480 1602 2518 adventu,
1620 2479 1723 2511 semel
1737 2479 1925 2520 aperiantur
1943 2477 2081 2508 ecclesie
2103 2477 2280 2514 annuatim,

1262 2532 1263 2540 ¹
1289 2539 1322 2569 et
1341 2537 1631 2569 excommunicatis
1656 2541 1689 2566 et
1718 2536 1905 2566 nominatim
1933 2533 2116 2565 interdictis
2148 2533 2280 2575 ejectis,

1288 2594 1397 2625 divina
1434 2593 1475 2625 ibi
1504 2593 1611 2624 officia
1649 2592 1866 2629 celebrentur,
1902 2597 1935 2622 ut
1966 2600 2064 2632 super
2091 2589 2277 2621 elemosinis

1289 2651 1492 2692 acquirendis
1514 2649 1646 2681 verbum
1674 2649 1912 2680 exhortationis
1933 2648 1972 2678 ad
1993 2646 2141 2689 populum
2162 2656 2279 2688 propo-

1289 2713 1395 2744 natur,
1418 2707 1509 2737 salva
1525 2707 1554 2737 in
1573 2705 1720 2737 omnibus
1737 2705 1931 2746 supradictis
1948 2703 2168 2735 declaratione
2202 2712 2277 2733 con-

1287 2765 1353 2796 cilii
1387 2763 1562 2805 generalis.
1605 2764 1684 2794 Date
1720 2763 1819 2804 igitur
1851 2761 2076 2797 elemosinam,
2114 2763 2145 2790 ut
2171 2760 2275 2790 omnia

1287 2820 1405 2852 munda
1419 2822 1484 2852 sint
1509 2820 1610 2857 vobis,
1635 2819 1783 2860 quoniam
1804 2818 1981 2850 elemosina
1997 2828 2012 2847 a
2035 2818 2138 2847 morte
2158 2816 2274 2847 liberat

1286 2880 1319 2910 et
1334 2878 1403 2918 ipsa
1423 2880 1487 2914 ost,
1505 2887 1565 2917 que
1586 2877 1702 2917 purgat
1720 2876 1899 2916 percataet
1916 2874 1993 2905 facit
2009 2873 2155 2903 invenire
2177 2872 2274 2903 vitani

1287 2936 1445 2966 eternam.
1470 2933 1542 2974 quia
1563 2932 1644 2963 siout
1672 2942 1751 2972 aqua
1773 2932 1878 2971 ignem
1901 2929 2066 2961 ardentem
2097 2928 2274 2970 extinguit,
