2477 3512
195 261 235 294 16
888 260 1156 294 REGISTRES
1182 262 1533 296 D'ALEXANDRE
1563 263 1610 297 1v

270 366 359 393 2828
707 366 840 400 Anagni,
863 366 901 393 30
923 367 1002 394 avril
1026 368 1113 395 1259.

232 419 376 453 Papiensi
410 420 442 446 et
476 419 639 453 Maynensi
674 419 826 453 episcopis
861 427 897 446 ac
931 420 1025 453 priori
1060 421 1194 447 fratrum

191 463 447 490 Praedicatorum
491 463 690 497 Papiensium
734 464 865 490 mandat
910 465 945 490 ut
988 466 1193 498 potestatem,

189 507 352 534 consilium
388 509 419 534 et
454 507 605 541 populum
641 507 780 534 civitatis
817 507 977 541 Papiensis
1013 515 1030 535 a
1066 508 1191 542 sequela

190 551 343 578 Frederici
369 551 529 585 quondam
556 551 771 578 Romanorum
798 551 995 585 imperatoris
1021 552 1061 579 ad
1088 552 1192 578 Eccle-

188 595 266 622 siam
298 596 492 627 redeuntmn,
524 595 675 629 praestito
707 596 813 622 standi
844 596 1003 622 mandatis
1036 596 1192 623 Ecclesiae

186 640 377 673 juramento,
398 647 415 667 a
435 640 571 666 censuris
591 640 805 666 ecclesiasticis
825 640 1002 667 absolvant.
1024 640 1121 673 (Bm.
1142 640 1191 673 25,

187 684 208 710 t.
231 683 288 710 194
308 687 354 716 νο,
376 691 425 710 an.
447 683 484 715 V,
506 691 531 710 c.
553 683 612 716 59;
634 683 806 710 ΡοΤΤΗΛετ
828 684 946 715 17555;
969 684 1192 717 RODENBERG,

186 729 210 754 t.
235 727 294 760 111,
315 731 352 754 no
371 727 454 761 493.)

232 837 245 853 (t
269 850 288 856 ..
314 824 494 867 Papiensi,
519 827 548 856 et
569 825 668 866 [ratri
692 825 864 866 Raynerio
888 825 1078 866 Maynensi
1102 824 1191 866 epis-

186 877 290 919 copis,
311 879 362 910 et..
382 878 491 920 priori
509 878 654 919 fratrum
674 878 927 910 I'reclicatorum
948 877 1189 919 I’apicnsium.

183 930 426 963 Miserationes
460 934 495 962 et
530 931 785 963 misericordias
820 950 874 962 —.
911 931 994 962 Dat.
1030 930 1189 971 Anagnie

186 982 218 1014 11
247 983 316 1016 kal.
346 983 440 1021 maii,
471 993 563 1016 anno
593 983 729 1026 quinto.
761 997 772 1012 >¹

261 1158 349 1185 2829
663 1160 797 1194 Anagni,
823 1161 855 1187 11
881 1161 994 1188 sevrier
1018 1161 1103 1188 1259.

221 1211 349 1239 Decano
380 1212 525 1239 ecclesiae
556 1213 585 1239 S.
616 1213 800 1246 Audomari,
831 1214 1015 1241 Morinensis
1046 1214 1186 1246 diocesis,

180 1256 313 1282 mandat
329 1257 365 1282 ut
382 1256 643 1290 ad'provisionem
661 1257 826 1289 Guillelmi,
843 1258 995 1292 capellani
1011 1258 1185 1292 apostolici,

179 1299 351 1333 praepositi
372 1300 548 1333 Furnensis,
573 1301 604 1327 in
625 1301 799 1328 Coloniensi
819 1302 991 1336 provincia,
1012 1303 1185 1329 secundum

183 1343 356 1371 Innocentii
385 1344 428 1370 IV
453 1346 594 1372 tenorem
620 1345 809 1378 litterarum,
836 1347 998 1380 procedat,
1026 1354 1089 1373 non
1116 1347 1186 1373 obs-

179 1393 269 1419 tante
292 1393 376 1426 quod
399 1393 482 1420 dicto
507 1393 671 1421 Guillelmo
694 1395 898 1428 postmodum
921 1395 1015 1422 fuerit
1038 1396 1076 1422 de
1097 1403 1185 1429 prae-

178 1436 320 1470 positura
339 1437 495 1464 Duacensi
514 1438 685 1472 provisum.
706 1438 802 1472 (Rea.
823 1439 872 1471 25,
892 1439 912 1465 f.
935 1439 990 1466 194
1011 1443 1056 1472 v0,
1077 1447 1126 1466 an.
1147 1440 1184 1472 V,

179 1487 204 1507 c.
229 1480 291 1514 60.)

225 1590 237 1606 «
260 1602 279 1609 ..
301 1578 425 1611 decano
447 1579 578 1612 ecclesie
600 1580 718 1612 Sancti
738 1580 941 1618 Audomari,
969 1582 1185 1614 Morinensis

180 1630 333 1663 diocesis.
366 1631 543 1664 Nobilitas
575 1633 709 1675 generis
741 1636 776 1666 et
807 1653 862 1666 -—.
896 1634 980 1666 Dat.
1013 1635 1183 1676 Anagnie,

183 1682 237 1714 III
259 1683 338 1716 idus
360 1683 537 1722 februarii,
562 1696 654 1718 anno
678 1686 814 1728 quinto.
838 1700 851 1716 »

256 1870 344 1896 2830
658 1871 792 1904 Anagni‚
818 1872 853 1898 12
876 1872 989 1899 sevrier
1013 1874 1098 1901 1259.

215 1923 371 1957 Episcopo
398 1923 553 1957 papiensi,
580 1923 620 1950 ad
646 1924 909 1958 supplicationem
936 1926 985 1957 R„
1013 1927 1041 1953 S.
1070 1928 1181 1961 Angeli

176 1968 299 1994 diaconi
323 1967 498 1999 cardinalis,
524 1968 656 1994 mandat
680 1970 716 1995 ut
742 1969 895 1996 Rufinum
921 1970 1054 2004 Georgii,
1079 1973 1180 2006 capel-

176 2012 282 2039 lanum
309 2012 528 2046 apostolicum,
555 2013 769 2046 praepositum
797 2014 942 2041 ecclesiae
969 2015 998 2041 S.
1026 2015 1181 2043 ,Iohannis

174 2056 206 2083 in
229 2056 333 2089 Burgo
359 2056 530 2090 Papiensis‚
555 2056 586 2083 in
612 2056 717 2090 aliqua
742 2058 941 2085 ecclesiarum
967 2059 1105 2087 civitatis
1131 2061 1180 2087 vel

175 2100 304 2127 diocesis
328 2100 499 2133 Papiensis,
522 2101 695 2127 cathedrali
718 2102 767 2128 vel
791 2102 861 2134 alia,
886 2103 923 2129 de
947 2104 1051 2137 aliquo
1075 2112 1180 2138 perso-

174 2146 252 2171 natu
283 2152 336 2171 seu
368 2144 519 2171 beneficio
551 2145 760 2172 ecclesiastico
792 2147 967 2179 provideat.
1001 2148 1097 2181 (ΒΕΘ.
1130 2150 1179 2182 25,

174 2189 195 2216 f.
217 2189 285 2220 195,
306 2196 355 2215 an.
376 2188 413 2221 V,
433 2196 458 2215 c.
479 2189 542 2222 61.)

220 2302 232 2317 «
265 2314 284 2321 ..
318 2289 473 2331 episcopo
508 2291 685 2332 Papiensi.
720 2292 920 2333 Apostolice
954 2295 1051 2326 Sedis
1084 2295 1179 2327 beni-

174 2342 290 2383 gnitas
315 2362 369 2374 ἡ.
399 2343 480 2374 Dat.
509 2344 677 2383 Anagnie,
711 2345 741 2375 ll
774 2345 851 2377 idus
879 2347 1056 2384 februarii,
1085 2358 1177 2380 anno

175 2395 313 2438 quinto.
344 2408 355 2423 »

253 2579 336 2605 2831
656 2582 791 2615 Anagni,
816 2583 852 2609 12
876 2583 988 2610 fevrier
1012 2584 1097 2611 1259.

213 2632 358 2666 Capitulo
377 2633 532 2660 Esculano
550 2636 661 2661 notum
679 2635 754 2661 tacit
781 2643 813 2662 se
839 2636 1053 2670 Raynaldum,
1080 2638 1181 2672 capel-

174 2676 281 2703 lanum
307 2684 409 2709 suum,
437 2678 474 2704 de
501 2678 608 2704 ordine
637 2678 803 2711 Minorum,
831 2680 976 2707 ecclesiae
1004 2681 1178 2710 Esculanae

173 2721 357 2754 praefecisse
377 2721 408 2747 in
429 2722 609 2755 episcopum
630 2724 661 2749 et
682 2725 849 2756 pastorem.
871 2725 967 2757 (Rae.
990 2725 1038 2757 25,
1059 2726 1078 2752 f.
1112 2727 1177 2759 195,

174 2772 223 2791 an.
239 2764 276 2797 V,
292 2772 317 2792 c.
333 2765 371 2792 62
386 2773 393 2797 ;
410 2765 581 2792 PoT‘rfflxsr
598 2767 718 2800 17477.)

219 2878 232 2894 «
265 2866 423 2908 Capitulo
455 2867 638 2899 Esculano.
671 2869 872 2910 Apostolice
905 2871 1088 2911 dignitatis
1120 2872 1178 2904 de-

175 2919 283 2959 poscit
317 2938 368 2951 —.
396 2920 480 2951 Dat.
510 2921 678 2962 Anagnie,
712 2922 743 2952 II
774 2923 850 2954 idus
878 2923 1054 2960 februarii,
1084 2934 1176 2956 anno

175 2971 310 3012 quinto.
341 2985 352 3001 »

1383 368 1472 395 2832
1785 370 1918 404 Anagni,
1943 370 1979 396 12
2002 370 2115 397 sevrier
2137 371 2224 397 1259.

1343 422 1429 449 Clero
1462 422 1600 449 civitatis
1632 424 1663 449 et
1695 422 1824 449 diocesis
1857 422 2030 450 Esculanae
2061 430 2154 457 super
2184 424 2304 450 eodem.

1303 466 1399 498 (Rea.
1419 466 1468 497 25,
1486 466 1506 492 f.
1528 466 1596 498 195,
1615 474 1664 494 an.
1684 466 1721 499 V,
1741 466 1769 493 d.
1789 474 1837 499 c.;
1857 466 2029 493 Porrmsr
2048 467 2168 500 17477.)

1348 568 1360 583 «
1386 555 1479 587 (itero
1503 555 1649 587 civitatis
1673 558 1701 587 et
1724 556 1865 587 diocesis
1889 555 2068 588 Esculane.
2103 556 2304 598 Apostolice

1302 608 1485 650 dignitatis
1512 608 1670 650 deposcit
1696 608 1854 640 officium
1880 611 1946 641 etc.
1974 612 2014 640 ut
2040 609 2073 641 in
2101 609 2167 641 alia
2196 619 2305 652 usque

1301 661 1334 692 in
1361 662 1468 693 finem
1495 662 1536 693 de
1562 662 1670 693 verbo
1696 662 1740 693 ad
1765 662 1926 694 verbum.
1954 675 1966 691 »

1378 821 1467 847 2833
1782 821 1916 855 Anagni‚
1941 822 1977 848 12
1999 821 2113 849 tevi-ier
2136 822 2222 849 1259.

1339 873 1458 908 Populo
1487 874 1626 901 civitatis
1655 876 1685 901 et
1715 874 1844 901 diocesis
1874 874 2048 902 Esculanae
2076 875 2184 902 scribit
2211 882 2304 909 super

1297 918 1406 944 eodem
1428 918 1517 952 eique
1539 919 1671 945 mandat
1694 921 1728 945 ut
1750 919 1830 945 illins
1853 919 1980 945 monitis
2001 921 2033 946 et
2054 919 2214 946 mandatis
2235 919 2304 946 erti-

1297 963 1412 989 caciter
1433 962 1610 989 intendant.
1635 963 1731 995 (Rno.
1755 963 1804 995 25,
1828 963 1848 989 f.
1874 963 1941 996 195,
1964 971 2013 990 an.
2038 963 2075 995 V,
2098 964 2127 990 d.
2151 970 2199 995 c.;
2223 963 2304 990 Por-

1296 1013 1400 1032 ·rHAsr
1425 1006 1547 1040 17478.)

1342 1108 1355 1124 «
1384 1095 1519 1138 Populo
1550 1095 1697 1127 civitatis
1728 1097 1756 1127 et
1787 1095 1928 1127 diocesis
1959 1095 2140 1128 Esculane.
2172 1095 2304 1128 Laudis

1297 1148 1450 1180 humane
1471 1148 1675 1190 preconium
1694 1168 1749 1180 —.
1772 1149 1856 1180 Dat.
1879 1151 1918 1180 ut
1938 1148 1973 1180 in
1994 1147 2074 1181 alia.
2096 1161 2109 1177 »

1374 1303 1463 1328 2834
1770 1304 1903 1338 Anagni‚
1927 1304 1964 1331 23
1986 1304 2110 1338 Janvier
2132 1304 2219 1331 1259.

1335 1356 1531 1383 Sententiam
1555 1357 1594 1383 ab
1619 1357 1763 1390 Hugone,
1786 1357 1872 1384 tituli
1897 1357 1925 1384 S.
1950 1357 2084 1384 Sabinae
2107 1357 2302 1391 presbytero,

1295 1402 1326 1426 et
1351 1400 1524 1433 Ottobono‚
1550 1401 1578 1427 S.
1604 1401 1734 1428 Adriani
1759 1401 1890 1428 diacono
1915 1401 2126 1428 cardinalibus
2148 1402 2247 1428 latam
2270 1401 2302 1428 in

1295 1445 1479 1478 quaestione
1521 1445 1725 1478 subjectionis
1769 1446 1951 1472 monasterii
1994 1445 2205 1472 Andeeiarum
2247 1453 2301 1472 seu

1293 1489 1475 1522 Vivifontis,
1496 1489 1612 1516 ordinis
1635 1490 1663 1516 S.
1685 1490 1857 1521 Benedicti,
1879 1490 2139 1517 Cathalaunensis
2160 1490 2301 1522 diocesis,

1293 1534 1484 1561 monasterio
1524 1534 1725 1566 Molismensi,
1765 1534 1890 1568 ejudem
1929 1534 2056 1566 ordinis,
2097 1533 2300 1568 Lingonensis

1294 1578 1435 1610 diocesis,
1467 1578 1646 1610 confirmat,
1678 1578 1873 1605 diversarum
1903 1578 2081 1605 litterarum
2112 1578 2152 1605 ad
2183 1577 2302 1605 dictam

1296 1622 1512 1656 quaestionem
1544 1623 1756 1656 spectantium
1777 1625 1918 1649 tenorem
1944 1623 2090 1649 inserens.
2123 1622 2220 1656 (Bi-zo.
2252 1622 2302 1655 25,

1294 1667 1314 1693 f.
1349 1666 1480 1693 195—198
1505 1670 1545 1699 νο,
1566 1674 1615 1694 an.
1635 1667 1672 1699 V,
1692 1674 1717 1694 c.
1737 1667 1799 1700 63.)

1339 1769 1351 1785 «
1372 1782 1391 1789 ..
1412 1757 1582 1790 abbatisse
1601 1760 1629 1790 et
1648 1759 1828 1790 conventui
1847 1758 2046 1790 monasterii
2065 1757 2299 1790 Andeciarum

1291 1819 1350 1841 seu
1392 1810 1587 1852 Vivijontis,
1624 1811 1756 1844 ordinis
1793 1811 1911 1844 Sancti
1946 1811 2133 1848 Benedicti,
2172 1810 2297 1844 Catha-

1291 1862 1470 1896 launensis
1499 1864 1652 1896 diocesis.
1686 1865 1747 1897 Illa
1778 1865 1927 1896 salubris
1956 1867 2009 1897 est
2038 1867 2074 1896 et
2103 1863 2297 1906 apostolico

1293 1916 1398 1958 digna
1417 1917 1538 1949 favore
1558 1918 1685 1949 decisio
1702 1918 1900 1959 jurgiorum
1919 1927 1986 1960 que
2003 1917 2196 1949 intervenit
2214 1926 2300 1959 pace

1293 1973 1418 2002 mutua
1436 1970 1528 2002 inter
1544 1973 1673 2013 partes,
1693 1980 1762 2013 qua
1780 1980 1842 2013 per
1857 1971 2102 2003 intercessores
2120 1969 2298 2012 pacificos,

1290 2026 1327 2055 et
1356 2023 1520 2066 precipue
1550 2024 1676 2055 fratres
1707 2027 1856 2061 nostros,
1887 2024 1932 2055 ad
1962 2023 2150 2056 honestam
2178 2032 2299 2055 recon-

1291 2076 1506 2108 ciliationem
1547 2076 1794 2108 dissidentium
1836 2076 2064 2118 pcrvenitur;
2106 2085 2169 2118 per
2207 2076 2299 2108 hanc

1290 2129 1383 2161 enim
1401 2129 1568 2161 sincerius
1588 2130 1803 2162 convalescit
1823 2130 1951 2162 caritas
1968 2129 2156 2161 vulnerata
2173 2128 2296 2170 litigio,

1289 2185 1325 2214 et
1365 2182 1589 2225 dispositioni
1629 2183 1673 2215 ad
1714 2193 1822 2225 quam
1861 2182 1981 2225 previo
2021 2191 2193 2214 consensu
2233 2181 2294 2224 qui

1291 2235 1432 2267 ducitur
1471 2235 1614 2268 liberius
1653 2236 1856 2278 acquiescit.
1900 2236 1989 2268 Sane
2030 2235 2166 2267 dudum
2205 2234 2298 2266 inter

1291 2289 1545 2321 monasterium
1573 2292 1732 2320 vestrum
1762 2289 1855 2331 quod
1887 2292 1970 2320 tunc
2000 2298 2069 2320 non
2098 2297 2160 2330 per
2188 2287 2297 2320 abba-

1290 2342 1412 2374 tissam
1445 2342 1503 2374 sed
1537 2342 1737 2383 priorissam
1770 2342 1966 2383 regebatur,
1999 2351 2043 2373 ex
2079 2343 2180 2383 parte
2212 2350 2292 2378 una,

1290 2398 1349 2427 et..
1375 2395 1542 2427 abbatem
1567 2398 1603 2427 et
1627 2398 1844 2427 conventum
1868 2394 2073 2427 monasterii
2097 2393 2297 2426 Molismen-

1289 2448 1346 2485 sis,
1368 2448 1499 2479 ordinis
1519 2448 1640 2480 Sancti
1657 2448 1852 2485 Benedicti,
1875 2446 2106 2489 Lingonensis
2139 2446 2296 2484 diocesis,

1289 2511 1333 2532 ex
1374 2501 1495 2538 altera,
1539 2511 1644 2543 super
1684 2500 1840 2543 plenaria
1883 2500 2103 2542 subjectione
2144 2502 2220 2532 tam
2260 2499 2296 2531 in

1290 2554 1546 2597 temporalibus
1580 2564 1688 2596 quam
1722 2553 1976 2596 spiritualibus,
2012 2556 2048 2585 et
2082 2552 2297 2595 quibusdam

1289 2607 1366 2639 aliis
1391 2617 1460 2649 que
1486 2606 1571 2639 dieti
1597 2607 1708 2640 abbas
1733 2609 1770 2639 et
1795 2609 1994 2639 conventus
2018 2605 2084 2638 sibi
2109 2605 2145 2637 in
2171 2605 2296 2638 eodem

1289 2663 1407 2692 vestro
1426 2660 1640 2692 monasterio
1659 2660 1910 2697 vendicabant,
1931 2662 2009 2691 orta
2027 2657 2176 2691 materia
2195 2667 2297 2700 ques-

1288 2713 1405 2750 tionis,
1426 2713 1516 2745 bone
1535 2713 1701 2745 memorie
1721 2713 1756 2745 S.
1776 2712 1874 2744 tituli
1895 2713 2023 2745 Sancte
2041 2711 2150 2743 Marie
2168 2711 2297 2743 Trans-

1290 2765 1443 2807 tyberim
1472 2766 1647 2808 presbiter
1677 2765 1876 2803 cardinalis,
1909 2775 2015 2808 quem
2045 2763 2154 2796 felicis
2183 2772 2297 2795 recor-

1289 2818 1443 2850 dationis
1486 2819 1714 2851 Innocentius
1754 2828 1858 2861 papa,
1899 2818 2125 2861 predecessor
2163 2818 2293 2854 noster,

1287 2872 1321 2903 in
1342 2882 1382 2903 ea
1403 2872 1499 2904 dedit
1521 2872 1685 2914 partibus
1705 2872 1915 2909 auditorem,
1936 2871 2067 2913 partim
2087 2879 2150 2912 pro
2170 2869 2294 2902 eodem

1287 2927 1404 2956 vestro
1439 2925 1663 2963 monasterio,
1696 2928 1733 2958 et
1765 2924 1897 2967 partim
1928 2934 1991 2966 pro
2025 2923 2129 2955 dictis
2159 2921 2292 2954 abbate

1286 2980 1322 3010 et
1341 2980 1531 3015 conventu,
1553 2978 1785 3010 diffinitivam
1805 2978 2019 3011 sententiam
2038 2974 2290 3021 promulgavit.
