2477 3512
170 271 233 302 102
870 269 1139 302 REGISTRES
1164 269 1517 302 D’ALEXANDRE
1547 269 1595 301 1v

167 375 349 417 discipline
369 376 585 407 salutaribus
605 376 864 407 eruditionibus
884 375 1082 413 institutus,
1104 376 1176 409 suis

166 431 386 472 temporibus
409 433 445 462 te
470 432 610 463 nomine
635 441 674 463 ac
699 431 855 463 moribus
879 431 1102 463 reddidisset.
1129 431 1176 464 Et

166 486 259 528 quia,
276 486 380 518 velud
399 495 540 527 germen
559 487 674 517 odoris
692 486 828 517 fructus
844 486 987 518 honoris
1002 489 1038 518 et
1051 487 1174 528 gratie,

163 541 238 582 jam
273 542 542 584 erumpentibus
576 542 811 574 laudabilium
845 542 1046 574 studiorum
1081 542 1175 574 flori-

166 596 241 633 bus,
266 597 487 638 producebat
510 598 602 629 unde
625 597 837 638 sperabatur
858 597 1000 629 futurus
1023 600 1103 639 post
1126 600 1172 635 te,

164 650 276 681 instar
301 650 365 687 tni,
394 650 437 682 ad
466 650 573 681 robur
598 650 772 691 religionis
799 654 834 682 et
860 651 943 682 fidei
970 651 1173 689 christiane,

165 702 310 734 virtutis
346 703 541 739 brachium,
579 703 825 735 fulcimentum
864 704 1000 739 domus,
1039 704 1173 736 stabili-

166 759 327 787 mentum
362 759 395 787 et
431 757 538 797 gloria
574 757 688 797 gentis
723 768 793 793 suc,
831 767 899 798 qno
937 758 1039 788 ubere
1075 758 1172 789 fonte

164 809 387 841 lacrimarum
408 818 554 849 regnum
576 813 677 841 tuum
701 810 781 841 flere
802 811 969 844 sufficiat,
991 821 1025 841 se
1046 811 1172 852 pignus

163 865 264 893 tante
289 863 417 894 fiducie
443 872 512 904 qua
538 863 644 894 etatis
669 864 786 894 future
813 867 971 905 tempora
998 864 1171 905 intrepide

163 915 360 957 prospicere
384 918 537 957 poterat,
556 916 759 958 perdidisse.
779 918 890 956 Auget
911 919 1042 954 autem,
1061 916 1170 948 dolori

162 972 282 999 nostro
308 969 532 1001 formidinem
559 979 628 1010 qua
654 980 817 1001 veremur
843 980 883 1001 ne
911 970 1000 1001 forte
1026 970 1170 1001 meroris

161 1030 323 1053 excessus
345 1022 462 1054 animo
484 1025 546 1054 tuo
569 1023 611 1054 de
633 1025 706 1054 tam
727 1032 847 1054 amara
869 1023 983 1055 carnis
1003 1023 1170 1054 incisione

161 1074 338 1106 carissime
365 1075 578 1112 dominetur,
606 1078 641 1107 et
669 1086 721 1112 ne,
750 1076 777 1107 si
805 1076 932 1108 durum
959 1076 1024 1107 tibi
1051 1076 1169 1107 divine

159 1128 358 1159 voluntatis
383 1128 571 1160 arbitrium
596 1128 826 1170 impatienter
851 1129 1013 1171 accipias,
1042 1130 1167 1164 Deum,

161 1181 256 1222 quod
283 1181 386 1218 absit,
415 1182 576 1213 offendas
603 1181 768 1223 ledasquc
798 1185 829 1213 te
855 1183 971 1224 ipsum
997 1185 1033 1214 et
1058 1193 1170 1224 ponas

160 1233 195 1265 in
219 1233 328 1275 gloria
354 1234 427 1276 spei
452 1237 512 1266 tue
537 1234 743 1266 scandalum
770 1245 837 1276 que
862 1246 940 1267 cum
966 1236 1169 1268 infidelibus

161 1296 248 1329 quos
274 1287 540 1319 resurrectionis
567 1288 685 1320 future
713 1298 806 1320 nunc
833 1289 1035 1330 expectatio
1064 1289 1168 1321 beata

160 1350 230 1371 non
254 1343 398 1377 recreat,
423 1340 626 1372 contristari
650 1342 692 1373 de
716 1341 974 1374 dormientibus
997 1342 1031 1373 in
1056 1342 1169 1374 Chris-

159 1395 197 1425 to
228 1403 296 1424 non
326 1393 464 1435 patitur
493 1394 722 1426 Christianos.
753 1394 883 1426 Minuit
911 1398 1032 1427 autem
1063 1395 1169 1437 hujus

159 1446 357 1478 formidinis
384 1449 501 1478 nostre
528 1457 697 1489 pavorem
724 1448 819 1489 quod
846 1449 1081 1481 exercitatum
1108 1449 1169 1481 ha-

159 1499 242 1531 beas
271 1499 429 1531 animum
459 1500 503 1531 ad
534 1500 746 1542 patientiam
776 1501 811 1532 in
840 1501 944 1533 rebus
973 1502 1105 1544 asperis
1133 1505 1169 1534 et

158 1552 338 1589 adversis;
386 1562 527 1585 omnem
572 1553 755 1586 fortunam
801 1564 977 1596 superare,
1023 1555 1168 1587 ferendo

159 1605 293 1636 invicto
316 1608 456 1647 pectore
479 1606 645 1643 didicisti,
668 1610 703 1638 et
725 1608 938 1639 confidimus
960 1609 1055 1649 quod
1076 1608 1169 1640 hunc

160 1658 289 1689 doloris
319 1668 498 1690 accessum
528 1659 810 1701 imperturbatus
854 1661 1018 1702 quamvis
1046 1662 1170 1693 turba-

160 1713 218 1742 tus
242 1711 419 1753 exceperis
444 1722 549 1753 quem
574 1712 660 1744 alias
684 1713 856 1745 irruentes
880 1714 1168 1746 intollerabilium

159 1763 230 1795 fere
255 1774 400 1796 casuum
426 1765 581 1807 impetus
607 1776 676 1797 non
702 1766 893 1807 fregerunt.
919 1767 973 1798 Ad
1001 1767 1168 1799 nichilum

161 1817 290 1858 quippe
313 1817 419 1854 valet,
443 1818 508 1849 nisi
530 1819 573 1849 ad
596 1819 861 1851 subversionem
883 1820 1008 1851 salutis
1029 1823 1064 1852 et
1083 1821 1169 1853 vite,

156 1869 193 1901 in
226 1870 393 1901 memoria
426 1873 647 1903 mortuorum
680 1882 757 1903 ossa
789 1872 902 1903 carnis
934 1873 1168 1905 immoderata

158 1923 302 1964 spiritus
324 1923 499 1955 exsiccare
522 1924 681 1961 tristitia,
707 1925 843 1957 dolores
866 1926 974 1957 animi
999 1936 1067 1958 non
1092 1929 1166 1958 tam

157 1975 264 2007 lenire
298 1986 405 2017 quam
438 1977 546 2008 etiam
580 1986 792 2019 exaggerare
827 1979 1021 2010 meroribus
1054 1982 1089 2011 et
1123 1981 1167 2011 ad

159 2028 336 2061 cruciatus
369 2029 522 2061 exitialis
555 2034 788 2071 augmentum
822 2032 952 2063 vulnus
985 2033 1168 2064 concidere

158 2091 263 2123 super
295 2082 435 2120 vulnus,
471 2083 640 2124 quoniam
676 2094 777 2116 nemo
808 2094 869 2126 per
892 2085 1168 2117 lamentationes

159 2137 195 2166 et
222 2134 339 2166 luctus
367 2136 523 2167 revocari
552 2137 683 2178 poterit
711 2147 730 2168 a
760 2138 947 2169 defunctis.
982 2139 1077 2170 Inter
1105 2139 1168 2171 hee

159 2190 279 2219 autem
303 2191 419 2229 potest
442 2189 671 2231 propinatum
694 2190 758 2221 tibi
781 2200 800 2222 a
823 2190 898 2222 Deo
920 2192 1168 2223 amaritudinis

159 2241 325 2281 poculum
354 2244 563 2283 temperare,
594 2244 687 2284 quod
718 2244 779 2275 vix
811 2244 874 2275 tibi
904 2245 1058 2276 debebat
1087 2255 1167 2277 cum

159 2293 455 2335 multiplicatione
482 2296 611 2327 sobolis
638 2296 712 2328 vita
740 2297 896 2338 produci,
926 2298 1010 2339 quin
1038 2299 1080 2329 de
1108 2299 1168 2330 ali-

158 2346 260 2387 quus
277 2357 397 2379 eorum
418 2348 529 2385 obitu,
550 2359 700 2390 quorum
720 2352 818 2381 ortus
836 2350 990 2381 letanter
1009 2352 1168 2383 fortassis

159 2409 354 2441 acceperas,
388 2401 580 2442 aliquando
621 2403 819 2439 tristareris,
860 2414 940 2435 cum
980 2413 1057 2435 raro
1096 2405 1168 2436 cui-

160 2462 268 2494 quam
292 2453 326 2484 in
351 2453 432 2484 filiis
457 2454 605 2486 felicitas
630 2456 777 2487 fecunde
802 2457 1037 2496 generationis
1062 2458 1168 2489 obve-

160 2505 261 2542 nerit,
284 2506 343 2547 qui
364 2506 481 2548 aliqua
503 2510 669 2539 natorum
691 2518 834 2541 suorum
855 2510 978 2541 funera
1000 2512 1167 2543 meruerit

158 2567 229 2590 non
262 2559 392 2591 videre.
427 2560 518 2601 Ergo
551 2561 578 2592 si
612 2564 715 2602 prout
749 2562 918 2594 admonet
950 2563 1168 2596 inevitabilis

158 2612 363 2644 mortalium
381 2613 484 2644 sortis
502 2614 668 2654 ambigua
687 2615 875 2652 certitudQ
894 2617 1045 2648 eundem
1065 2620 1167 2650 tuum

158 2665 352 2697 secundum
383 2675 536 2703 carnem,
570 2670 729 2699 nostrum
760 2678 843 2699 vero
873 2670 1069 2701 secundum
1099 2671 1169 2712 spi·

159 2717 279 2754 ritum,
307 2718 420 2750 filium
447 2718 636 2751 habuimus
665 2723 847 2761 tamquam
875 2721 1067 2762 aliquando
1094 2733 1171 2755 am-

160 2770 310 2807 missuri,
330 2781 548 2812 consequens
565 2775 617 2803 est
638 2776 675 2803 ut
695 2777 887 2815 postquam
906 2774 1169 2808 humanitatem

162 2826 320 2855 nostram
345 2824 517 2855 dolendus
541 2826 583 2856 de
608 2826 682 2867 ipso
708 2827 869 2858 turbavit
893 2831 1054 2865 eventus,
1081 2830 1170 2861 desi—

162 2885 287 2908 namus
309 2877 455 2908 moleste
478 2877 566 2909 serre
589 2879 683 2919 quod
708 2889 750 2910 ex
773 2880 983 2912 necessitate
1005 2882 1168 2913 futurum

157 2929 292 2960 indicta
322 2932 446 2961 nature
474 2931 613 2962 mortali
642 2932 798 2962 conditio
826 2934 1072 2974 promittebat.
1104 2935 1169 2967 Ge-

166 2981 311 3014 mitibus
338 2983 458 3023 itaque
486 2993 524 3015 ac
551 2984 763 3024 singultibus
789 2986 1014 3026 imperantes⁵
1043 2987 1172 3028 dijudi—

1282 386 1402 409 cemus
1434 377 1595 408 consulta
1630 377 1769 410 ratione
1801 378 1995 420 prudenter
2026 378 2111 420 quid
2143 378 2190 410 sit
2222 387 2293 420 quo

1282 442 1387 474 super
1412 442 1493 465 eum
1520 442 1625 474 quem
1652 433 1717 464 tibi
1746 433 1920 465 Dominus
1945 433 2044 465 dedit
2069 436 2105 465 et
2131 434 2281 466 abstulit

1282 488 1469 520 vendicare
1500 488 1563 519 tibi
1594 488 1730 520 lucrum
1760 488 1916 529 legitime
1945 489 2085 526 debeas,
2115 491 2179 520 aut
2207 498 2292 530 que-

1281 543 1389 574 relam
1410 546 1527 585 preter
1546 546 1837 576 momentaneum
1857 544 2039 585 quoddam
2057 543 2292 586 separationis

1279 597 1545 630 incommodum
1565 608 1634 640 quo
1653 599 1752 631 illum
1772 599 1947 641 asumpsit
1967 608 2118 641 superna
2136 599 2290 636 vocatio,

1279 654 1314 683 te
1336 652 1488 693 reliquit.
1512 652 1566 683 An
1589 652 1762 692 lugendus
1783 655 1836 684 est
1860 652 1936 689 tibi,
1960 662 2163 694 quesumu5‚
2186 652 2291 689 filius,

1280 705 1361 746 quia
1387 705 1584 736 communis
1609 705 1840 737 mortalitatis
1864 705 1974 745 legem
1999 705 2149 747 excepit,
2176 714 2194 736 a
2221 714 2290 746 qua

1280 758 1398 790 divine
1427 758 1615 800 potestatis
1642 759 1841 789 auctoritas
1870 759 2022 790 humane
2050 759 2174 790 salutis
2200 759 2291 790 Auc-

1279 814 1403 846 torem,
1439 812 1589 843 bominis
1622 812 1759 849 Filium,
1796 812 1908 843 Deum
1941 815 1977 843 et
2007 812 2187 843 hominem
2219 821 2289 843 non

1278 865 1406 896 exemit
1428 866 1445 896 ἱ)
1480 866 1533 896 λη
1568 865 1649 906 quia
1684 865 1800 896 flebile
1835 865 2042 896 miserabilis
2075 865 2148 896 vite
2183 864 2290 906 hujus

1282 917 1352 948 cito
1375 918 1488 949 evasit
1510 918 1654 949 exilium
1676 921 1709 949 et
1735 918 1767 949 in
1792 919 1971 950 desertum
1993 918 2107 960 patrie
2126 917 2290 953 melioris,

1278 970 1383 1012 juxta
1401 971 1473 1012 spei
1493 974 1610 1002 nostre
1628 971 1895 1008 confidentiam,
1914 971 2070 1003 evolavit
2088 971 2106 1002 ἱ)
2122 971 2178 1002 An
2196 970 2291 1012 quia,

1278 1024 1486 1065 priusquam
1504 1024 1767 1065 provectiorum
1784 1026 1924 1056 etatum
1940 1024 2162 1066 experiretur
2176 1033 2292 1056 erum-

1277 1086 1377 1118 pnas,
1401 1080 1436 1108 et
1458 1080 1653 1118 antequam
1676 1077 1811 1109 malitia
1833 1078 1868 1109 in
1889 1087 1930 1109 eo
1949 1079 2169 1119 perverteret
2189 1076 2292 1108 intel-

1276 1130 1409 1162 lectum
1445 1133 1508 1162 aut
1542 1130 1700 1162 animam
1735 1130 1847 1172 ipsius
1883 1131 2054 1171 figmenta
2090 1129 2293 1172 deciperent

1277 1184 1494 1219 vanitatum,
1525 1187 1652 1225 raptus
1681 1186 1735 1215 est
1765 1184 1807 1215 de
1837 1183 2070 1225 iniquitatum
2100 1183 2216 1215 medio
2243 1185 2292 1216 et,

1276 1237 1466 1269 miserante
1494 1237 1568 1268 Deo
1595 1237 1630 1268 in
1656 1237 1857 1268 viventium
1884 1237 2051 1268 fasciculo
2067 1235 2292 1269 collocatus?

1276 1291 1332 1322 An
1352 1290 1434 1331 quia
1455 1290 1604 1332 pueritie
1624 1299 1684 1321 sue
1704 1290 1774 1322 leta
1794 1293 1829 1322 et
1849 1289 2040 1326 innocenti,
2064 1292 2103 1321 ut
2124 1289 2291 1323 creditur·

1276 1346 1370 1375 sorte
1382 1343 1602 1385 perfunctus,
1617 1343 1825 1385 priusquam
1838 1343 1936 1375 illum
1950 1342 2112 1375 mortalis
2122 1342 2197 1374 vite
2212 1351 2292 1384 pro-

1276 1396 1405 1428 tractio
1422 1396 1631 1428 robustioris
1643 1396 1882 1428 adolescentie
1893 1396 2214 1432 inficeretluxibus‚
2228 1397 2291 1427 aut

1277 1450 1414 1481 ambitu
1427 1449 1634 1490 juventutis
1646 1449 1808 1481 afficeret
1818 1451 1884 1481 aut
1894 1448 2085 1481 conficeret
2094 1448 2292 1480 defectibus

1277 1503 1416 1544 torpide
1440 1502 1645 1539 senectutis,
1671 1502 1801 1534 meruit
1825 1503 1926 1544 quasi
1950 1502 2066 1534 adhuc
2090 1502 2290 1544 primevum

1276 1559 1311 1587 et
1345 1558 1508 1587 tenerum
1541 1564 1683 1596 germen
1719 1556 1760 1587 de
1794 1556 1898 1587 cedro
1932 1555 2023 1597 regie
2057 1554 2289 1587 sublimitatis

1277 1609 1422 1645 abscidi,
1455 1609 1772 1650 incorruptibiliter
1802 1609 2016 1640 radicandus
2046 1608 2081 1639 in
2113 1607 2290 1640 desidera-

1277 1662 1336 1694 bili
1356 1662 1494 1703 suspirii
1515 1662 1625 1693 nostri
1646 1664 1750 1698 terra‚
1771 1665 1807 1693 et
1826 1671 1959 1699 eorum,
1981 1661 2041 1703 qui
2060 1661 2203 1703 Agrium
2222 1660 2288 1693 Dei

1277 1715 1418 1747 mundis
1435 1715 1610 1756 gressibus
1628 1717 1903 1756 prosequuntur,
1922 1714 2134 1747 felicissimis
2151 1714 2289 1746 cetibus

1275 1768 1516 1800 inserendus?
1542 1768 1634 1799 Hinc
1659 1768 1753 1800 enim
1777 1778 1820 1799 ex
1844 1778 1884 1800 eo
1910 1768 2030 1809 procul
2054 1767 2164 1800 dubio
2188 1776 2288 1810 spem

1276 1822 1318 1853 de
1341 1821 1416 1863 ipso
1440 1821 1710 1862 complectimur
1732 1821 1827 1862 quod
1852 1821 2116 1863 preoccupavit,
2141 1823 2182 1852 ut
2203 1828 2289 1862 gau-

1275 1875 1400 1906 denter
1424 1874 1635 1916 accepimus,
1662 1874 1696 1905 in
1721 1874 1941 1906 confessione
1966 1873 2090 1906 humili
2114 1876 2151 1906 et
2173 1883 2289 1905 sacra-

1275 1930 1477 1959 mentorum
1513 1927 1596 1959 fidei
1633 1927 1859 1969 perceptione
1894 1928 2038 1964 devota,
2075 1927 2165 1959 facie
2198 1926 2289 1959 indi-

1274 1990 1358 2013 cans
1385 1981 1480 2022 quod
1506 1980 1543 2012 in
1570 1982 1695 2017 morte,
1724 1980 1850 2012 mortis
1876 1980 2020 2012 stimulo
2047 1982 2225 2022 superato,
2252 1979 2288 2011 in

1274 2034 1457 2066 celestium
1485 2033 1729 2075 potentiarum
1757 2034 1848 2065 atria
1876 2036 1957 2075 post
1984 2034 2100 2075 capud
2127 2033 2288 2065 fidelium

1275 2087 1454 2119 Christum
1497 2096 1558 2128 per
1599 2086 1684 2118 fidei
1727 2087 1895 2118 meritum
1938 2087 2097 2118 nondum
2138 2086 2288 2128 cognitis

1274 2140 1398 2172 mundi
1428 2140 1731 2181 negotiationibus
1759 2140 1933 2171 introivit.

1321 2193 1408 2225 Cum
1446 2193 1554 2233 igitur
1591 2202 1896 2234 supervacaneum
1934 2193 2046 2224 videri
2085 2192 2214 2224 debeat
2251 2195 2287 2224 et

1273 2246 1459 2287 indignum
1498 2246 1690 2287 gemitibus
1728 2246 1891 2287 prosequi
1931 2256 2037 2287 quem
2076 2246 2120 2277 ad
2157 2245 2287 2286 gaudia

1273 2299 1441 2331 transisse
1463 2299 1639 2331 credimus
1661 2299 1878 2339 angelorum,
1903 2299 1974 2340 qui,
2000 2298 2152 2340 diruptis
2175 2298 2287 2340 capti-

1273 2353 1397 2384 vitatis
1426 2362 1591 2394 corporee
1620 2353 1770 2384 nexibus
1798 2352 1833 2383 in
1862 2352 2067 2384 libertatem
2095 2352 2285 2394 spirituum

1272 2406 1420 2442 exilivit,
1462 2415 1664 2447 quesumus,
1697 2405 1874 2437 carissime
1914 2405 1975 2442 fili,
2016 2408 2052 2437 et
2090 2405 2126 2436 in
2165 2404 2286 2436 debito

1273 2459 1434 2491 caritatis
1456 2459 1628 2499 exigimus
1651 2469 1690 2490 ac
1715 2459 1927 2490 mandamus
1951 2461 2001 2495 ut,
2026 2458 2170 2490 meroris
2192 2458 2286 2490 nube

1275 2512 1432 2554 depulsa,
1456 2512 1483 2543 si
1507 2521 1576 2552 qua
1600 2512 1718 2543 forsan
1743 2512 1858 2543 adhuc
1881 2511 2009 2543 exinde
2031 2511 2173 2543 vultum
2195 2510 2287 2552 regie

1273 2564 1475 2597 serenitatis
1504 2564 1702 2599 obnubilat.
1734 2564 1945 2606 proveniens
1974 2573 2017 2596 ex
2045 2563 2224 2605 premissis
2250 2565 2287 2596 et

1273 2619 1309 2650 in
1343 2627 1450 2649 evum
1485 2627 1650 2649 mansure
1684 2617 1797 2649 letitie
1831 2617 1974 2649 claritas
2008 2620 2044 2648 te
2078 2616 2285 2653 circumdet,

1273 2671 1324 2703 ita
1356 2671 1451 2712 quod
1484 2670 1548 2702 hoc
1580 2671 1767 2712 proveniat
1797 2671 1832 2702 in
1863 2669 2114 2702 consolationis
2145 2678 2287 2711 quoque

1275 2726 1393 2755 nostre
1424 2724 1624 2765 profectum
1655 2726 1706 2760 ut,
1740 2723 1798 2765 qui
1830 2723 1956 2755 fletum
1987 2726 2092 2754 tuum
2122 2721 2285 2754 venerint

1274 2776 1518 2808 illacrimando
1547 2776 1689 2813 diluere,
1720 2776 1839 2818 potius
1867 2776 2053 2808 inveniant
2081 2775 2176 2807 unde
2203 2784 2286 2807 con-

1273 2829 1458 2862 solationis
1483 2830 1638 2861 debeant
1664 2829 1791 2860 referre
1817 2829 1985 2861 solatium
2012 2838 2120 2870 quam
2147 2827 2284 2862 afferre,

1275 2883 1331 2915 Sic
1355 2892 1481 2924 nempe
1506 2882 1600 2914 viros
1625 2883 1737 2918 (lecet,
1764 2882 1893 2923 quibus
1918 2882 2023 2913 debet
2048 2881 2155 2913 robur
2177 2880 2287 2912 firmi-

1274 2935 1361 2967 tatis
1378 2935 1500 2971 inesse,
1520 2945 1562 2966 ne
1579 2935 1840 2967 adversitatum
1858 2935 2102 2976 congressibus
2118 2932 2283 2975 impetiti,

1280 2988 1426 3020 mollitie
1458 2988 1609 3020 feminea
1641 2988 1900 3024 sublabantur;
1933 2988 1980 3019 sic
2013 2996 2154 3028 quoque
2185 2986 2286 3017 decet
