2477 3512
936 284 1214 326 QUATRIEME
1229 288 1391 322 ANNEE
2159 303 2229 336 825

103 385 136 411 et
154 385 179 410 si
198 391 296 411 unum
316 385 365 411 vel
385 385 446 411 duo
466 385 582 411 exiliis
601 385 630 412 ei
647 385 803 419 resignare
822 385 998 418 contigerit,
1017 385 1112 412 liceat

103 423 132 450 ei
151 424 286 450 totidem
306 424 368 450 alia
398 425 534 458 recipere
554 432 590 451 ac
611 432 682 451 cum
702 425 829 458 reliquis
849 424 991 461 retinere.
1014 425 1111 458 (REG.

104 463 153 495 25,
174 463 196 488 f.
220 463 286 495 158,
309 471 358 489 an.
384 464 436 496 IV,
459 471 483 490 c.
506 464 588 498 243.)

145 565 234 604 «Elye
250 566 286 595 de
302 566 463 604 Herelord,
482 566 587 595 clerico
604 565 835 596 Lincolniensis
852 565 992 596 diocesis.
1010 566 1112 604 Apos-

101 617 197 647 tolice
225 618 314 648 Sedis
342 618 522 657 benignitas
549 636 600 648 —.
630 619 706 648 Dat.
734 619 881 653 Viterbii,
914 618 981 648 1111
1010 627 1111 648 nonas

102 671 253 705 octobris,
281 680 366 700 anno
395 674 522 709 quarto.
551 683 563 698 »

179 859 268 885 2688
615 859 753 891 Viterbe,
767 860 784 885 4
798 860 926 886 octobre
941 860 1028 886 1258.

181 912 317 938 Radulfo
347 911 415 943 Lof,
444 912 553 938 clerico
583 912 817 939 saresbiriensis
845 912 987 944 diocesis,
1016 913 1111 939 simili

100 952 193 978 modo
223 952 365 985 indulget
395 953 440 983 ut,
471 953 595 985 praeter
624 952 685 978 duo
716 952 927 978 ecclesiastica
957 952 1110 978 beneficia

100 998 207 1018 curam
233 991 410 1017 animarum
436 991 596 1022 habentia,
623 998 757 1024 quorum
784 999 882 1017 unum
908 991 1109 1018 intitulatum

100 1032 131 1057 et
162 1031 248 1057 aliud
280 1031 537 1057 commendatum
567 1031 674 1062 habet,
707 1038 904 1064 quorumque
936 1033 1109 1064 proventus

100 1070 266 1096 duodecim
293 1077 470 1097 marcarum
489 1069 717 1103 Sterlingorum
746 1078 902 1096 summam
930 1070 1020 1097 annis
1048 1071 1109 1097 sin-

99 1109 179 1143 gulis
200 1117 263 1136 non
285 1111 451 1141 excedunt,
474 1110 574 1143 possit
596 1110 699 1136 adhuc
721 1110 783 1136 duo
806 1110 867 1136 alia
890 1110 1044 1136 beneficia
1065 1117 1110 1136 re-

100 1148 201 1183 cipere
222 1151 303 1176 etc...
325 1151 361 1175 ut
382 1157 485 1183 supra.
507 1149 604 1182 (Bm.
627 1149 675 1181 25,
696 1150 718 1175 f.
742 1150 808 1181 158,
831 1157 880 1176 an.
906 1150 957 1181 IV,
979 1157 1004 1176 c.
1027 1150 1108 1182 244.)

99 1262 112 1279 ι
153 1252 289 1290 Radulso
313 1252 382 1290 Lol,
407 1252 513 1282 clerico
539 1252 781 1282 Saresbiriensis
805 1252 946 1282 diocesis.
970 1253 1110 1291 Aposto—

97 1303 155 1334 lice
180 1305 268 1335 Sedis
292 1305 473 1344 benignitas
496 1308 611 1334 -etc.
635 1314 737 1344 usque
759 1305 791 1334 in
814 1305 925 1334 finem.
949 1316 962 1332 n

177 1508 267 1533 2689
548 1508 683 1541 Anagni,
699 1508 736 1534 23
752 1508 923 1534 novembre
940 1508 1028 1535 1258.

137 1561 236 1587 Priori
260 1562 291 1587 et
315 1561 486 1587 conventui
510 1561 698 1592 Eliensibus,
723 1562 852 1595 propter
875 1561 1109 1588 vehementiam

96 1600 228 1634 frigoris,
253 1601 397 1627 concedit
421 1602 456 1626 ut
480 1601 570 1634 pileis
593 1601 697 1627 ordini
720 1608 827 1627 eorum
852 1601 1107 1634 congruentibus,

95 1640 292 1667 necessitatis
318 1641 469 1673 tempore,
496 1640 528 1666 in
555 1640 746 1667 monasterio
774 1640 821 1666 uti
848 1641 979 1674 possint.
1008 1640 1105 1674 (Rau,

96 1679 144 1711 25,
166 1679 187 1706 f.
211 1680 278 1711 158,
301 1687 350 1706 an.
376 1680 428 1711 IV,
450 1687 475 1706 c.
499 1680 580 1713 245.)

139 1790 150 1805 α
165 1801 194 1812 ..,
216 1778 316 1817 priori
337 1779 363 1807 et
384 1778 544 1807 conventui
565 1777 758 1812 Eliensibus,
780 1777 900 1807 ordinis
922 1778 1029 1808 Sancti
1049 1777 1108 1807 Be—

95 1831 219 1866 nedicti,
236 1831 405 1860 Virtutum
421 1831 536 1860 merita
553 1830 735 1869 quibus2—.
747 1831 824 1860 Dat.
840 1830 994 1869 Anagnie‚
1005 1830 1107 1860 VIIII

96 1883 159 1913 kal.
189 1884 375 1917 decembris,
404 1892 489 1912 anno
517 1886 644 1922 quarto.
672 1894 684 1910 »

175 2087 268 2113 2890
542 2086 676 2120 Anagni,
694 2086 730 2113 19
747 2087 917 2113 novembre
935 2086 1022 2113 1258.

135 2127 185 2158 R„
222 2127 331 2153 abbati
367 2127 550 2153 monasterii
586 2126 615 2153 S.
652 2126 832 2159 Augustini,
869 2126 1104 2153 Cantuariensis

94 2167 235 2198 diocesis,
256 2174 327 2193 cum
347 2167 375 2193 ei
394 2167 435 2192 sit
454 2166 614 2192 indultum
634 2167 670 2192 ut
690 2166 861 2192 ostiaratus
881 2167 912 2192 et
932 2166 1103 2192 lectoratus

93 2207 217 2233 ordines
237 2206 300 2233 suis
320 2206 419 2239 possit
439 2206 574 2232 subditis
593 2206 758 2239 impertiri,
778 2205 921 2238 indulget
940 2207 976 2232 ut
996 2213 1104 2232 mona—

94 2246 167 2272 chos
184 2246 211 2272 ei
228 2246 371 2272 subditos
389 2247 428 2272 ad
443 2245 610 2272 acolitatus
627 2245 769 2272 ordinem
786 2252 970 2279 promovere
986 2246 1103 2276 valeat,

92 2286 168 2312 locis
183 2287 214 2312 et
228 2286 423 2319 temporibus
439 2285 613 2319 oportunis.
629 2285 726 2318 (REG.
743 2285 791 2315 25,
807 2285 828 2310 f.
846 2285 903 2311 158
918 2289 964 2316 v⁰‚
981 2292 1030 2311 an.
1050 2285 1102 2316 IV,

93 2332 119 2352 c.
152 2325 234 2359 246.)

134 2427 146 2442 «
167 2415 216 2449 Κ,
238 2415 343 2444 abbati
375 2414 555 2444 monasterii
590 2414 622 2445 S.
644 2414 819 2453 Augustini
853 2414 1101 2449 Cantuariensis,

93 2468 133 2498 ad
153 2468 327 2498 Romanam
349 2467 518 2497 Ecclesiam
539 2467 625 2497 nullo
646 2467 745 2496 medio
766 2467 959 2505 pertinentis,
982 2467 1102 2497 ordinis

93 2521 200 2551 Sancti
223 2520 392 2550 Benedicti.
417 2521 550 2558 Speciali
574 2521 722 2559 prosequi
745 2523 837 2550 tuam
853 2537 904 2550 —.
921 2520 998 2550 Dat.
1017 2520 1103 2550 Ana-

92 2574 174 2612 gnie,
201 2573 287 2603 XIII
312 2573 375 2603 kal.
402 2573 588 2607 decembris,
614 2582 699 2602 anno
725 2575 853 2611 quarto.
879 2584 890 2599 n

171 2777 253 2803 2691
585 2777 724 2809 Viterbe,
745 2778 761 2803 4
783 2777 910 2804 octobre
931 2776 1019 2803 1258.

132 2830 288 2864 Episcopo
311 2830 557 2862 Petragoricensi
578 2830 710 2856 mandat
731 2831 776 2861 ut,
798 2837 861 2856 non
883 2830 1029 2855 obstante
1051 2836 1100 2855 ca-

91 2870 185 2903 pituli
219 2870 344 2897 ecclesie
379 2870 587 2904 oppositione,
609 2869 848 2902 Ramnulphum
884 2869 1100 2902 archipresby-

90 2911 193 2936 terum
218 2910 255 2935 de
279 2910 384 2936 Veteri
408 2909 541 2939 Marilio,
568 2909 799 2935 Lemovicensis
823 2909 964 2939 diocesis,
988 2908 1019 2934 in
1045 2908 1100 2933 Pe-

91 2949 292 2981 traeoricensi
315 2949 443 2976 ecclesia
466 2949 561 2982 recipi
583 2949 673 2982 eique
697 2949 734 2974 dc
758 2948 962 2982 proventibus
986 2947 1100 2973 debitis

93 2989 249 3022 provideri
269 2989 376 3015 faciat.
397 2989 494 3018 (Rsso.
515 2988 562 3019 25,
583 2988 604 3014 f.
626 2988 682 3014 158
702 2992 748 3017 νο,
769 2995 818 3014 an.
842 2987 894 3019 IV,
915 2994 939 3013 c¹
960 2987 1042 3019 247.)

1262 397 1274 412 «
1289 409 1318 421 ..‚
1343 388 1485 427 episcopo
1508 390 1765 429 Peiraqoricensi.
1791 393 1992 432 Significavit
2016 397 2107 426 nobis
2132 399 2231 428 Ram-

1219 439 1381 477 mfflphus,
1435 443 1683 481 archipresbiter
1725 446 1763 475 de
1797 446 1906 476 Veten'
1947 448 2090 483 Marolio,
2126 453 2231 480 rector

1220 492 1348 522 ecclesie
1382 494 1420 523 de
1453 495 1679 531 Subterranea,
1713 498 1951 529 Lemovicensis
1974 501 2117 536 diocesis,
2143 504 2229 541 quod

1219 544 1294 574 olim
1315 545 1414 576 felicis
1436 549 1664 579 recordationis
1690 551 1895 582 Innocentius
1912 562 2007 592 papa,
2028 555 2231 592 predecessor

1219 600 1336 632 noster,
1374 599 1433 629 tibi
1461 600 1599 630 faciendi
1626 604 1723 641 recipi
1750 605 1782 633 in
1811 605 2063 644 Petragoricensi
2099 608 2230 638 ecclesia

1219 650 1342 680 dictum
1354 652 1393 681 R.
1413 653 1445 682 in
1456 655 1646 684 canonicum
1664 659 1696 685 et
1709 657 1740 685 in
1751 657 1895 692 fratrem,
1913 662 1945 688 et
1963 660 2153 697 providendi
2170 661 2230 690 sibi

1219 703 1257 732 de
1277 706 1488 742 proventibus
1507 707 1606 745 ipsius
1625 709 1764 743 ecclesie,
1784 710 1867 740 sicut
1887 720 1987 741 unum
2001 721 2041 742 ex
2054 713 2123 742 aliis
2137 723 2230 743 cano-

1219 756 1297 786 nicis
1313 757 1412 795 ipsius
1429 759 1568 794 ecclesie,
1585 761 1611 789 si
1626 761 1686 790 tibi
1703 764 1735 790 et
1750 763 1868 801 majori
1884 765 1969 802 parti
1985 766 2129 803 ejusdem
2145 767 2228 805 capi-

1217 809 1277 838 tuli
1306 810 1457 848 placeret,
1482 821 1605 842 necnon
1634 816 1667 843 et
1696 816 1948 846 contradictores
1977 827 2034 856 per
2062 828 2230 849 censuram

1217 863 1475 899 ecclesiasticam,
1508 866 1723 904 appellatione
1763 869 1954 907 postposita,
1996 873 2228 909 compescendi,

1219 925 1281 944 non
1300 917 1451 946 obstante
1468 918 1569 955 partis
1587 920 1842 950 contradictione
1859 922 2000 956 minoris,
2019 923 2152 953 liberam
2169 926 2229 954 sub

1217 971 1304 998 certa
1331 969 1433 999 forma
1462 972 1618 1000 concessit
1637 982 1694 1010 per
1711 982 1785 1002 suas
1804 974 1928 1004 litteras
1948 975 2149 1010 facultatem,
2178 978 2227 1006 vel

1216 1022 1243 1051 si
1261 1022 1464 1060 predecessor
1480 1023 1547 1061 ipse
1565 1024 1597 1053 in
1616 1026 1728 1055 eadem
1746 1027 1877 1056 ecclesia
1896 1037 1953 1065 pro
1971 1028 2040 1058 aliis
2068 1029 2229 1059 direxerat

1216 1075 1335 1113 scripta
1368 1085 1436 1109 sua,
1470 1079 1528 1105 aut
1560 1078 1647 1115 quod
1693 1079 1798 1108 dictus
1831 1080 1871 1109 R.
1904 1081 1983 1110 alias
2016 1082 2227 1112 beneficiatus

1217 1127 1338 1161 existit,
1361 1129 1412 1157 vel
1435 1129 1461 1158 si
1484 1130 1626 1167 personis
1649 1131 1793 1169 ejusdem
1816 1133 1945 1162 ecclesie
1968 1133 2051 1163 foret
2070 1135 2111 1164 ab
2127 1136 2229 1173 Apos-

1216 1180 1314 1210 tolica
1357 1181 1436 1211 Sede
1474 1182 1637 1212 indultum
1666 1185 1752 1222 quod
1780 1185 1821 1214 ad
1849 1187 2065 1224 receptionem
2093 1188 2229 1226 alicujus

1217 1233 1349 1263 minime
1372 1237 1568 1270 tenerentur,
1592 1246 1647 1266 seu
1671 1238 1758 1275 quod
1777 1240 2059 1274 excommunicari,
2075 1241 2227 1279 suspendi

1217 1287 1268 1316 vel
1293 1287 1441 1317 interdici
1466 1297 1529 1318 non
1555 1292 1686 1327 possent
1711 1299 1768 1328 per
1791 1291 1915 1320 litteras
1941 1292 2019 1321 dicti
2046 1293 2145 1327 Sedis,
2166 1294 2226 1323 nisi

1218 1340 1311 1378 plena
1335 1344 1367 1370 et
1391 1350 1539 1379 expressa
1562 1342 1594 1371 in
1618 1343 1662 1372 eis
1686 1343 1724 1372 de
1747 1343 1873 1373 indulto
1897 1345 2083 1383 hujusmodi
2106 1347 2228 1376 mentio

1218 1393 1400 1423 haberetur.
1412 1395 1532 1424 Verum
1551 1404 1625 1424 cum
1643 1405 1661 1425 a
1680 1398 1712 1425 te
1731 1396 1873 1434 capitulo
1892 1398 2022 1427 ecclesie
2040 1399 2226 1436 supradicte

1217 1451 1255 1477 ut
1300 1448 1438 1477 eundem
1473 1448 1512 1477 P..
1547 1448 1735 1486 reciperent,
1769 1449 1906 1478 fuissent
1949 1450 2054 1488 plures
2097 1452 2228 1481 termini

1217 1501 1382 1539 assignati,
1415 1510 1455 1530 ex
1493 1503 1585 1539 parte
1618 1501 1761 1539 ipsomm
1794 1511 1982 1540 responsum
2006 1504 2117 1533 extitit
2142 1506 2229 1543 quod

1217 1553 1381 1592 prefatum
1400 1554 1439 1583 R.
1469 1554 1664 1583 nullatemus
1704 1555 1892 1593 reciperent,
1923 1555 1982 1585 nisi
2006 1557 2229 1595 superveniret

1217 1607 1341 1636 coactio
1366 1615 1464 1645 quam
1500 1607 1622 1636 evitare
1647 1617 1710 1637 non
1743 1610 1885 1646 possent,
1914 1608 1988 1638 licet
2016 1611 2128 1639 contra
2158 1619 2227 1648 per-

1216 1669 1328 1689 sonam
1352 1660 1452 1699 ipsius
1488 1660 1583 1689 nichil
1616 1661 1767 1690 duxerint
1797 1662 2064 1700 proponendum;
2096 1665 2229 1701 propter

1216 1713 1303 1752 quod
1335 1713 1440 1742 dictus
1474 1714 1512 1742 R.
1540 1714 1578 1742 de
1611 1714 1714 1751 gratia
1748 1714 1817 1752 ipsa
1842 1714 1966 1744 nullum
1989 1715 2095 1745 adhuc
2119 1724 2226 1746 como-

1216 1766 1294 1795 dum
1316 1766 1506 1804 reportavit.
1532 1766 1687 1802 Quocirca
1710 1766 1908 1796 fraternitati
1937 1770 1992 1797 tue
2010 1777 2067 1806 per
2095 1771 2226 1806 aposto-

1214 1819 1274 1848 lica
1304 1819 1423 1858 scripta
1453 1819 1485 1848 in
1505 1819 1627 1848 virtute
1644 1819 1826 1849 obedientie
1857 1820 2002 1849 districte
2020 1821 2226 1859 precipiendo

1214 1873 1407 1901 mandamus
1436 1873 1600 1910 quatinus,
1635 1872 1719 1901 veris
1761 1873 1976 1902 existentibus
2013 1874 2219 1912 supradictis,

1212 1925 1319 1963 ipsum
1339 1925 1372 1954 in
1394 1926 1506 1955 eadem
1528 1926 1659 1955 ecclesia
1681 1925 1778 1963 recipi
1796 1926 1827 1954 in
1845 1926 2036 1956 canonicum
2055 1929 2088 1955 et
2106 1927 2138 1956 in
2158 1927 2223 1957 fra-

1212 1980 1306 2012 trem,
1338 1981 1371 2007 et
1403 1979 1441 2007 de
1464 1978 1676 2016 proventibus
1707 1979 1806 2016 ipsius
1837 1979 1967 2008 ecclesie
1993 1979 2077 2008 sicut
2103 1980 2158 2009 uni
2184 1989 2224 2009 ex

1211 2031 1281 2060 aliis
1299 2032 1444 2069 ejusdem
1462 2031 1591 2060 ecclesie
1612 2031 1783 2065 canonicis,
1795 2031 1823 2060 ei
1840 2041 1897 2069 per
1912 2034 1945 2061 te
1967 2032 2018 2061 vel
2041 2041 2097 2070 per
2118 2032 2217 2062 alium

1210 2083 1309 2114 facias
1332 2084 1503 2123 provideri.
1528 2084 1599 2113 Non
1623 2085 1774 2113 obstante
1813 2084 1839 2113 si
1870 2094 1927 2122 pro
1954 2085 2023 2114 aliis
2050 2085 2082 2114 in
2110 2086 2222 2115 eadem

1210 2138 1341 2167 eeclesia
1370 2137 1545 2166 direximus
1572 2137 1691 2175 scripta
1721 2140 1829 2166 nostra
1858 2138 1975 2176 quibus
1999 2138 2123 2167 nullum
2145 2148 2221 2168 auc-

1210 2191 1344 2220 toritate
1355 2191 1553 2228 presentium
1563 2190 1777 2228 prejudicium
1786 2190 1930 2228 generari
1939 2191 1995 2228 (1),
2016 2191 2066 2219 vel
2077 2191 2103 2220 si
2117 2191 2220 2220 eidem

1211 2244 1353 2282 capitulo
1375 2253 1393 2272 a
1417 2244 1496 2273 Sede
1516 2243 1702 2281 Apostolica
1721 2243 1763 2272 sit
1779 2243 1941 2272 indultum
1962 2244 2049 2281 quod
2060 2244 2101 2273 ad
2113 2253 2219 2282 recep-

1210 2297 1333 2326 tionem
1366 2297 1417 2325 vel
1460 2296 1677 2334 provisionem
1711 2296 1847 2334 alicujus
1882 2305 1938 2334 per
1971 2296 2096 2326 litteras
2132 2297 2218 2326 dicte

1211 2350 1300 2380 Sedis
1328 2349 1459 2378 minime
1485 2351 1667 2383 teneantur,
1694 2349 1744 2377 vel
1768 2349 1855 2387 quod
1881 2349 2039 2383 interdici,
2065 2350 2217 2388 suspendi

1209 2403 1260 2432 vel
1290 2402 1561 2432 excommunicari
1600 2411 1663 2431 non
1704 2402 1828 2440 possint
1860 2411 1915 2439 per
1958 2402 2082 2431 litteras
2129 2403 2218 2432 Sedis

1209 2456 1354 2494 ejusdem
1379 2458 1436 2485 aut
1461 2455 1606 2493 qualibet
1624 2455 1822 2493 indulgentia
1845 2455 1943 2493 ipsius
1967 2455 2056 2485 Sedis
2079 2456 2218 2493 generali

1209 2510 1258 2540 vel
1281 2509 1410 2547 speciali
1432 2509 1652 2546 cujuscunque
1665 2507 1785 2537 tenoris
1805 2508 1935 2541 existat,
1957 2517 2013 2546 per
2028 2517 2126 2546 quam
2146 2518 2217 2546 pro-

1208 2564 1353 2593 sentibus
1389 2571 1453 2591 non
1487 2569 1671 2600 expressam
1706 2561 1756 2589 vel
1794 2561 1939 2590 totaliter
1964 2570 2027 2590 non
2063 2561 2216 2591 insertam

1208 2616 1343 2646 effectus
1370 2615 1566 2654 presentium
1593 2614 1836 2652 quomodolibet
1859 2614 2007 2652 impediri
2035 2614 2143 2643 valeat
2165 2614 2215 2643 vel

1208 2669 1340 2702 differri,
1364 2671 1422 2698 aut
1445 2668 1531 2706 quod
1574 2667 1669 2695 idem.
1695 2667 1733 2695 R.
1757 2667 1835 2695 alias
1859 2666 2070 2696 beneficiatus
2093 2667 2214 2695 existit.

1208 2722 1468 2752 Contradictorcs
1508 2723 1568 2749 etc.
1608 2720 1683 2748 Dat.
1712 2719 1858 2753 viterbii,
1902 2720 1967 2748 IIII
2009 2728 2108 2748 nonas
2127 2722 2216 2748 ocio—

1208 2776 1283 2809 bris‚
1309 2784 1394 2804 anno
1420 2776 1546 2813 quarto.
1574 2784 1584 2799 n

1241 2939 1260 2960 l.
1281 2937 1299 2959 ll
1317 2945 1427 2967 manquc
1448 2937 1479 2959 ici
1497 2945 1528 2959 un
1550 2939 1601 2959 mut
1619 2937 1650 2959 101
1670 2944 1737 2965 illic:
1755 2937 1886 2959 uolumus,

2058 3146 2104 3172 102
