2477 3512
986 290 1189 330 slxlEME
1214 292 1382 330 ANNEE
2157 304 2219 336 123

142 417 156 433 «
177 429 197 436 ..
220 403 336 435 abbati
366 401 580 437 Crudatensi,
609 402 741 433 ordinis
763 402 881 434 Sancti
901 402 1106 444 Auyustini.

96 459 147 489 et..
178 455 348 499 preposito
386 454 592 490 Brivatensi,
627 454 914 487 Claromontensis
952 455 1106 487 diocesis.

95 508 300 542 Laudabilis
323 507 444 548 religio
469 517 537 548 que
560 526 605 529 —
627 507 744 539 irritos
768 511 804 540 et
827 508 949 539 inanes
966 507 990 539 ².
1017 507 1106 547 Quo,

95 562 185 594 circa
214 561 427 593 mandamus
456 560 626 601 quatinus
654 570 717 592 vos
746 560 801 592 vel
830 560 920 592 alter
947 563 1107 592 vestrum

98 615 266 646 abbatem
307 616 343 645 et
383 615 612 649 conventum,
655 613 798 654 priores,
841 613 1033 645 monachos
1072 615 1108 644 et

94 676 282 699 conversos
309 666 450 698 eosdem
479 675 539 697 seu
568 666 836 703 monasterium,
866 666 1045 708 prioratus
1072 668 1108 697 et

98 720 256 752 membra
282 719 440 761 predicta
467 721 590 750 contra
617 719 851 751 concessionis
876 721 911 751 et
936 719 1111 750 constitu·

96 773 202 805 tionis
220 775 339 804 nostre
357 774 518 804 tenorem
538 781 608 803 non
628 772 846 813 permittatis
865 772 910 803 ab
930 771 1107 813 aliquibus

96 825 252 858 indebite
271 825 461 862 molestari,
483 834 551 856 non
571 825 736 856 obstante
755 844 809 856 —.
830 825 913 856 Dat.
933 825 1104 866 Anagnie,

96 879 164 910 XV
186 879 254 910 kal.
279 878 456 914 februarii,
481 887 573 908 anno
597 880 708 909 sexto.
734 890 746 905 »

174 1024 265 1051 3158
570 1025 704 1058 Anagni,
730 1026 766 1053 13
787 1026 912 1059 janvier
935 1027 1023 1054 1260.

133 1078 280 1104 Praefato
299 1077 396 1104 Casae
415 1078 472 1104 Dei
490 1079 681 1105 monasterio
700 1079 799 1105 simile
817 1079 1014 1113 privilegium
1033 1088 1105 1107 con-

90 1122 173 1149 cedit
192 1129 228 1148 ac
247 1124 281 1148 ut
303 1129 397 1155 supra
417 1129 442 1148 c.
463 1122 500 1148 97
521 1122 570 1155 (11ο
590 1123 692 1154 3156),
713 1123 834 1150 omissis
853 1125 980 1150 tantum
1001 1125 1103 1151 verbis

91 1176 102 1189 α
117 1168 153 1193 et·
164 1166 259 1193 etiam
276 1166 350 1192 dum
367 1166 406 1193 ad
423 1166 580 1200 prioratus
597 1169 627 1193 et
645 1167 786 1194 membra
802 1168 869 1201 ipsa
885 1168 1000 1194 iverint
1016 1170 1046 1195 et
1064 1170 1103 1196 ab

90 1210 149 1237 illis
165 1210 312 1237 redierint
330 1221 340 1233 »
357 1217 393 1237 ae
410 1221 420 1233 α
436 1211 494 1236 nisi
511 1211 542 1236 in
559 1211 661 1237 eundo
678 1213 709 1238 et
726 1212 885 1238 redeundo
903 1222 913 1235 »
930 1213 970 1239 ad
987 1222 997 1235 «
1010 1213 1104 1239 eccle-

89 1255 216 1281 siastica
234 1255 368 1281 exerceri
387 1265 406 1281 ».
426 1255 523 1288 (Bm.
543 1256 591 1286 25,
611 1255 630 1281 f.
650 1256 707 1282 253
726 1259 772 1288 νῦ,
791 1263 840 1282 an.
861 1256 915 1288 VI,
935 1264 960 1283 c.
980 1257 1042 1290 98.)

136 1357 149 1373 «
175 1370 194 1376 ..
222 1344 338 1376 abbati
364 1346 392 1375 et
418 1345 595 1376 conventui
621 1345 818 1376 monasterii
848 1346 932 1377 Case
955 1347 1030 1383 Dei,
1059 1348 1103 1379 ait

92 1398 283 1430 Romanam
302 1397 487 1429 Ecclesiam
505 1397 599 1429 nullo
616 1398 724 1429 medio
740 1398 952 1440 pertinentis,
970 1400 1101 1432 ordinis

92 1451 210 1483 Sancti
241 1450 426 1487 Benedicti,
460 1450 748 1482 Claromontensis
778 1451 930 1484 diocesis.
962 1453 1101 1485 Lauda-

90 1504 168 1536 bilis
190 1504 308 1545 religio
331 1514 397 1545 que
419 1522 474 1535 ——.
498 1503 580 1535 Dat.
604 1504 775 1544 Anagnie,
798 1505 915 1536 idibus
934 1505 1099 1546 januarii,

89 1566 184 1589 anno
211 1559 322 1588 sexto.
353 1569 365 1584 »

174 1712 264 1738 3159
565 1713 700 1747 Anagni,
725 1714 762 1741 18
783 1714 907 1748 janvier
932 1715 1018 1742 1260.

134 1765 240 1792 Sancti
264 1766 431 1792 Theofredi
454 1768 485 1793 et
510 1767 617 1794 Sancti
642 1767 726 1794 Petri
751 1768 788 1794 de
813 1768 906 1795 Curte
930 1769 1101 1796 abbatibus

92 1810 223 1836 mandat
241 1812 275 1836 ut
293 1811 417 1837 eosdem
435 1811 530 1838 Casae
548 1811 605 1837 Dei
621 1811 779 1844 religiosos
795 1814 905 1839 contra
921 1813 1101 1846 praedictae

93 1855 299 1880 concessionis
315 1856 456 1881 tenorem
472 1856 511 1881 ab
527 1855 632 1888 aliquo
648 1856 808 1883 molestari
823 1864 885 1883 non
901 1858 1099 1891 permittant.

91 1898 188 1932 (Rea.
207 1898 255 1930 25,
273 1899 293 1925 f.
312 1899 370 1926 253
386 1902 433 1931 νο,
451 1907 500 1926 an.
519 1899 574 1931 VI,
592 1907 616 1926 c.
636 1900 747 1931 98bis.)

138 1999 150 2014 ι(
181 2011 200 2018 ..
233 1986 350 2018 Sancti
384 1987 571 2028 Theolredi,
603 1988 734 2019 ordinis
766 1988 882 2020 Sancti
912 1989 1098 2027 Benedicti,

93 2039 294 2071 Anicicnsis
332 2040 483 2077 diocesis,
523 2043 574 2072 et..
612 2041 775 2072 secularis
813 2042 944 2074 ecclesie
983 2042 1099 2075 Sancti

90 2092 184 2124 Petri
222 2093 261 2124 de
301 2093 402 2125 Curte
440 2093 640 2125 Aniciensis
680 2094 1099 2128 abbatibus.Laudabilis

90 2145 209 2187 religio
237 2155 304 2187 que
331 2165 385 2178 -.
415 2147 498 2178 Dat.
526 2147 696 2187 Anagnie‚
727 2147 794 2178 XV
821 2148 890 2180 kal.
919 2149 1095 2187 februarii,

92 2207 185 2230 anno
210 2201 323 2231 sexto.
352 2211 365 2228 »

175 2352 263 2379 3160
607 2354 742 2388 Anagni,
765 2355 783 2381 4
804 2355 907 2389 juillet
931 2357 1018 2385 1260.

133 2406 253 2433 Abbati
274 2408 306 2433 et
327 2407 498 2434 conventui
520 2408 701 2435 monasterii
724 2408 858 2436 Sanctae
879 2410 996 2437 Mariae
1019 2411 1100 2438 Ebo-

93 2450 228 2477 racensis
249 2451 391 2484 indulget
413 2453 449 2478 ut
470 2451 501 2478 in
523 2452 657 2478 ecelesiis
680 2454 710 2479 et
732 2453 858 2487 capellis
880 2462 998 2486 eorum,
1020 2455 1101 2483 sieut

94 2495 246 2521 hactenus
264 2495 385 2529 possint
402 2503 457 2529 per
474 2496 652 2530 capellanos
670 2497 811 2531 proprios
830 2490 984 2525 deservire
1003 2500 1102 2533 quod-

95 2546 165 2574 que,
185 2539 258 2573 ipsis
278 2539 397 2572 invitis,
417 2540 449 2566 in
468 2540 610 2567 futurum
632 2541 765 2568 vicariae
786 2543 888 2569 taxari
908 2551 960 2569 seu
978 2544 1102 2570 institu-

94 2583 238 2618 perpetui
256 2583 364 2610 vicarii
384 2591 446 2611 non
466 2585 593 2612 valeant
614 2585 644 2611 in
665 2586 790 2613 eisdem.
818 2587 915 2621 (Rea.
935 2588 983 2619 25,
1004 2588 1023 2614 f.
1045 2589 1101 2615 254

95 2635 144 2654 an.
163 2628 217 2660 VI,
235 2635 260 2654 c.
279 2628 341 2662 99.)

142 2727 155 2743 «
180 2740 199 2746 ..
225 2715 340 2747 abbati
366 2718 393 2747 et
418 2717 595 2748 conventui
619 2719 817 2750 monasterii
842 2719 963 2751 Sancte
986 2720 1104 2752 Marte

98 2767 334 2806 EboracensiS‚
359 2770 490 2801 ordinis
515 2770 631 2802 Sancti
654 2771 839 2803 Benedicti.
865 2772 1005 2804 Ordinis
1028 2783 1103 2805 vcs-

99 2821 144 2852 tri
175 2824 329 2853 meretur
359 2841 412 2854 ——.
446 2823 529 2854 Dat.
562 2824 731 2865 Anagnie,
768 2825 841 2856 1111
874 2836 985 2858 nonas
1013 2827 1102 2867 julii,

97 2883 190 2906 anno
217 2877 329 2907 sexto.
358 2888 370 2904 »

130 2975 152 2995 1.
171 2975 205 2996 Le
222 2979 326 3000 passage
343 2975 373 2997 lcl
391 2976 517 3001 supprime
535 2976 599 2997 n‘est
617 2982 665 3002 que
683 2977 706 2997 lu
722 2978 901 3003 reproductton
917 2979 951 3000 du
969 2979 1105 3001 document

98 3010 232 3035 precedent
245 3015 266 3031 c.
281 3010 311 3031 97
325 3010 365 3036 (n0
378 3011 460 3036 3156).

1297 402 1379 428 3161
1763 404 1897 437 Anagni,
1920 405 1936 431 9
1958 405 2026 438 juin
2050 406 2137 433 1260.

1255 463 1381 489 Eisdem
1405 463 1545 497 indulget
1569 466 1603 491 ut
1626 466 1796 498 perpetuae
1819 465 1953 492 vicariae
1976 466 2006 492 in
2030 467 2218 500 quibusdam

1213 506 1347 533 ecclesiis
1375 507 1406 533 in
1436 508 1549 542 quibus
1575 508 1626 541 jus
1654 511 1843 542 patronatus
1871 510 1990 536 habent
2019 518 2158 545 quasque
2186 512 2217 538 in

1214 558 1287 577 usus
1305 552 1447 585 proprios
1466 552 1613 579 canonice
1632 553 1788 585 obtinent,
1808 555 1937 580 taxatae
1957 554 1994 580 de
2013 554 2218 588 proventibus

1213 595 1410 628 portionibus
1448 597 1590 629 congruis
1628 597 1751 623 vicariis
1789 598 1949 624 servituris
1987 598 2163 632 assignatis,
2201 607 2218 626 a

1214 646 1376 673 quoquam
1407 641 1604 673 augmentari
1635 649 1697 667 non
1727 642 1857 675 possint.
1890 642 1986 675 (Bm.
2019 642 2067 674 25,
2097 643 2118 668 f.
2150 643 2219 674 254,

1213 691 1262 710 an.
1284 684 1339 715 Vl,
1359 685 1387 710 d.
1409 684 1449 717 c.)

1260 785 1271 799 «
1294 797 1312 803 ..
1336 772 1451 804 abbati
1479 775 1506 804 et
1533 774 1709 805 conventui
1736 775 1932 806 monasterii
1962 775 2082 807 Sancte
2102 774 2219 806 Marie

1214 825 1449 863 Eboracensis‚
1467 825 1598 858 ordinis
1616 826 1732 858 Sancti
1748 827 1934 859 Benedicti.
1952 828 2085 859 Meritis
2101 830 2216 859 vestre

1214 878 1414 910 devotionis
1440 898 1494 910 κ.
1524 879 1607 911 Dat.
1636 879 1806 920 Anagnie,
1836 880 1866 911 V
1893 880 1971 911 idus
1997 881 2097 921 junii,
2126 890 2218 912 anno

1211 934 1324 962 sexto.
1347 944 1358 960 »

1293 1135 1382 1161 3162
1762 1137 1895 1170 Anagni‚
1918 1137 1935 1162 4
1957 1136 2026 1169 juin
2050 1136 2136 1163 1260.

1252 1197 1379 1223 Eisdem
1413 1197 1556 1223 concedit
1590 1198 1625 1223 ut
1660 1197 1773 1229 nullus,
1807 1199 1917 1224 contra
1950 1197 2112 1231 privilegia
2145 1197 2219 1231 ipsis

1211 1248 1368 1272 concessa,
1394 1242 1430 1267 de
1455 1241 1537 1273 lana,
1562 1241 1643 1268 lacte
1668 1243 1698 1267 et
1723 1252 1734 1264 «
1758 1242 1845 1274 agnis
1869 1249 1976 1268 eorum
2001 1241 2184 1268 animalium
2209 1252 2219 1265 u

1210 1285 1241 1311 in
1266 1286 1425 1312 conductu
1450 1293 1502 1311 seu
1527 1286 1777 1319 quibuscumque
1801 1286 1924 1319 paseu1s
1947 1286 2155 1319 pascentium,
2179 1286 2218 1313 ab

1209 1329 1284 1363 ipsis
1300 1330 1436 1356 decimas
1452 1330 1572 1363 exigere
1588 1332 1779 1363 praesumat.
1796 1330 1893 1363 (Res.
1910 1330 1958 1361 25,
1975 1330 1994 1356 f.
2012 1330 2080 1362 254,
2097 1337 2146 1356 an.
2163 1330 2218 1361 VI,

1209 1375 1238 1401 d.
1260 1375 1301 1407 c.)

1254 1476 1267 1491 α
1300 1463 1449 1495 Eis-dein.
1485 1464 1607 1495 Vestre
1643 1464 1776 1495 meritis
1810 1464 2009 1495 devotionis
2042 1483 2096 1495 —.
2132 1463 2216 1495 Dat.

1209 1517 1379 1557 Anagnie,
1409 1517 1441 1548 ΙΙ
1467 1526 1587 1553 nonas,
1612 1517 1701 1558 junii
1725 1527 1817 1548 311110
1841 1520 1953 1549 sexto.
1980 1530 1992 1545 n

1290 1719 1381 1745 3163
1714 1718 1848 1752 Anagni,
1873 1719 1889 1745 5
1912 1718 2026 1745 fevrier
2048 1717 2135 1744 1260.

1249 1781 1440 1808 Monasterio
1468 1781 1496 1808 S.
1524 1781 1640 1808 Mariae
1667 1781 1703 1807 dc
1728 1781 1840 1813 Viano,
1866 1780 2050 1813 Anagninae
2077 1779 2217 1811 diocesis,

1207 1826 1368 1851 ecclesiam
1393 1826 1421 1852 S.
1449 1826 1588 1852 Silvestri
1613 1826 1650 1852 de
1677 1825 1870 1856 Pocomario,
1886 1824 2059 1851 Verulanae
2076 1823 2217 1855 diocesis,

1207 1871 1248 1896 ad
1268 1870 1411 1896 Andreae
1431 1870 1567 1903 epiScopi
1586 1871 1617 1895 et
1635 1869 1765 1903 capituli
1784 1869 2012 1895 Verulanorum
2031 1867 2216 1894 instantiam

1208 1914 1363 1943 concedit.
1394 1914 1642 1947 procuratoriam
1672 1914 1711 1940 ab
1741 1913 1814 1946 ipsis
1843 1913 1988 1946 episcopo
2018 1914 2048 1938 et
2077 1911 2216 1945 capitulo

1208 1959 1357 1991 magistro
1387 1959 1478 1984 Petro
1506 1958 1675 1989 Anastasii,
1703 1965 1810 1984 eorum
1836 1957 2057 1987 concanonico,
2085 1956 2134 1982 die
2170 1956 2216 1982 11a

1207 2003 1367 2034 februarii,
1398 2010 1480 2028 311110
1513 2002 1589 2028 1260
1620 2003 1729 2028 datam
1759 2002 1851 2028 inseri
1881 2001 2006 2027 taciens.
2038 2001 2135 2033 (REO.
2166 1999 2215 2031 25,

1207 2048 1228 2074 f.
1246 2047 1315 2079 254,
1333 2054 1382 2073 an.
1401 2047 1455 2079 Vl,
1473 2054 1496 2073 c.
1517 2047 1597 2079 100.)

1253 2149 1264 2164 κ
1305 2161 1324 2167 ..
1365 2136 1535 2167 abbatisse
1574 2138 1601 2166 et
1640 2135 1816 2167 conventui
1855 2134 2054 2166 monasterii
2094 2133 2215 2165 Sancte

1206 2188 1323 2220 Marie
1354 2189 1392 2220 de
1430 2189 1552 2226 Viano,
1585 2189 1717 2220 ordinis
1750 2188 1866 2220 Sancti
1901 2187 2085 2225 Benedicti,
2119 2187 2215 2218 Ana-

1207 2242 1310 2284 gnine
1329 2241 1481 2273 diocesis.
1504 2242 1580 2273 Etsi
1600 2242 1643 2273 de
1668 2241 1840 2273 universis
1858 2260 1912 2272 —.
1934 2241 2017 2272 Dat.
2042 2239 2213 2281 Anagnie,

1206 2295 1308 2327 nonis
1331 2295 1510 2332 februarii,
1534 2304 1627 2326 anno
1649 2297 1761 2326 sexto.
1786 2307 1798 2322 »

1250 2520 1340 2546 3164
1663 2520 1797 2554 Anagni,
1822 2520 1858 2547 10
1880 2520 1981 2553 juillet
2006 2519 2092 2546 1260.

1252 2583 1433 2617 Praeposito
1450 2583 1595 2609 ecclesiae
1612 2583 1640 2609 S.
1659 2583 1852 2617 Euphemiae
1870 2580 2214 2608 Placentinaemandat

1211 2630 1245 2654 ut
1264 2627 1489 2653 monasterium
1509 2628 1537 2653 S.
1559 2627 1638 2653 Sixti
1660 2627 1844 2658 Placentini,
1863 2626 1978 2653 ordinis
1999 2626 2027 2652 S.
2040 2624 2212 2655 Benedicti,

1212 2672 1236 2698 si
1261 2672 1292 2698 in
1317 2679 1372 2697 suo
1399 2672 1506 2697 ordine
1532 2672 1693 2698 reformari
1718 2673 1865 2705 nequeat,
1891 2671 2069 2697 abbatissae
2090 2671 2119 2694 et
2141 2675 2212 2694 con-

1212 2716 1322 2742 ventui
1351 2716 1534 2742 monialium
1563 2716 1755 2742 inclusarum
1785 2715 1966 2741 monasterii
1986 2715 2013 2740 S.
2045 2712 2210 2743 Francisci,

1212 2761 1328 2787 ordinis
1358 2761 1385 2786 S.
1417 2760 1573 2791 Damiani,
1601 2760 1744 2793 ejusdem
1772 2760 1840 2791 loci,
1869 2760 2019 2785 conserat.
2048 2758 2144 2790 (Hm.
2174 2757 2212 2782 25

1209 2805 1229 2832 f.
1245 2805 1302 2831 254
1318 2808 1364 2836 νο,
1379 2812 1428 2831 an.
1445 2804 1499 2836 VI,
1514 2812 1539 2830 c.
1557 2804 1609 2831 101
1628 2812 1634 2836 ;
1651 2804 1822 2830 PorTHAsr
1839 2804 1958 2836 17918.)

1255 2909 1268 2926 «
1285 2921 1305 2929 ..
1322 2896 1492 2939 preposito
1510 2895 1641 2927 ecclesie
1660 2896 1780 2927 Sancte
1796 2894 1985 2936 Euplieniie
2002 2892 2210 2924 Placentiae.

1209 2950 1263 2982 Ad
1295 2952 1452 2980 nostram
1484 2949 1622 2980 noveris
1651 2968 1705 2980 —.
1739 2949 1820 2979 Dat.
1853 2946 2021 2987 Anagnie,
2054 2946 2102 2977 VI
2132 2945 2212 2977 idus

1209 3003 1297 3043 julii,
1322 3012 1414 3033 311110
1435 3005 1546 3033 sexto.
1571 3015 1582 3029 υ
