2477 3512
980 272 1183 312 SIXIEME
1208 272 1375 311 ANNEE
2175 281 2237 314 125

121 396 184 418 vos
221 386 266 417 ad
304 385 350 422 id,
389 385 583 417 monitione
622 384 801 426 premissa,
841 394 902 426 per
939 393 1123 416 censuram

121 438 405 475 ecclesiasticam,
450 436 687 479 appellatione
731 440 878 474 remota,
921 436 1122 478 compellat.

120 492 202 523 Dat.
235 491 404 532 Anagnie‚
438 490 524 522 XVI
556 489 624 522 kal.
657 490 809 531 augusti,
841 499 934 521 anno
975 492 1087 521 sexto.
1114 500 1127 517 »

199 609 289 634 3173
645 608 778 641 Anagni,
802 608 840 635 23
862 607 925 634 mai
948 607 1035 634 1259.

158 661 399 696 Archiepiseopo
439 661 672 688 Tarantasiensi
711 661 843 688 mandat
883 662 919 687 ut
957 660 1120 687 ecclesiam

119 706 276 739 Ripaltae,
311 706 428 732 ordinis
463 706 492 732 S.
528 705 707 739 Augustini,
743 704 942 732 Taurinensis
977 704 1119 736 diocesis,

118 757 189 776 cum
203 750 351 776 membris
365 750 517 783 eJ'usdem,
533 750 570 776 de
585 749 790 780 Cisterciensi‚
805 749 830 775 si
844 749 875 775 in
889 756 945 775 suo
960 749 1122 775 reformari

118 801 181 820 non
196 794 306 827 possit,
323 794 430 820 ordine
446 794 613 820 reformare
630 793 757 820 studeat
774 795 804 819 et
821 793 1000 826 praeposito
1017 792 1122 819 dictae

118 838 263 864 ecclesiae
279 838 316 864 de
333 838 421 864 bonis
437 838 578 871 ejiisdem
593 837 769 871 provideat.
787 837 883 869 (Bm.
901 837 950 867 25,
966 836 986 863 f.
1000 837 1058 863 255
1073 841 1119 869 vo,

116 890 166 909 an.
184 882 240 914 VI,
257 890 282 908 c.
301 882 358 909 110
372 881 409 915 1.)

161 984 174 1000 «
203 997 222 1004 ..
252 971 504 1013 archiepiscopo
535 971 806 1002 Tarantasiensi.
837 971 923 1002 Cum
952 970 1043 1001 sicut
1072 969 1123 1001 di—

113 1025 204 1056 lecto
240 1024 313 1056 filio
349 1049 369 1056 ..
406 1024 585 1066 preposito
621 1023 762 1055 ecclesie
799 1024 952 1065 Ripalte,
990 1022 1121 1054 ordinis

115 1078 235 1109 Sancti
260 1077 460 1118 Augustini,
488 1077 713 1108 Taurincnsis
739 1077 896 1113 diocesis,
922 1076 1122 1117 accepimus

114 1133 325 1172 exponente,
350 1130 493 1162 ecclesia
516 1130 591 1171 ipsa
615 1140 694 1161 cum
719 1130 885 1161 membris
907 1129 994 1170 ejus,
1018 1138 1123 1170 prop—

113 1175 167 1215 ter
207 1183 431 1225 quarundam
473 1193 702 1224 personarum
743 1182 902 1223 ejusdem
948 1181 1122 1213 malitiam

114 1239 149 1268 et
171 1245 376 1278 guerrarum
399 1236 560 1268 incursus
582 1228 796 1277 frequentes,
821 1235 855 1266 111
878 1234 1123 1277 spiritualibus

114 1292 150 1321 et
179 1289 435 1331 temporalibus
465 1289 510 1320 sit
541 1289 706 1330 collapsa,
739 1298 812 1325 nos,
843 1288 1053 1319 dilectorum
1082 1286 1123 1318 fi-

113 1342 239 1374 liorum
271 1344 472 1374 nostrorum
505 1341 676 1383 Hugonis,
712 1341 804 1373 tituli
836 1341 964 1373 Sancte
995 1340 1122 1372 Sabine

114 1395 308 1436 presbiteri,
344 1397 382 1426 et
419 1395 605 1431 Octoboni,
644 1394 764 1426 Sancti
800 1394 947 1426 Adriani
984 1393 1123 1425 diaconi

113 1448 358 1484 cardinalium,
398 1448 560 1489 precibus
598 1447 769 1483 inclinati,
809 1447 1027 1478 fraternitati
1060 1449 1123 1477 tuo

113 1511 174 1542 per
205 1501 399 1542 apostolica
432 1501 563 1542 scripta
598 1501 810 1532 mandamus
844 1500 1013 1541 quatinus
1047 1509 1124 1541 pre-

111 1554 245 1585 dictam
270 1553 452 1585 ccclesiam
478 1563 558 1584 cum
585 1553 752 1585 membris
778 1553 938 1593 ejusdem
964 1553 1120 1588 studeas,

112 1617 192 1639 cum
214 1607 258 1638 ab
280 1607 356 1648 ipso
379 1606 558 1648 preposito
580 1606 687 1638 fueris
710 1606 913 1647 requisitus,
938 1606 979 1636 de
996 1605 1124 1636 Cister-

112 1660 263 1696 ciensi,si
288 1659 324 1691 in
348 1669 410 1691 suo
435 1659 617 1691 reformari
644 1669 713 1690 11011
748 1659 869 1700 possit,
904 1658 1036 1693 ordine,
1063 1667 1124 1699 per

110 1715 147 1745 te
170 1713 225 1745 vel
249 1712 357 1744 alium
381 1721 441 1744 seu
465 1712 551 1744 alios
575 1712 776 1748 reformare,
802 1721 842 1743 ac
866 1711 1053 1753 provideas
1077 1711 1123 1742 ei-

112 1767 192 1798 dem
224 1765 414 1807 preposito,
446 1774 510 1806 pro
541 1764 803 1796 sustentatione
833 1775 907 1801 sua,
941 1765 983 1795 de
1014 1764 1123 1805 ipsius

114 1818 256 1851 ecclesie
288 1817 503 1860 prioratibus
533 1818 589 1849 vel
620 1817 900 1859 possessionibus
931 1827 991 1849 seu
1023 1817 1124 1849 bonis

113 1874 217 1914 prout
245 1872 371 1903 decens
398 1870 503 1902 fuerit
530 1873 563 1902 et
592 1870 658 1902 tibi
685 1870 867 1902 videbitur
892 1870 1067 1912 expedire,
1096 1870 1124 1901 si

112 1925 289 1967 prefatam
316 1923 498 1956 ecclesiam
525 1923 713 1965 contigerit
741 1924 783 1955 de
810 1923 969 1966 predicto
998 1923 1125 1955 Cister-

113 1978 218 2010 ciensi
251 1977 373 2009 ordine
405 1977 611 2013 reformari;
646 1977 834 2009 canonicos
866 1986 948 2008 vero
981 1976 1124 2009 ecclesie

113 2031 260 2073 prefate,
287 2030 347 2072 qui
371 2030 405 2061 in
431 2040 470 2061 ea
496 2031 648 2062 eundern
674 2030 939 2062 Cisterciensem
965 2030 1123 2061 ordinem

114 2084 290 2115 noluerint
310 2083 481 2125 profiteri,
502 2083 646 2114 studeas
665 2083 699 2113 in
720 2083 795 2114 aliis
814 2083 972 2123 ejusdem
993 2082 1123 2114 ordinis

114 2136 233 2168 Sancti
259 2136 449 2177 Augustini
474 2136 627 2167 ecclesiis
652 2135 833 2167 collocare.
861 2136 1013 2167 Ecclesie
1039 2145 1124 2177 quo-

112 2199 179 2231 que
207 2188 414 2220 Taurinensi
443 2198 505 2230 pro
534 2188 674 2229 juribus
702 2189 963 2230 episcopalibus
992 2199 1058 2229 que
1087 2189 1122 2220 111

111 2242 254 2274 ecclesia
288 2244 322 2273 et
357 2241 524 2273 membris
557 2242 725 2283 predictis
759 2242 909 2277 obtinet,
945 2242 986 2273 de
1023 2242 1121 2272 bonis

111 2295 220 2337 ipsius
256 2294 397 2326 ecclesie
435 2294 654 2336 Ripaltensis
690 2297 953 2336 competentem
990 2305 1122 2326 recom-

113 2347 359 2390 pensationem
397 2346 564 2379 exhibeas
602 2349 638 2378 et
677 2347 842 2389 assignes,
883 2348 1122 2379 contradicto-

113 2410 166 2433 res
186 2403 253 2433 etc.
275 2400 358 2432 Dat.
379 2399 549 2441 Anagnie,
572 2399 606 2431 X
625 2400 695 2432 kal.
714 2400 815 2441 junii,
837 2411 929 2432 auno
950 2401 1087 2442 quinto.
1110 2414 1122 2429 »

197 2504 288 2530 3174
609 2505 743 2539 Anagni,
766 2505 802 2532 21
826 2505 929 2539 juillet.
953 2506 1039 2533 1260.

153 2558 266 2585 Eidem
286 2558 400 2584 iterum
421 2558 554 2584 mandat
574 2559 610 2584 ut
630 2558 669 2585 ad
691 2558 794 2585 dictae
815 2558 1006 2593 Ripaltensis
1027 2559 1122 2585 eccle-

116 2602 179 2629 siae
192 2602 448 2629 reformationem
460 2602 554 2635 J'uxta
567 2603 717 2629 traditam
732 2603 790 2629 51111
804 2603 949 2635 formam,
964 2605 1122 2629 summoto

114 2646 282 2679 cujuslibet
305 2646 465 2673 dilationis
487 2648 518 2673 et
541 2646 740 2673 difficultatis
762 2647 936 2681 dispendio,
958 2648 1120 2681 procedat.

114 2691 211 2723 (Bm.
229 2691 277 2723 25,
295 2691 315 2717 f.
332 2691 402 2722 255,
418 2698 468 2717 an.
486 2691 541 2721 VI,
558 2698 582 2717 c.
602 2691 658 2717 110
675 2691 744 2724 bis.)

163 2792 175 2807 «
202 2779 336 2811 Eidem.
367 2780 436 2811 Sua
467 2779 567 2811 1101115
597 2780 745 2811 dilectus
775 2780 891 2812 filius..
923 2781 1122 2823 prepositus

117 2832 258 2864 ecclesie
303 2832 530 2874 Hipaltensis,
578 2833 709 2863 ordinis
754 2833 873 2865 Sancti
920 2834 1121 2874 Augustini,

114 2885 340 2916 Taurinensis
375 2885 532 2921 diocesis,
570 2886 741 2927 petitione
779 2887 991 2917 monstravit:
1027 2887 1120 2928 quod

157 2996 178 3017 1.
200 2996 258 3017 Voir
277 2996 333 3021 plus
347 2996 420 3022 haut,
438 3001 462 3022 p.
477 2996 515 3019 44.
531 2997 597 3017 note.

1232 393 1304 419 nos,
1330 393 1422 415 auno
1446 384 1564 425 elapso
1588 386 1623 415 et
1647 384 1808 425 amplius,
1834 384 1898 416 tibi
1923 386 2084 417 dedimus
2109 387 2237 419 nostris

1230 436 1358 468 litteris
1386 437 1421 467 in
1450 436 1630 468 mandatis
1659 439 1698 467 111
1728 437 1904 478 prefatam
1933 438 2126 475 ecclesiam,
2156 449 2237 471 cum

1232 489 1398 521 0100111115
1424 489 1510 530 ejus,
1539 492 1685 531 propter
1711 490 1936 531 quorundam
1961 490 2070 532 ipsius
2096 492 2237 524 ecclesie

1231 542 1481 574 canonicorum
1529 542 1703 573 malitiam
1748 544 1783 574 et
1828 551 2033 583 guerrarum
2078 544 2237 576 incursus

1231 596 1433 637 frequentes
1458 595 1492 626 in
1517 595 1761 636 spiritualibus
1785 598 1820 626 et
1845 595 2100 637 temporalibus
2125 597 2238 628 defor-

1231 652 1377 685 matam,
1405 648 1439 679 in
1467 658 1529 680 suo
1556 648 1582 679 si
1610 651 1739 689 posset,
1767 648 1923 689 alioquin
1951 649 1992 680 de
2019 649 2238 681 Cisterciensi

1230 702 1361 738 ordine,
1380 701 1539 732 exhibita
1555 701 1761 732 Taurinensi
1779 701 1921 732 ecclesie
1939 711 2000 742 pro
2016 702 2154 742 juribus
2171 713 2238 743 que

1229 755 1264 785 in
1301 765 1340 786 ea
1378 754 1516 785 obtinet
1553 755 1594 785 de
1632 754 1733 785 bouis
1768 753 1877 795 ipsius
1912 755 2238 795 recompensatione

1230 817 1396 849 congrua,
1438 807 1658 838 reformares.
1702 806 1767 837 Sed
1810 809 1860 842 tu,
1904 807 2050 837 diocesis
2091 808 2238 848 negotiis

1231 860 1434 902 impeditus,
1471 869 1606 891 necnon
1642 861 1787 901 propter
1819 868 1963 900 guerras
1997 860 2125 900 quibus
2159 870 2240 902 sepe

1230 914 1323 956 regio
1344 913 1402 945 illa
1423 913 1592 944 turbatur
1611 914 1646 944 et
1667 912 1735 943 alia
1756 912 1865 944 etiam
1885 912 2151 954 impedimenta,
2174 913 2239 945 hiis

1230 967 1423 1003 intendere,
1457 968 1563 1008 prout
1593 965 1687 997 idem
1719 965 1844 996 asserit
1875 965 2085 1007 prepositus,
2119 966 2240 1007 nequi-

1230 1020 1324 1052 visti.
1361 1020 1493 1051 Verum
1529 1018 1611 1060 quia
1647 1018 1739 1049 sicut
1774 1018 1945 1050 relatione
1979 1018 2239 1060 fidedignorum

1230 1073 1441 1115 accepimus,
1459 1072 1583 1103 eadem
1601 1081 1670 1103 non
1689 1074 1807 1113 potest
1824 1071 1968 1103 ecclesia
1985 1071 2020 1102 in
2037 1081 2100 1103 suo
2118 1072 2238 1103 ordine

1230 1125 1422 1161 reformari,
1452 1134 1514 1156 nos
1541 1124 1659 1155 dilecti
1686 1124 1746 1155 filii
1777 1124 1886 1155 nostri
1915 1124 1972 1160 H.,
1994 1124 2089 1155 tituli
2112 1124 2240 1156 Sancte

1231 1178 1359 1210 Sabine
1396 1177 1581 1219 presbiteri
1618 1176 1817 1213 cardinalis,
1863 1177 2025 1218 precibus
2068 1177 2237 1213 inclinati,

1230 1231 1442 1263 mandamus
1463 1229 1632 1271 quatinus
1653 1239 1714 1271 per
1733 1231 1767 1261 te
1788 1229 1843 1261 vel
1864 1239 1926 1271 per
1944 1229 2053 1261 alium
2073 1239 2132 1262 seu
2153 1230 2239 1262 alios

1229 1284 1323 1316 viros
1356 1283 1534 1324 religiosos
1566 1282 1733 1324 providos
1765 1285 1799 1313 et
1832 1282 2001 1314 discretos
2032 1282 2067 1313 in
2099 1282 2239 1324 negotio

1230 1337 1423 1379 procedens
1444 1335 1649 1377 hujusmodi
1670 1335 1775 1376 juxta
1796 1335 1968 1367 traditam
1989 1335 2053 1367 tibi
2076 1335 2238 1372 formam,

1231 1390 1364 1422 dictam
1394 1389 1639 1431 Ripaltensem
1666 1388 1849 1420 ecclesiam
1877 1389 1920 1420 de
1948 1388 2085 1430 prefato
2114 1389 2240 1420 Cister-

1231 1443 1335 1475 ciensi
1371 1442 1491 1473 ordine
1526 1443 1682 1478 studeas,
1718 1444 1896 1473 summoto
1931 1441 2120 1482 cujuslibet
2154 1442 2240 1473 dila-

1230 1496 1338 1528 tionis
1380 1498 1415 1528 01.
1459 1495 1685 1526 difficultatis
1727 1494 1923 1536 dispendio,
1967 1494 2157 1526 reformare
2199 1504 2239 1526 ac

1229 1550 1345 1591 ipsam
1365 1551 1551 1589 tamquam
1570 1548 1755 1579 abbatiam
1775 1548 1887 1579 eidem
1908 1548 2107 1589 incorpores
2126 1548 2239 1579 ordini

1229 1605 1263 1634 et
1283 1603 1318 1633 in
1336 1602 1450 1643 ipsam
1469 1601 1651 1632 ecclesiam
1671 1601 1712 1631 de
1732 1600 1914 1632 monachis
1932 1600 2081 1642 alicujus
2099 1610 2239 1632 monas-

1230 1655 1308 1686 terii
1335 1654 1443 1696 ipsius
1471 1653 1709 1686 Cistcrciensis
1736 1653 1878 1690 ordinis,
1906 1653 2007 1694 cujus
2033 1653 2079 1684 sit
2104 1653 2176 1684 filia
2204 1656 2239 1685 et

1230 1707 1402 1748 subjecta,
1428 1709 1645 1738 conventum
1668 1708 1704 1737 01
1727 1706 1896 1737 abbatem
1918 1705 2076 1742 inducas,
2101 1708 2241 1737 contra-

1233 1761 1384 1792 dictores
1405 1762 1472 1792 etc.
1496 1759 1579 1791 Dat.
1603 1758 1772 1799 Anagnie‚
1798 1758 1870 1789 XII
1892 1758 1962 1789 kal.
1985 1758 2125 1799 augusti
2147 1768 2239 1790 anno

1231 1816 1343 1845 sexto.
1367 1826 1379 1841 ›—

1314 1974 1404 2000 3175
1782 1972 1916 2005 Anagni‚
1939 1971 1957 1998 8
1978 1972 2046 2005 Juin
2071 1971 2158 1998 1260.

1273 2028 1456 2055 Praedictae
1477 2027 1514 2053 de
1536 2026 1665 2060 Ripalta
1685 2025 1831 2052 ecclesiae
1850 2025 2030 2059 praeposito
2050 2026 2081 2051 et
2101 2024 2239 2058 capitulo

1231 2072 1373 2106 indulget
1396 2074 1432 2098 ut
1454 2072 1491 2098 de
1513 2071 1706 2105 quibusdam,
1726 2070 1826 2101 bonis,
1849 2077 1968 2095 necnon
1991 2069 2028 2095 de
2050 2068 2240 2102 quibusdam

1231 2116 1341 2150 legatis
1367 2118 1398 2142 et
1424 2117 1573 2142 votorum
1598 2114 1868 2148 redemptionibus
1894 2121 1992 2147 usque
2018 2113 2058 2139 ad
2083 2120 2239 2139 summam

1231 2160 1478 2195 quingentarum
1506 2160 1655 2186 librarum
1685 2158 1910 2184 Viennensium
1939 2157 2073 2191 recipere
2101 2157 2238 2183 valeant.

1230 2205 1328 2238 (REG.
1345 2204 1393 2236 25,
1410 2204 1431 2230 f.
1448 2204 1506 2231 255
1522 2207 1569 2236 νο,
1585 2211 1635 2230 an.
1653 2203 1708 2234 vi,
1726 2210 1750 2228 c.
1770 2202 1850 2235 111.)

1275 2308 1288 2324 «
1310 2320 1329 2327 ..
1352 2294 1522 2337 preposito
1544 2295 1571 2325 et
1592 2292 1741 2335 capitulo
1764 2291 1896 2323 ecclesie
1917 2292 1955 2323 de
1975 2290 2128 2333 Ripalla,
2151 2290 2240 2321 ordi—

1230 2349 1285 2381 uis
1312 2348 1429 2380 Sancti
1456 2346 1659 2389 Auyuslini‚
1690 2344 1917 2377 Taurinensis
1943 2344 2097 2376 diocesis.
2125 2343 2240 2374 Devo—

1229 2402 1335 2434 tionis
1350 2404 1467 2433 vestre
1482 2400 1686 2432 inducimur
1701 2398 1836 2430 meritis
1851 2400 1890 2429 ut
1905 2408 1969 2429 vos
1985 2405 2241 2439 prosequamur

1228 2455 1342 2496 gratia
1375 2464 1444 2496 que
1475 2453 1603 2485 vestris
1634 2462 1707 2484 esse
1740 2451 1939 2483 dinoscitur
1970 2449 2240 2482 necessitatibus

1229 2510 1417 2550 oportuna.
1445 2507 1539 2538 Hinc
1563 2508 1617 2538 est
1641 2506 1735 2547 quod
1762 2514 1836 2542 nos,
1861 2504 1988 2535 vestris
2012 2502 2240 2544 supplicatio-

1230 2562 1333 2593 nibus
1352 2563 1561 2596 annuentes,
1583 2562 1622 2590 ut
1641 2560 1683 2590 110
1706 2558 1829 2593 11511115,
1850 2556 1982 2598 rapinis
2001 2559 2036 2587 01
2055 2556 2130 2587 aliis
2150 2555 2239 2586 male

1228 2614 1423 2656 acquisitis,
1447 2613 1475 2644 si
1498 2613 1544 2644 hii
1567 2612 1696 2653 quibus
1718 2610 1896 2642 restitutio
1920 2610 1995 2640 fieri
2017 2609 2145 2639 debeat
2167 2618 2240 2638 om-

1229 2668 1311 2699 111110
1336 2666 1485 2698 inveniri
1509 2668 1545 2697 et
1568 2665 1646 2696 sciri
1672 2674 1739 2695 11011
1766 2664 1913 2705 possint,
1940 2671 2074 2693 necnon
2099 2661 2140 2691 de
2165 2659 2239 2701 qui-

1230 2720 1383 2752 buslibet
1407 2719 1531 2760 legatis
1555 2718 1589 2749 in
1614 2717 1689 2759 pios
1713 2727 1796 2747 usus
1819 2716 2024 2747 indistincte
2049 2713 2187 2749 relictis,
2211 2713 2238 2743 si

1229 2776 1459 2805 executoruui
1488 2774 1785 2803 testamentorum
1814 2770 1857 2800 ad
1887 2769 1920 2799 id
1949 2767 2094 2799 accedat
2123 2775 2239 2797 assen-

1230 2837 1299 2863 505,
1334 2836 1372 2857 ac
1405 2826 1447 2856 dc
1480 2823 1782 2865 redemptionibus
1814 2825 1979 2852 votorulli
2011 2830 2077 2861 que
2108 2818 2239 2850 fuerint

1231 2879 1446 2910 auctoritate
1468 2878 1737 2909 diocesauoriun
1759 2874 1983 2916 pontificium
2005 2874 2238 2907 commutata,

1232 2930 1520 2963 Jerosolimitauo
1545 2930 1737 2960 dumtaxat
1759 2930 1919 2968 excepto,
1946 2934 2055 2967 usque
2078 2925 2121 2955 ad
2144 2933 2239 2955 sum-

1234 2994 1327 3016 mam
1362 2983 1635 3024 quingentarum
1671 2982 1839 3012 librarum
1874 2978 2122 3010 Viennensium
2155 2976 2239 3008 reci-
