2477 3512
158 253 220 286 138
851 245 1120 280 REGISTRES
1146 243 1499 279 D'ALEXANDRE
1527 244 1576 276 IV

200 371 214 388 α
247 358 290 391 P.
315 356 567 399 archiepiscopo
606 356 800 389 Turritano,
840 353 1032 396 Apostolice
1068 353 1165 386 Sedis

155 412 272 453 qualo.
294 412 348 442 Ad
370 411 434 442 hoe
456 411 664 452 disponente
685 428 738 440 —.
762 409 844 439 Dat.
867 411 905 438 ut
927 408 960 438 in
982 407 1061 438 alia.
1085 420 1096 435 υ

237 559 327 584 3249
570 559 618 584 Au
641 558 771 589 Latran,
795 558 832 584 28
855 557 968 584 sevrier
993 558 1078 584 1261.

193 611 473 644 Archipresbytero
510 613 541 637 et
578 611 716 644 capitulo
759 610 934 637 Turi-itanis
968 610 1100 637 mandat
1129 617 1160 636 se

153 655 294 688 magistri
318 655 464 686 Robaldi,
487 655 639 686 canonici,
663 655 693 681 in
717 655 922 681 Turrilanum
946 654 1159 688 archieposco-

154 707 229 733 pum
256 699 356 731 electi,
383 699 567 726 electionem
593 699 717 732 J'ustitia
744 699 916 725 cassavisse
945 699 1100 731 exigente,
1128 700 1159 725 et

154 744 253 770 eidem
269 743 414 770 ecclesiae.
431 743 461 770 in
477 744 736 777 archiposcopuin
753 745 783 769 ct
800 745 958 777 pastorem
976 743 1159 776 praefecisse

156 788 186 813 P.
215 789 290 813 tunc
316 787 466 814 abbatem
492 788 673 814 monasterii
701 788 738 813 de
766 787 918 815 Pruliaco.
946 787 1158 813 Cist‹›rciensis

153 831 279 858 ordinis.
296 830 422 864 (PAnrs,
438 831 506 858 Bib.
525 833 590 858 nat.
608 839 664 857 ms.
682 832 736 858 lat.
755 831 832 858 »1038
848 831 884 863 B,
902 832 921 857 t.
942 832 977 857 12
995 835 1040 862 νο,
1057 838 1082 857 c.
1096 830 1158 865 30.)

196 934 209 949 «
238 946 257 953 ..
288 920 566 962 archipresbitero
595 923 623 953 et
651 921 800 963 capitulo
833 921 1022 952 Tariianis.
1054 921 1159 952 Debi-

150 976 226 1005 tu1n
247 974 354 1006 officii
374 975 485 1005 nostri
503 993 557 1006 —.
579 974 662 1006 Dat.
683 974 860 1011 Laterani,
885 974 915 1005 Il
938 974 1006 1005 kal.
1029 974 1157 1010 martii,

151 1036 243 1058 anno
270 1027 432 1068 septimo.
462 1040 474 1055 »

233 1184 324 1210 3250
596 1185 645 1210 Au
669 1184 798 1215 Latran,
822 1184 860 1210 25
884 1191 966 1210 mars
992 1184 1077 1210 1201.

192 1237 290 1264 Priori
316 1239 347 1264 et
373 1237 523 1263 fratribus
550 1238 666 1263 ordinis
693 1237 810 1263 Beatae
842 1237 959 1263 Mariae
987 1237 1023 1263 de
1053 1237 1160 1263 Monte

151 1281 283 1308 Carmeli
308 1282 339 1307 in
365 1282 470 1308 Accon
497 1281 777 1312 commorantibus,
804 1281 945 1313 indulget
974 1283 1007 1307 ut
1034 1281 1064 1307 iu
1093 1281 1159 1307 loco

152 1333 245 1358 quein
267 1325 297 1351 in
319 1325 449 1352 civitate
471 1326 643 1352 Acconensi
665 1325 827 1358 possident
849 1327 904 1352 aut
927 1325 1022 1351 etiarn
1046 1325 1075 1350 in
1099 1325 1160 1351 alio

151 1369 290 1396 civitatis
304 1369 445 1402 ejusdem
460 1377 564 1403 quein,
579 1370 603 1395 si
618 1370 654 1395 de
670 1369 720 1395 illu
735 1377 786 1395 eos
796 1369 935 1395 amoveri
949 1369 1158 1401 contingeret,

151 1413 289 1446 poterint
309 1414 449 1447 adipisci,
469 1414 642 1440 oratorium
662 1416 690 1439 et
712 1414 873 1439 ecclesiam
893 1421 965 1439 cuni
987 1413 1156 1447 campanili

152 1459 183 1484 et
207 1464 362 1491 campana
388 1458 490 1489 unica,
518 1465 637 1484 necnon
663 1458 852 1484 cimiterium
876 1458 969 1490 juxta
995 1457 1159 1483 ecclesiam

152 1501 252 1535 ipsam
274 1501 388 1528 habere
409 1502 541 1535 possint,
563 1504 594 1527 et
617 1501 647 1527 in
669 1502 778 1527 eadem
800 1501 929 1527 ecclesia
951 1501 999 1527 vel
1021 1501 1160 1527 oratorio

152 1545 259 1572 divina
280 1546 386 1572 officia
407 1546 572 1577 celebrare,
604 1546 852 1572 contradictione
875 1545 1063 1571 Acconcnsis
1085 1545 1163 1578 epis-

153 1590 221 1623 copi
248 1598 308 1616 non
334 1590 491 1616 obstante.
518 1590 643 1622 (Parus,
668 1590 736 1616 Bib.
765 1592 829 1616 nat.
862 1597 917 1615 nis.
945 1590 998 1615 lat.
1025 1590 1103 1615 ⁴038
1128 1589 1164 1614 B,

154 1633 176 1660 t.
197 1634 233 1659 12
255 1637 299 1665 νο,
317 1641 343 1660 c.
364 1635 398 1660 :51
416 1642 423 1665 ;
445 1634 616 1659 Po'rTHAsr
637 1634 757 1666 18075.)

199 1738 204 1751 ‹
243 1749 261 1755 ..
293 1724 401 1765 priori
432 1726 459 1754 et
488 1724 654 1764 fratribus
684 1724 816 1755 ordinis
848 1724 948 1754 Beate
978 1724 1095 1755 Mae-ie
1126 1724 1164 1755 de

153 1776 272 1808 Monte
301 1776 448 1808 Carmeli
479 1777 513 1808 in
543 1777 655 1808 Accon
685 1776 982 1808 commorantibus.
1014 1777 1163 1818 Speciali

152 1830 264 1870 gratia
299 1832 334 1860 ct
368 1848 422 1861 —.
458 1830 541 1861 Dat.
577 1829 754 1865 Laterani,
793 1829 880 1860 VIII
916 1829 984 1860 kal.
1023 1830 1162 1870 aprelis,

152 1892 244 1913 anno
266 1882 429 1923 septimo.
455 1895 466 1910 »

237 2037 321 2063 3251
598 2039 647 2064 Au
671 2038 800 2070 Latran,
823 2038 861 2065 23
885 2046 967 2065 mars
992 2039 1078 2065 1261.

194 2090 361 2116 Pri0rissae
386 2091 417 2116 et
442 2091 606 2117 convertui
632 2091 813 2117 monasterii
838 2091 971 2118 Sanctae
997 2092 1101 2118 Crucis
1126 2092 1157 2118 in

154 2134 367 2160 Nureinberch
402 2134 543 2167 indulget
579 2136 614 2161 ut
658 2135 796 2168 ipsarum
840 2135 1020 2169 capellanus
1056 2136 1160 2169 pueris

154 2177 291 2211 ipsarum
313 2178 469 2212 obsequiis
491 2179 652 2212 deputatis
673 2179 850 2206 ministrare
877 2179 1086 2206 ecclesiastica
1107 2187 1161 2207 va·

154 2221 216 2247 leat
240 2224 436 2248 sacramenta
459 2224 489 2248 et
513 2230 575 2253 eos,
598 2230 670 2248 euni
693 2223 894 2255 decederunt,
923 2224 953 2249 in
977 2224 1072 2257 ipsius
1097 2232 1161 2250 nio-

155 2266 280 2292 nasterii
299 2266 459 2292 cimeterio
479 2267 606 2300 sepelire
625 2267 761 2293 valeant.
781 2268 906 2300 (Pinus,
930 2267 997 2293 Bib.
1021 2270 1085 2294 nat.
1105 2276 1160 2295 nis.

156 2309 209 2336 lat.
228 2310 305 2336 4038
322 2310 358 2342 B,
376 2310 396 2336 t.
418 2311 463 2342 13,
480 2318 505 2337 e.
524 2312 586 2343 32.)

156 2450 191 2482 in
213 2451 432 2493 Norembery,
455 2453 587 2484 ordinis
610 2454 727 2485 Sancti
750 2454 953 2495 Aaquslini,
976 2455 1161 2486 secundum

156 2504 312 2536 instituta
340 2507 368 2536 et
394 2506 458 2537 snb
486 2516 566 2537 cura
585 2507 731 2548 fratrum
752 2507 1030 2539 Praedicatornm
1052 2508 1164 2539 niven-

154 2556 257 2595 tibus,
285 2558 550 2600 Bamberyensis
577 2559 730 2591 diocesis.
759 2560 969 2592 Devotionis
996 2569 1164 2602 augmen-

154 2612 232 2642 tum
253 2611 356 2643 vobis
376 2630 431 2643 -—.
455 2612 538 2643 Dat.
561 2612 739 2649 Laterani,
764 2613 796 2644 X
819 2613 887 2644 kal.
910 2614 1047 2655 aprelis,
1070 2624 1163 2646 anno

154 2663 318 2704 septimo.
344 2676 356 2692 »

236 2822 326 2848 3252
595 2824 643 2850 Au
667 2824 796 2856 Latran,
821 2826 857 2851 18
881 2833 963 2853 mars
989 2826 1074 2853 1261.

197 2875 314 2901 Abbati
339 2877 369 2901 et
394 2876 565 2902 conventui
588 2878 770 2903 monasterii
796 2878 930 2905 Grandis
955 2879 1068 2911 Silvae,
1092 2886 1163 2906 cum

157 2918 228 2944 licet
253 2927 270 2945 a
295 2920 478 2946 fondatione
504 2928 611 2946 eorum
636 2922 817 2948 monasterii
841 2930 859 2949 a
883 2930 945 2956 qua
976 2925 1103 2949 centum
1133 2925 1165 2950 et

158 2962 268 2994 viginti
286 2964 359 2989 anni
377 2964 536 2990 effluxisse
555 2964 713 2997 dicuntur,
731 2973 853 2999 semper
869 2967 985 2993 fuerint
1009 2967 1164 2995 immunes

1265 359 1283 379 a
1305 349 1520 386 praestatione
1542 350 1710 377 canonicae
1734 349 1887 384 portionis
1910 351 1948 377 de
1970 350 2029 377 hiis
2052 358 2133 384 quae
2155 350 2230 385 ipsis
2252 358 2271 378 a

1267 395 1381 422 Christi
1410 394 1557 421 fidelibus
1586 394 1618 421 in
1641 394 1760 421 ultimis
1789 394 2010 422 voluntatibus
2038 394 2270 428 relinquuntur,

1265 442 1373 466 tamen
1399 438 1542 465 nonnulli
1567 438 1767 465 ecclesiarum
1793 438 1937 472 praelati,
1964 438 2095 472 capituli
2120 446 2174 465 seu
2201 446 2273 466 con-

1265 485 1380 510 ventus
1405 482 1649 516 parrochialium
1674 482 1875 509 ecclesiarum
1900 482 1938 509 de
1963 489 2046 509 novo
2071 489 2165 516 super
2188 482 2274 509 dicta

1267 528 1411 561 portione
1430 527 1622 560 praestanda
1641 526 1683 553 eis
1703 527 1741 553 de
1761 526 1875 554 relictis
1893 526 2077 560 huJusmodi
2095 534 2147 554 eos
2167 526 2273 553 multi-

1266 572 1390 606 pliciter
1419 572 1595 604 aggravant
1623 572 1655 597 et
1685 571 1866 603 molestant,
1894 571 2038 605 indulget
2066 572 2103 598 ut
2131 570 2209 597 nulli
2237 571 2275 597 de

1265 616 1384 643 eisdem
1403 616 1515 649 legatis
1533 615 1680 642 exhibere
1698 615 1877 649 portionem
1894 615 2078 648 hujusmodi
2094 616 2276 642 teneantur.

1262 660 1390 694 (Pinus,
1410 660 1478 686 Bib.
1499 661 1565 686 nat.
1584 666 1641 686 ins.
1660 659 1715 686 lat.
1734 659 1813 687 4038
1829 659 1866 691 Β,
1883 659 1905 686 f.
1924 659 1973 692 13,
1991 667 2016 686 c.
2035 659 2098 693 33.)

1310 769 1325 786 «
1345 783 1365 790 ..
1388 758 1503 789 abbati
1526 760 1553 789 el
1575 758 1752 789 conventui
1773 757 1972 789 monasterii
2001 757 2149 790 Grandis
2171 756 2273 794 Silae.

1266 810 1501 842 Cisterciensis
1536 810 1680 848 ordinis,
1720 810 1909 842 Tholosane
1943 810 2097 842 diocesis.
2134 810 2275 842 Ordinis

1264 864 1373 895 vestri
1395 867 1550 895 meretur
1568 883 1623 896 —.
1646 864 1731 896 Dat.
1753 863 1932 900 Laterani,
1956 863 2025 895 XV
2044 863 2114 896 kal.
2136 863 2274 905 aprelis,

1264 926 1358 949 anno
1379 917 1544 959 septimo.
1568 929 1582 947 n

1349 1095 1445 1122 3253
1715 1094 1765 1121 Au
1788 1094 1918 1127 Latran,
1941 1094 1980 1122 29
2002 1101 2086 1122 mars
2109 1093 2196 1121 1261.

1306 1148 1449 1175 Thomae
1473 1149 1510 1176 de
1533 1148 1716 1175 Leukenote
1736 1147 1880 1182 indulget
1901 1149 1948 1180 ut,
1970 1149 2096 1182 praeter
2117 1147 2279 1174 ecclesiam

1265 1193 1303 1219 de
1324 1193 1553 1220 Severnestoke
1576 1200 1684 1220 curam
1705 1192 1883 1219 animarum
1902 1192 2084 1224 habentem,
2105 1192 2167 1218 duo
2186 1191 2280 1218 bene-

1270 1237 1343 1265 ficia
1375 1237 1596 1269 ecclesiastica,
1624 1237 1649 1264 si
1676 1236 1809 1264 similem
1836 1244 1944 1264 curam
1971 1236 2122 1268 habeant,
2144 1235 2280 1270 recipere

1265 1282 1377 1316 possit,
1396 1289 1459 1309 non
1477 1282 1628 1309 obstante
1646 1281 1762 1308 aetatis
1782 1281 1918 1313 defectu,
1937 1288 2009 1308 cum
2027 1282 2178 1308 octavum
2195 1279 2279 1308 deci-

1265 1334 1353 1354 mum
1378 1334 1498 1354 annum
1522 1326 1666 1360 attigisse
1693 1325 1829 1358 dicatur,
1860 1325 1988 1360 proviso
2014 1325 2099 1360 quod
2124 1332 2156 1352 se
2180 1324 2278 1352 iaciat

1265 1371 1305 1398 ad
1327 1378 1431 1399 sacros
1452 1370 1577 1398 ordines
1597 1370 1785 1405 promeveri.
1807 1370 1934 1404 (pamm,
1957 1369 2028 1396 Bib.
2051 1370 2118 1397 nat.
2142 1376 2200 1396 ms.
2221 1368 2279 1396 lat.

1265 1416 1344 1443 4038
1359 1416 1396 1448 Β,
1412 1416 1433 1442 t'.
1452 1415 1499 1448 13,
1515 1423 1541 1442 c.
1558 1415 1621 1448 34.)

1312 1525 1326 1542 «
1355 1512 1479 1544 Thome
1505 1512 1544 1544 (Ie
1571 1512 1768 1548 Leiikenote,
1797 1511 1914 1543 rectori
1941 1510 2074 1542 ecclesie
2099 1509 2139 1542 de
2166 1509 2280 1543 Sever-

1267 1566 1410 1602 nestolfe,
1446 1565 1698 1606 Wi901·111'e11sis
1729 1564 1882 1601 diocesis,
1916 1554 2015 1596 Licet
2047 1573 2090 1595 ne
2121 1563 2192 1595 suis
2223 1582 2280 1596 —.

1269 1619 1352 1650 Dat.
1382 1618 1560 1655 Laterani,
1592 1617 1666 1649 1111
1696 1618 1764 1649 kal.
1794 1617 1924 1659 aprilis,
1953 1626 2046 1648 anno
2074 1616 2238 1658 septimo.
2268 1629 2281 1646 »

1352 1804 1446 1831 3254
1753 1804 1802 1830 Au
1826 1803 1940 1835 Latan,
1964 1802 1978 1829 1
2004 1801 2083 1829 avril
2109 1801 2196 1829 1261.

1309 1849 1449 1876 Thomae
1477 1849 1515 1876 de
1547 1848 1778 1882 Ingaldestorp,
1806 1848 1856 1874 cui
1883 1854 1946 1874 non
1979 1847 2129 1873 obstante
2155 1845 2282 1873 defectu

1271 1901 1366 1928 quem
1382 1894 1516 1928 patitur,
1535 1894 1573 1920 de
1590 1893 1694 1920 soluto
1711 1894 1842 1926 genetus
1860 1894 1892 1919 et
1908 1892 2024 1924 soluta,
2042 1891 2143 1918 bonae
2159 1897 2278 1918 memo-

1269 1938 1332 1965 riae
1363 1938 1399 1966 Ο.
1432 1938 1614 1964 Portuensis
1645 1937 1821 1971 episcopus,
1851 1938 1930 1963 tunc
1960 1935 2067 1963 Sancti
2097 1934 2220 1962 Nicolai
2248 1934 2281 1962 in

1268 1990 1389 2010 carcere
1405 1982 1549 2009 Tulliano
1566 1982 1716 2009 diaconus
1732 1981 1898 2008 cardinalis
1914 1982 1946 2007 et
1960 1980 1992 2007 in
2007 1979 2151 2014 partibus
2166 1978 2274 2013 Angli-

1267 2027 1353 2054 canis
1371 2026 1573 2061 Apostolicae
1593 2026 1680 2053 Sedis
1699 2026 1832 2059 legatus,
1852 2024 2026 2051 indulserat
2051 2026 2088 2051 ut
2107 2023 2149 2050 ad
2167 2029 2276 2050 omnes

1266 2071 1401 2104 ordines,
1423 2072 1556 2104 excepta
1577 2070 1747 2104 episcopali
1769 2069 1935 2102 dignitate,
1957 2067 2136 2102 promoveri
2156 2068 2274 2101 posset,

1265 2115 1408 2149 indulget
1434 2117 1470 2142 ut
1496 2115 1536 2142 ad
1563 2114 1773 2148 episcopalem
1798 2114 1904 2140 valeat
1930 2113 2047 2140 assumi
2074 2112 2273 2145 dignitatem.

1265 2160 1392 2196 (Pinus,
1408 2159 1478 2186 Bib.
1498 2161 1563 2186 nat.
1582 2166 1639 2185 ms,
1658 2158 1713 2185 lat.
1733 2158 1812 2185 4038
1828 2158 1865 2189 Β,
1883 2158 1903 2184 f.
1924 2158 1971 2189 13,
1989 2164 2014 2184 c.
2033 2156 2096 2189 35.)

1313 2271 1326 2287 «
1348 2257 1522 2299 Magistro
1550 2257 1674 2288 Thome
1697 2256 1736 2288 (Ic
1762 2255 2010 2297 Inqaldestorp,
2036 2255 2164 2291 clerico,
2189 2254 2279 2296 juris

1266 2311 1378 2343 civilis
1412 2310 1604 2353 profess-eri,
1642 2309 1874 2342 Norwicensis
1910 2308 2064 2345 diocesis,
2101 2307 2278 2349 capellano

320 2399 324 2404 .
373 2400 377 2404 .
665 2400 670 2405 ,
864 2401 884 2406 ,,
1210 2390 1213 2397 ,
1267 2364 1379 2397 dilecti
1407 2364 1477 2406 lilii
1506 2364 1543 2396 Ο.
1573 2364 1694 2395 Sancte
1720 2363 1838 2394 Marte
1866 2362 1901 2394 in
1934 2362 2000 2393 Via
2026 2361 2113 2392 Lata
2139 2360 2278 2392 diaconi

201 2410 213 2426 «
231 2423 251 2430 ..
268 2408 431 2440 priorisse
449 2402 476 2430 et
493 2402 667 2432 (tarvenna
687 2403 882 2432 :nonasterii
903 2402 1024 2433 Sancte
1042 2402 1161 2433 Crucis
1211 2401 1213 2440 i

1267 2417 1466 2450 cardinalis,
1516 2417 1829 2457 Quemadmodum
1880 2415 1909 2447 si
1956 2415 2061 2447 arbor
2096 2433 2152 2446 —.
2192 2414 2278 2446 Dat.

1267 2470 1445 2508 Laterani,
1468 2470 1628 2502 kalendis
1649 2469 1787 2512 aprelis,
1809 2478 1902 2501 anno
1923 2468 2087 2510 septimo.
2110 2480 2124 2496 »

1350 2647 1443 2674 3255
1716 2647 1765 2673 Au
1788 2646 1918 2678 Latran,
1940 2645 1979 2673 30
2001 2651 2084 2672 mars
2108 2643 2195 2670 1261.

1309 2701 1467 2728 Prioribus
1496 2700 1612 2727 ordinis
1640 2700 1758 2727 Beatae
1787 2699 1904 2726 Mariae
1935 2699 1974 2726 de
2008 2698 2116 2725 Monte
2144 2695 2278 2724 Carmeli

1268 2745 1411 2779 indulget
1442 2747 1478 2772 ut
1509 2744 1690 2772 volentibus
1720 2745 1861 2778 ipsorum
1893 2743 2053 2777 aggregari
2084 2740 2213 2774 collegio
2246 2740 2279 2766 et

1268 2789 1494 2824 professionem
1518 2789 1708 2816 facientibus
1732 2789 1765 2815 in
1789 2796 1898 2815 eorum
1923 2788 2042 2818 ordine,
2068 2786 2122 2820 qui
2146 2791 2279 2818 suspen-

1268 2834 1363 2861 sionis
1391 2836 1448 2861 aut
1475 2833 1636 2860 interdicti
1664 2833 1717 2860 vel
1745 2831 2082 2860 excommunicationis
2111 2828 2278 2857 sententiis

1267 2880 1342 2906 sunt
1370 2878 1468 2911 ligati,
1497 2878 1703 2905 absolutionis
1732 2877 1922 2904 beneficium
1949 2875 2103 2910 impertiri
2132 2876 2164 2901 et
2191 2873 2278 2907 ipsos

1266 2922 1299 2949 in
1324 2922 1437 2949 fratres
1463 2922 1598 2956 recipere
1624 2922 1762 2949 valeant.
1790 2921 1916 2955 (Psms,
1942 2920 2011 2947 Bib.
2039 2921 2106 2947 nat.
2134 2924 2192 2944 ms,
2219 2915 2278 2943 lat.

1269 2966 1348 2994 4038
1362 2966 1398 2999 B,
1414 2966 1434 2993 f.
1453 2966 1489 2992 13
1504 2970 1551 2999 v⁰,
1567 2973 1592 2992 c.
1609 2966 1647 2994 36
1661 2974 1669 2999 ;
1686 2966 1869 2998 Porrmsr,
1885 2964 2011 2998 18078.)

2460 2601 2468 2618 ··
2451 2467 2477 2580 :qs-,⁵-
2454 2302 2477 2452 ξφ...-

2452 2811 2477 2996 „flu-'M'
2457 2741 2473 2789 er,
2463 2702 2465 2707 ⁴
