2477 3512
934 327 1211 371 QUATRIEME
1226 325 1389 359 ANNEE
2162 323 2228 356 835

101 441 219 471 terium
238 439 344 477 ipsum
364 436 562 466 Floriacense
582 432 768 463 immediate
785 428 971 468 spectantis,
987 428 1024 456 de
1045 434 1109 464 quo

101 493 192 524 fuisti
209 493 241 521 in
260 492 413 521 abbatem
426 489 622 525 assumptus,
638 494 694 524 per
712 487 766 513 tue
785 481 947 520 diligentie
965 479 1109 509 studium

102 547 134 576 in
158 545 303 584 pluribus
326 543 455 572 fuerant
479 540 700 578 augmentata,
724 536 785 566 tibi
799 535 978 574 prioratum
1001 533 1107 570 ipsum

103 608 176 629 cum
197 597 261 627 suis
282 593 483 635 pertinentiis
504 600 605 630 usque
626 591 666 620 ad
688 589 852 619 biennium
873 586 1108 616 concesserunt.

103 652 169 681 Nos
200 651 309 688 itaque
341 648 485 677 volentes
515 644 576 674 tibi
606 643 744 682 gratiam
774 641 877 670 facere
909 638 1106 676 ampliorem,

102 705 167 733 tuis
189 700 477 741 supplicationibus
499 696 654 729 inclinati,
677 693 872 724 auctoritate
900 692 961 720 tibi
983 699 1109 729 presen-

102 757 186 786 tium
216 754 417 792 indulgemus
447 754 484 780 ut
513 750 692 788 prioratum
722 748 826 785 ipsum
858 754 930 774 cum
961 744 1109 773 omnibus

101 809 227 847 juribus
251 809 284 836 et
307 804 509 844 pertinentiis
532 803 596 832 suis
621 800 721 840 possis
746 808 846 837 usque
871 798 911 827 ad
936 797 1110 826 triennium

103 862 200 891 libere
224 860 369 892 retinere,
395 866 458 886 non
483 856 633 885 obstante
657 853 764 891 aliqua
788 852 887 890 ipsius
911 849 1030 879 ordinis
1053 851 1112 878 aut

105 914 193 944 Sedis
222 911 405 950 Apostolice
434 907 665 938 constitutione
695 904 854 934 contraria
884 912 938 932 seu
968 902 1113 940 qualibet

103 965 303 1004 indulgentia
319 964 370 993 vel
387 962 501 991 litteris
520 960 608 990 Sedis
624 958 768 997 ejusdem
786 957 824 986 de
841 965 904 995 qua
921 956 971 984 vcl
996 955 1112 993 quibus

105 1020 255 1058 oporteat
270 1018 302 1046 in
320 1015 436 1046 nostris
452 1013 567 1043 litteris
584 1012 712 1051 plenam
729 1013 761 1039 et
778 1018 960 1048 expressam
977 1007 1114 1036 mentio-

106 1081 178 1102 nem
197 1071 266 1100 sieri
285 1072 318 1099 et
336 1078 392 1107 per
405 1076 503 1106 quam
517 1075 571 1095 seu
588 1073 668 1104 quas
687 1063 822 1093 effectus
841 1061 1037 1100 presentium
1057 1060 1115 1089 im-

104 1124 206 1163 pediri
225 1123 334 1152 valeat
352 1121 403 1150 vel
424 1119 555 1153 differri,
577 1117 706 1156 proviso
734 1116 820 1154 quod
849 1114 1011 1153 predictus
1032 1113 1115 1151 prio-

104 1180 194 1207 ratus
212 1177 244 1205 in
263 1175 347 1204 bono
365 1175 454 1203 statu
473 1173 618 1201 servetur
643 1172 676 1199 et
695 1169 788 1198 nullis
814 1168 973 1206 obligetur
998 1165 1114 1195 debitis

103 1239 142 1260 ac
157 1228 317 1259 consuetis
333 1225 471 1256 servitiis
487 1234 551 1254 non
566 1223 744 1253 fraudetur.
761 1221 848 1250 Nulli
865 1222 971 1249 nostre
987 1227 1114 1248 conces-

104 1282 201 1313 sionis
223 1284 283 1310 etc.
307 1281 384 1309 Dat.
412 1277 567 1316 Anagnie,
599 1276 705 1305 idibus
727 1273 876 1312 januarii,
907 1281 991 1302 anno
1022 1271 1114 1309 quin-

105 1336 150 1363 to.
166 1345 178 1360 »

186 1530 276 1556 2729
578 1526 712 1560 Anagni,
730 1526 747 1552 9
764 1526 927 1552 decembre
945 1525 1031 1552 1258.

146 1570 245 1597 Priori
268 1571 300 1596 et
324 1568 463 1602 capitulo
489 1566 699 1593 Karleolensis
723 1566 880 1597 ecclesiae,
906 1572 977 1592 cum
1001 1565 1114 1592 civitas

104 1611 137 1637 et
158 1609 287 1636 ecclesia
310 1608 525 1634 Karleolenses
547 1607 579 1633 in
600 1605 810 1639 frigidissimis
831 1605 907 1632 locis
929 1605 1114 1637 consistant,

104 1650 256 1683 indulget,
281 1649 317 1675 ut
341 1648 388 1674 uti
412 1647 535 1674 birretis
559 1646 609 1672 vel
632 1645 722 1679 pileis
745 1645 847 1672 ordini
871 1645 1115 1677 congruentibus

105 1690 243 1720 valeant,
270 1689 315 1715 ita
337 1689 445 1714 tamen
469 1687 553 1720 quod
575 1686 607 1712 in
630 1685 814 1712 recitatione
838 1684 1035 1717 evangelicae
1056 1685 1115 1711 lec-

104 1729 199 1756 tionis
224 1736 260 1755 ac
284 1727 459 1754 elevatione
483 1726 585 1752 hostie
609 1725 755 1751 salutaris
779 1726 811 1751 et
835 1725 914 1756 aliis,
940 1724 1047 1750 debita
1071 1732 1116 1750 re-

106 1768 249 1795 verentia
266 1768 459 1794 observetur.
479 1766 576 1799 (REG.
595 1765 643 1796 25,
662 1765 683 1790 f.
704 1764 760 1791 163
778 1768 824 1796 v0,
844 1771 893 1790 an.
915 1764 967 1795 IV,
987 1771 1011 1790 c.
1031 1764 1115 1796 285.)

149 1878 204 1901 «..,
235 1865 335 1905 priori
367 1867 393 1894 ei
423 1864 559 1903 capitulo
590 1863 802 1892 Karleolensis
833 1861 963 1895 ecclesie,
996 1862 1116 1891 ordinis

107 1919 215 1950 Sancti
228 1918 412 1957 Auyuslini.
428 1918 479 1946 Ex
490 1919 597 1946 vestre
610 1915 791 1945 devotionis
804 1932 853 1943 —-.
869 1915 944 1944 Dat.
959 1914 1114 1953 Anagnie,

106 1973 134 2002 V
158 1973 230 2002 idus
255 1971 441 2005 decembris,
467 1979 551 2000 anno
576 1971 703 2008 quarto.
729 1979 741 1994 n

188 2151 279 2178 2730
567 2152 702 2185 Anagni‚
719 2152 755 2178 13
771 2151 934 2178 decembre
950 2152 1037 2179 1258.

150 2205 299 2238 Magistro
324 2204 473 2235 Johanni,
499 2204 589 2230 electi
613 2204 794 2230 Leodiensis
819 2205 928 2231 elerico
953 2206 985 2231 et
1009 2212 1119 2238 procu-

109 2245 216 2276 ratori,
238 2244 380 2278 indulget
401 2245 437 2270 ut
458 2244 620 2270 ecclesiam
643 2244 681 2270 de
701 2244 828 2276 Tuilles,
852 2244 1031 2271 Leodiensis
1054 2245 1120 2271 dio-

110 2285 197 2315 cesis,
225 2291 332 2310 curam
358 2284 536 2310 animarum
562 2284 732 2310 habentem
772 2291 808 2310 ac
834 2284 931 2310 etiam
958 2285 1119 2317 quoddam

109 2325 251 2351 officium
269 2323 354 2357 quod
372 2323 516 2349 custodia
533 2323 706 2356 vulgariter
722 2325 925 2357 nuncupatur
935 2324 965 2350 in
981 2324 1009 2350 S.
1030 2324 1121 2350 Pauli

110 2363 308 2394 Nivellensis‚
330 2363 470 2395 ejusdem
491 2363 632 2394 diocesiS,
652 2370 774 2389 necnon
795 2364 826 2389 et
847 2364 1068 2390 canonicatum
1089 2365 1120 2390 et

110 2403 323 2438 praebendam
336 2409 416 2436 quae
430 2402 461 2429 in
473 2402 501 2429 S.
514 2402 668 2429 ,Iohannis
679 2403 858 2429 Leodiensis
868 2403 1003 2429 ecclesiis
1013 2410 1120 2430 curam

110 2443 244 2470 similem
271 2450 334 2468 non
361 2442 512 2468 habentia
539 2442 686 2468 canonice
714 2450 745 2468 se
780 2443 930 2476 proponit
957 2443 1119 2476 adeptum,

111 2483 210 2517 possit
231 2482 316 2508 licite
339 2481 481 2508 retinere.
505 2482 602 2515 (Bm.
627 2482 674 2513 25,
698 2482 719 2507 f.
746 2482 812 2513 164,
836 2489 885 2508 an.
913 2482 964 2514 IV,
989 2490 1013 2509 c,
1038 2483 1119 2516 286.)

153 2584 165 2599 ιι
186 2572 343 2610 Magistro
365 2571 518 2605 Johanni,
542 2572 647 2601 rectori
671 2572 791 2601 ecclesie
820 2572 856 2601 de
881 2572 1022 2607 TuiHies,
1046 2573 1120 2602 Leo-

111 2625 229 2656 diensis
259 2624 398 2654 diocesis.
432 2625 477 2653 Ut
508 2624 567 2653 tibi
598 2624 742 2654 favorem
773 2642 823 2653 —.
856 2626 932 2654 Dat.
964 2625 1118 2664 Anagnie,

112 2679 218 2708 idibus
245 2677 432 2711 decembris,
460 2686 545 2706 anno
573 2680 700 2716 quarto.
729 2690 740 2704 »

194 2850 274 2876 2731
560 2849 694 2882 Anagni,
715 2849 747 2875 11
771 2849 933 2876 decembre
954 2850 1040 2876 1258.

157 2902 312 2936 Episcopo
336 2903 541 2935 Forojuliensi
563 2902 692 2928 mandat
717 2903 752 2928 ut
776 2902 1001 2935 Raymundum
1024 2904 1121 2929 Atha-

115 2943 270 2976 nulphum
288 2943 318 2969 in
336 2944 488 2969 rectorem
506 2942 679 2974 generalem
697 2942 815 2968 ordinis
841 2943 973 2968 fratrum
993 2943 1029 2969 de
1048 2944 1122 2969 Poc-

116 2982 475 3055 Euegggastesu-Chrissi
494 2982 666 3015 praeliciat.
687 2981 783 3013 (nh-c„
804 2982 851 3012 25,
871 2982 891 3007 f.
914 2982 978 3013 164,
999 2990 1048 3008 an.
1072 2982 1122 3009 IV.

1261 434 1272 449 «
1296 445 1326 457 ..‚
1361 422 1503 460 episcopo
1541 421 1762 459 Forojuliensi.
1810 420 1872 449 Sua
1912 419 2003 448 nobis
2041 418 2147 448 dilecti
2171 418 2227 447 filii

1217 475 1333 505 fratres
1360 475 1398 504 de
1424 474 1606 503 Penitentia
1633 474 1733 503 Jhesu
1760 472 1887 506 Christi,
1916 473 2062 501 Romane
2088 470 2228 500 Ecclesie

1217 528 1404 557 immediate
1427 527 1575 565 subjecti,
1600 527 1719 555 ordinis
1743 525 1853 555 Sancti
1869 524 2052 563 Augustini,
2072 524 2228 562 petitione

1218 582 1441 610 monstrarunt
1470 579 1567 618 quod,
1597 579 1695 608 fratre
1725 578 1894 607 Guillelmo
1923 578 1961 606 de
1997 577 2148 606 Manarea
2178 584 2227 614 ge-

1219 633 1318 662 nerali
1345 635 1467 662 rectore
1495 632 1654 661 dictorum
1683 631 1831 664 fratrum,
1859 631 1892 659 in
1920 630 2062 668 capitulo
2090 628 2228 667 generali

1218 686 1403 719 eorundem,
1432 684 1565 714 rectorie
1595 683 1780 722 hujusmodi
1811 683 1943 712 cedente
1974 682 2129 720 regimini,
2162 689 2232 720 pre-

1221 738 1298 767 dicti
1312 738 1437 771 fratres‚
1459 737 1584 767 vocatis
1598 737 1747 765 omnibus
1762 736 1817 773 qui
1847 736 2030 768 voluerunt,
2050 734 2230 763 debuerunt

1219 794 1253 820 et
1293 792 1472 829 potuerunt
1513 789 1680 818 commode
1722 788 1885 821 interesse,
1928 787 2156 816 convenientes
2198 786 2230 814 in

1221 853 1333 877 unum,
1360 843 1497 881 Spiritus
1532 841 1642 871 Sancti
1667 841 1770 879 gratia
1796 841 1958 874 invocata,
1985 839 2117 869 fratrem
2143 839 2230 876 Ray-

1221 897 1379 925 mundum
1408 895 1666 932 Athanulphum,
1695 893 1834 931 priorem
1862 892 2091 930 provincialem
2120 900 2232 920 eorun-

1223 949 1295 978 dem
1330 948 1467 977 fratrum
1502 947 1680 980 Provincie,
1716 946 1822 974 virum
1857 945 1969 983 utique
2004 944 2175 982 providum
2199 945 2231 972 ct

1223 1002 1407 1033 discretum,
1442 1001 1474 1029 in
1507 999 1727 1038 spiritualibus
1762 1000 1795 1027 et
1820 997 2051 1035 temporalibus
2101 996 2234 1025 circum-

1223 1056 1380 1092 spectum,
1400 1054 1432 1082 in
1451 1052 1630 1091 generalem
1653 1053 1808 1080 rectorem
1828 1051 1877 1079 sui
1897 1050 2016 1079 ordinis
2035 1048 2235 1078 concorditer

1224 1107 1398 1145 elegerunt.
1423 1106 1527 1142 Quare
1549 1105 1640 1134 nobis
1663 1104 1827 1133 humiliter
1847 1103 2071 1141 supplicarunt
2092 1104 2138 1135 ut,
2161 1109 2234 1130 cum

1224 1159 1366 1198 quadam
1387 1158 1593 1196 simplicitate
1615 1157 1714 1190 ducti,
1732 1157 1763 1185 in
1784 1155 1936 1194 predictis
1956 1154 2161 1193 peccaverint
2178 1162 2235 1191 pro

1225 1221 1263 1242 eo
1290 1212 1376 1250 quod
1404 1211 1548 1249 predicta
1567 1210 1677 1243 cessio,
1697 1209 1764 1238 sine
1792 1211 1901 1237 nostra
1921 1207 2049 1236 licentia
2076 1206 2173 1240 facta,
2196 1206 2234 1235 de

1224 1265 1294 1303 jure
1310 1274 1373 1294 non
1389 1264 1506 1297 tenuit,
1522 1265 1555 1292 et
1570 1272 1626 1301 per
1641 1270 1839 1300 consequens
1855 1261 1941 1290 nulla
1956 1260 2020 1289 fuit
2034 1260 2147 1289 electio
2163 1259 2238 1288 sub-

1225 1320 1346 1351 secuta,
1361 1316 1547 1355 paupertati
1571 1318 1604 1344 et
1632 1315 1794 1344 laboribus
1815 1314 1879 1343 suis
1900 1313 2144 1351 compatientes,
2165 1321 2237 1350 pro-

1226 1371 1334 1399 videre
1354 1370 1414 1399 sibi
1433 1378 1528 1407 super
1548 1369 1607 1398 hoc
1627 1370 1761 1406 paterna
1781 1366 1995 1396 sollicitudine
2021 1365 2236 1403 dignaremur.

1227 1423 1293 1452 Nos
1327 1423 1434 1461 igitur,
1470 1421 1688 1460 predictorum
1723 1420 1861 1449 fratrum
1895 1419 2040 1448 volentes
2075 1425 2238 1447 occurrere

1227 1476 1391 1505 laboribus
1416 1477 1449 1504 et
1473 1474 1620 1512 expensis
1646 1481 1769 1502 necnon
1794 1472 1894 1501 etiam
1918 1471 2093 1500 eorundem
2118 1469 2238 1507 simpli-

1228 1529 1320 1557 citati
1351 1536 1490 1566 parcere,
1523 1526 1697 1555 cessionem
1729 1524 1915 1562 hujusmodi
1945 1525 2050 1552 ratam
2082 1523 2238 1552 habentes

1228 1583 1261 1610 et
1294 1581 1434 1613 firmam,
1471 1579 1664 1609 mandamus
1700 1578 1853 1616 quatinus
1888 1576 2069 1615 predictum
2104 1575 2238 1604 fratrem

1228 1633 1473 1671 Raymundum‚
1493 1633 1532 1661 (le
1551 1632 1643 1669 cujus
1662 1630 1916 1663 conversatione,
1935 1629 2078 1658 moribus
2095 1630 2128 1656 et
2140 1627 2239 1656 scien-

1228 1686 1274 1716 tia
1306 1685 1467 1715 laudabile
1500 1685 1591 1713 nobis
1624 1683 1835 1713 testimoniun
1868 1682 2065 1720 perhibetur,
2120 1681 2145 1709 si
2198 1680 2239 1709 ad

1228 1740 1288 1768 hoc
1306 1748 1379 1768 eum
1403 1739 1567 1776 ydoneum
1585 1746 1652 1766 esse
1670 1735 1856 1774 reppereris,
1875 1734 2024 1773 preficias
2041 1733 2237 1762 auctoritate

1228 1794 1337 1821 nostra
1359 1792 1391 1820 in
1414 1793 1570 1820 rectorem
1592 1789 1771 1829 generalem
1788 1788 1907 1818 ordinis
1926 1787 2064 1816 fratrum
2085 1786 2239 1824 ipsorum,

1226 1845 1347 1874 faciens
1372 1844 1400 1873 ei
1425 1853 1443 1873 a
1469 1843 1534 1872 suis
1551 1842 1690 1872 subditis
1716 1841 1935 1871 obedientiam
1960 1842 1993 1869 et
2023 1838 2238 1868 reverentiam

1225 1898 1286 1927 sibi
1333 1897 1477 1926 debitam
1526 1895 1680 1925 exhiberi.
1735 1893 1994 1923 Contradictores
2041 1894 2102 1921 etc.
2158 1891 2236 1921 Dat.

1227 1950 1382 1989 Anagnie,
1407 1949 1456 1978 III
1477 1949 1549 1978 idus
1571 1947 1757 1981 decembris,
1779 1956 1864 1976 anno
1886 1948 2012 1984 quarto.
2034 1955 2047 1971 ι

1308 2175 1397 2201 2732
1674 2172 1809 2205 Anagni,
1829 2172 1865 2198 13
1885 2170 2047 2197 decembre
2068 2168 2154 2195 1258.

1258 2228 1495 2256 Concessionem
1516 2226 1697 2260 quindecim
1715 2226 1868 2251 librarum
1889 2223 1986 2250 annui
2006 2221 2148 2248 redditus
2169 2227 2240 2246 cum

1228 2269 1296 2302 jure
1321 2269 1509 2302 patronatus
1534 2266 1681 2293 ecclesiae
1707 2266 1744 2291 de
1758 2264 1891 2295 Condat,
1917 2261 2149 2288 Lemovicensis
2175 2259 2241 2285 dio-

1229 2308 1315 2339 cesis,
1335 2308 1456 2334 cantori
1474 2306 1621 2333 ecclesiae
1639 2304 1871 2331 Lemovicensis
1890 2303 1928 2329 ab
1947 2302 2104 2336 episcopo,
2123 2300 2241 2326 decano

1229 2349 1260 2374 et
1294 2347 1433 2381 capitulo
1467 2347 1565 2380 ipsius
1598 2345 1745 2371 ecclesiae
1778 2344 1896 2370 factam
1931 2341 2108 2368 confirmat.
2143 2339 2240 2372 (ΗΒΕ.

1230 2387 1278 2419 25,
1300 2387 1321 2413 f.
1346 2387 1412 2418 164,
1436 2394 1487 2412 an.
1512 2385 1564 2417 IV,
1587 2393 1612 2411 c.
1635 2385 1716 2417 288.)

1271 2502 1283 2516 κ
1299 2512 1328 2524 ..,
1349 2488 1467 2518 cantori
1487 2488 1608 2517 ecclesie
1627 2485 1848 2516 Lemovicensi.
1870 2485 1949 2514 Cum
1969 2493 1988 2513 a
2009 2483 2100 2512 nobis
2121 2481 2244 2520 petitur

1229 2545 1302 2572 etc..
1313 2551 1415 2580 usque
1431 2542 1489 2571 ad:
1507 2541 1672 2570 effectum.
1690 2540 1741 2568 Ex
1756 2541 1812 2568 tua
1829 2537 1988 2576 siquidem
2004 2538 2037 2565 et
2052 2533 2244 2564 venerabilis

1229 2595 1338 2625 fratris
1380 2594 1513 2628 nostri..‚
1556 2593 1706 2632 episcopi,
1760 2600 1797 2621 ac
1839 2591 2029 2619 dilectorum
2069 2587 2243 2617 filiorum..,

1231 2648 1342 2677 decani
1366 2650 1398 2676 et
1422 2647 1555 2685 capituli
1580 2644 1858 2675 Lemovicensium
1882 2642 2039 2681 petitione
2061 2639 2244 2678 accepimus

1231 2701 1317 2740 quod
1338 2701 1408 2738 ipsi,
1430 2700 1564 2738 provide
1584 2699 1668 2727 inter
1689 2698 1750 2727 alia
1771 2696 1979 2726 attendentes
2001 2693 2086 2732 quod
2108 2700 2243 2730 proven-

1230 2757 1284 2783 tus
1306 2753 1439 2791 triginta
1461 2753 1615 2781 librarum
1638 2750 1756 2779 usualis
1778 2751 1906 2778 monete
1928 2748 2003 2776 olim
2025 2744 2167 2775 cantorie
2188 2746 2244 2772 tue

1230 2806 1467 2836 Lemovicensis
1492 2804 1630 2837 ecclesie,
1657 2812 1718 2841 que
1742 2800 1937 2831 honorabilis
1969 2801 2018 2828 est
2042 2797 2181 2836 dignitas
2213 2796 2245 2824 in

1230 2860 1353 2891 eadem,
1373 2859 1466 2887 nimis
1483 2859 1590 2886 essent
1612 2859 1724 2885 tenues
1747 2857 1780 2884 ct
1802 2854 1911 2887 exiles,
1936 2850 2120 2890 quindecim
2143 2849 2241 2878 libras

1232 2912 1331 2941 annui
1354 2911 1498 2940 redditus
1522 2912 1648 2939 monete
1672 2908 1782 2937 similis
1805 2908 1836 2935 in
1860 2905 2085 2935 communibus
2108 2911 2244 2941 proven-

1232 2965 1320 2994 tibus
1347 2964 1446 3002 ipsius
1473 2962 1605 3001 capituli
1635 2970 1707 2990 cum
1734 2961 1803 2998 jure
1830 2959 2023 2997 patronatus
2050 2955 2179 2985 ecclesie
2207 2955 2248 2983 de

1234 3017 1371 3050 Condat,
1412 3015 1647 3045 Lemovicensis
1687 3012 1830 3046 diocesis,
1869 3014 1947 3040 tunc
1987 3009 2027 3039 ad
2067 3007 2249 3046 capitulum
