2477 3512
219 263 278 294 786
939 257 1198 291 REGISTRES
1219 255 1555 290 D’ALEXANDRE
1576 255 1625 289 1v

220 381 232 396 α
257 369 487 403 Lemovicensi,
515 368 686 407 capellanis
705 367 826 397 domini
848 375 949 405 pape;
965 366 1118 404 magistro
1134 365 1230 394 Petro

219 434 232 450 α
251 423 289 452 de
313 423 473 456 Sansone;
493 421 646 459 magistro
665 420 813 450 Johannc
827 420 865 448 de
878 419 1000 453 Marno,
1015 418 1168 448 canonico
1177 417 1230 446 Bi-

221 487 232 502 «
255 476 418 509 suntino,..
440 475 542 512 priore
556 473 664 504 Sancti
677 472 794 502 Albani
806 472 999 506 Basiliensis,
1014 470 1229 501 Cluniacensis

221 540 232 555 ε(
255 528 393 562 ordinis;
422 527 531 561 fratre,
558 526 699 564 Trojano
727 527 932 564 procuratore
961 524 1097 554 fratrum
1122 523 1229 553 Predi-

222 594 233 608 (t
256 583 401 610 catorum
432 580 462 609 in
494 580 579 609 curia
611 580 758 608 Romana
789 580 821 607 et
850 577 996 616 pluribus
1025 577 1104 606 aliis.
1135 577 1229 605 Anno

221 646 233 660 «
256 634 377 663 domini
391 633 433 662 Μ.
446 632 503 661 CC.
516 632 645 666 LVIII;
665 641 773 661 mense
792 630 971 664 martii‚die
983 630 1061 659 XVI
1076 630 1228 662 intrante,

221 686 430 716 «indictione
460 686 573 724 prima.
604 685 760 723 Tempore
791 683 912 713 domini
943 682 1116 712 Alexandri
1148 690 1230 720 pape

222 751 233 766 α
260 739 337 773 IIII,
369 738 578 777 pontificatus
607 738 751 776 ejusdem
780 746 865 766 anno
895 738 1021 775 quarto.

265 804 275 818 «
299 792 342 821 Et
364 799 421 830 ego
445 791 628 830 Stephanus
650 790 813 829 predictus
836 789 1031 818 auctoritate
1054 787 1230 826 apostolica

222 857 234 872 u
257 845 403 884 publicus
426 844 580 878 notarius,
602 844 658 882 qui
679 842 830 882 predictis
852 841 992 875 interfui,
1027 840 1170 879 predicto
1193 841 1231 869 de

224 898 413 927 «mandato
446 897 600 936 sepedicti
634 896 754 926 domini
788 894 958 925 cardinalis
991 893 1102 932 scripsi
1134 896 1167 923 et
1199 893 1231 922 in

223 950 419 989 «publicam
452 949 589 980 formam
621 950 727 988 redegi
758 958 795 978 ac
827 957 899 977 mco
936 947 1026 985 signo
1058 946 1183 984 signavi
1209 958 1231 974 ».

266 1015 277 1030 «
311 1003 398 1032 Nulli
431 1006 538 1032 nostre
570 1002 825 1032 confirmationis
869 1003 929 1030 etc.
976 1000 1052 1029 Dat.
1085 999 1233 1033 Viterbii,

225 1069 236 1083 «
262 1056 321 1086 ΙΙΙ.
343 1065 443 1085 nonas
463 1056 581 1094 aprilis,
601 1064 686 1085 anno
707 1057 833 1093 quarto.
854 1065 866 1080 n

307 1240 393 1266 2516
774 1237 911 1268 Viterhe,
924 1236 941 1263 3
962 1236 1040 1263 avril
1066 1236 1151 1262 1258.

267 1288 509 1322 Archiepiscopo
532 1286 759 1317 cantuariensi,
782 1287 817 1312 ut
846 1285 1004 1319 praefatas
1044 1284 1234 1310 sententiam

227 1331 257 1355 et
299 1327 617 1361 condempnationem
659 1325 837 1352 executioni
879 1325 1028 1351 mandare
1078 1325 1233 1358 procuret,

227 1369 384 1399 invocato,
419 1368 444 1393 si
477 1374 599 1393 necesse
632 1365 737 1396 fuerit,
772 1365 892 1391 brachii
924 1364 1070 1391 secularis
1104 1363 1232 1389 auxilio.

227 1408 325 1442 (Bm.
349 1408 397 1439 25,
419 1407 438 1434 f.
464 1406 520 1433 132
541 1410 587 1437 v0‚
609 1413 658 1432 an.
684 1405 736 1436 IV,
759 1412 782 1431 c.
806 1404 867 1437 92.)

271 1518 281 1533 κ
306 1529 335 1540 ..,
365 1505 596 1544 archiepiscopo
636 1503 868 1534 Cantuuriensi.
907 1504 942 1533 In
971 1512 1066 1533 causa
1095 1512 1156 1541 que
1185 1519 1233 1532 -.

229 1560 304 1589 Dat.
330 1561 366 1588 ut
389 1567 495 1596 supra.
519 1569 532 1584 »

309 1756 394 1782 2517
796 1753 935 1785 Viterbe,
947 1752 985 1779 20
996 1759 1078 1778 mars
1092 1751 1176 1778 1258.

270 1811 393 1837 Nobilis
414 1810 552 1837 mulieris
575 1810 681 1836 Clarae
703 1809 740 1835 de
763 1809 893 1835 Polenta
915 1815 1080 1841 personam
1102 1808 1133 1833 et
1155 1807 1237 1833 bona

230 1851 287 1877 sub
310 1858 365 1877 sua
388 1851 582 1884 protectione
604 1849 745 1882 suscipit,
768 1848 958 1875 confirmans
981 1847 1156 1881 speciaIIter
1190 1853 1237 1872 res

230 1898 308 1924 quas
328 1891 359 1917 in
374 1890 511 1916 Lunensi
531 1889 645 1916 dlocesi
664 1889 731 1922 ipsa
751 1896 789 1914 ex
809 1887 1005 1914 concessione
1026 1894 1044 1913 a
1064 1882 1236 1923 G[reg0rio]

231 1938 324 1964 papa,
345 1930 483 1957 Guidoni
502 1936 562 1955 avo
582 1929 648 1962 eJus
666 1929 762 1960 facta,
782 1928 920 1954 tenebat.
942 1927 1038 1960 (Rea.
1060 1927 1107 1958 25,
1127 1926 1147 1953 f.
1170 1925 1237 1957 132,

231 1977 280 1997 an.
307 1970 358 2002 IV,
381 1977 405 1996 c.
428 1970 484 2001 933
509 1969 726 1996 RODENBERG
746 1969 769 1994 t.
798 1967 857 1999 111,
883 1969 921 1993 11⁰
939 1967 1021 1999 476.)

273 2068 416 2098 «Nobili
446 2068 570 2097 mulieri
601 2067 700 2101 Clare,
746 2068 816 2095 nate
846 2066 999 2105 quondam
1041 2065 1175 2095 Jeremie
1204 2065 1240 2094 de

234 2121 371 2155 Polenla,
385 2121 576 2150 Ravennatis
586 2120 724 2149 diocesis.
744 2120 823 2149 Cum
841 2129 858 2149 a
874 2119 966 2148 nobis
978 2137 1027 2148 -—.
1040 2119 1086 2148 Ea
1099 2120 1239 2157 propter,

233 2174 347 2204 dilecta
368 2174 398 2203 in
419 2174 545 2203 Christo
564 2173 640 2207 filia,
660 2173 725 2202 tuis
742 2173 838 2210 justis
857 2172 1130 2210 postulationibus
1148 2174 1240 2210 grato

232 2229 455 2257 concurrentes
485 2235 626 2261 assensu,
668 2234 837 2264 personam
868 2228 959 2254 tuam
989 2234 1062 2254 cum
1092 2225 1241 2254 omnibus

233 2280 324 2310 bonis
349 2289 410 2318 que
443 2279 723 2317 impresentiarum
747 2278 982 2308 rationabiliter
1006 2278 1158 2316 possides,
1184 2280 1242 2307 aut

233 2334 264 2362 in
296 2333 442 2361 futurum
472 2332 568 2370 justis
598 2332 712 2366 modis,
744 2334 910 2370 prestante
941 2331 1091 2365 Domino,
1122 2331 1242 2369 poteris

233 2386 376 2424 adipisci,
400 2386 458 2414 sub
482 2385 569 2414 beati
592 2384 678 2414 Petri
701 2387 733 2413 et
756 2387 865 2413 nostra
889 2384 1088 2422 protectione
1111 2384 1243 2422 suscipi-

233 2448 315 2472 mus,
342 2438 522 2476 specialiter
547 2440 657 2467 autern
683 2438 821 2466 fundum
846 2437 1124 2475 Burgandentum‚
1152 2437 1243 2466 Fras-

234 2494 392 2525 senetum,
441 2491 666 2520 Casacutulam
714 2493 747 2519 et
794 2500 842 2519 res
891 2490 968 2519 alias
1018 2490 1048 2518 in
1103 2490 1243 2519 Lunensi

233 2544 350 2574 diocesi
370 2544 574 2577 constitutas,
596 2553 685 2582 quas,
698 2546 734 2572 ut
753 2543 876 2577 asseris,
898 2543 995 2572 felicis
1016 2543 1243 2571 recordationis

235 2598 270 2627 G.
293 2606 387 2636 papa,
418 2597 619 2634 predecessor
647 2599 764 2630 noster,
794 2595 1050 2634 progenitoribus
1079 2596 1244 2634 quondam

232 2650 387 2680 Guidonis
400 2650 438 2678 de
451 2650 595 2683 Polenta,
612 2649 665 2678 avi
681 2649 740 2684 tui,
756 2649 877 2678 intuitu
894 2648 1074 2678 devotionis
1089 2658 1187 2687 quam
1203 2648 1245 2679 ad

233 2703 415 2733 Romanam
442 2702 607 2731 habebant
634 2702 819 2736 Ecclesiam,
847 2702 1024 2731 dinoscitur
1043 2703 1243 2738 concessisse,

233 2764 377 2794 quasque
405 2755 504 2784 felicis
533 2755 761 2785 recordationis
794 2756 816 2784 I.
847 2764 930 2793 papa
958 2755 1018 2790 ΙΙΙ,
1043 2756 1244 2793 predecessor

234 2811 350 2842 noster,
362 2808 448 2837 dicto
460 2808 598 2837 Guidoni
609 2808 700 2846 cujus
714 2810 750 2837 tu
767 2811 798 2837 et
815 2808 919 2838 Guido
935 2808 1071 2837 Rizutus
1086 2817 1123 2837 ac
1139 2809 1243 2839 Guido

234 2861 272 2890 de
297 2861 431 2891 Polenta
456 2860 581 2895 fratres,
616 2861 797 2890 consobrini
822 2862 881 2895 tui,
907 2861 983 2890 estis
1008 2861 1148 2895 heredes,
1183 2862 1243 2891 sub

234 2923 342 2943 annuo
371 2922 466 2943 censu
496 2914 664 2943 duodecim
693 2914 866 2943 solidorum
896 2914 1098 2947 Lucensium,
1127 2915 1243 2944 confir-

232 2967 358 3000 maviit,
378 2976 434 3004 pro
453 2975 489 2995 ea
513 2967 658 3004 portione
682 2976 745 3006 qua
768 2970 800 2996 te
824 2967 1026 3005 contingunt,
1050 2967 1133 2996 sicut
1155 2967 1241 2997 illam

1335 363 1421 401 juste
1445 372 1483 393 ac
1509 363 1641 402 pacifice
1666 362 1819 401 possides,
1844 362 1904 392 sub
1931 365 2022 400 parte
2047 363 2126 392 dicti
2151 370 2264 392 census
2290 369 2348 400 pro

1336 418 1406 445 rata
1441 416 1626 454 hujusmodi
1659 415 1824 454 portionis,
1851 416 2046 445 auctoritate
2078 415 2139 445 tibi
2170 413 2347 454 apostolica

1336 468 1565 498 confirmamus
1575 470 1607 498 ct
1618 468 1773 507 presentis
1784 468 1894 506 scripti
1903 468 2082 507 patrocinio
2092 467 2327 498 communimus
2339 475 2348 501 ;

1337 530 1399 551 non
1414 522 1564 551 obstante
1592 521 1678 560 quod
1706 520 1783 550 dicti
1810 521 1991 551 consobrini
2009 521 2068 556 tui,
2094 521 2231 550 veritate
2246 519 2348 550 tacita

1337 575 1382 612 (1)
1414 575 1499 604 nulla
1532 575 1570 603 de
1607 577 1639 603 te
1668 574 1831 603 mentione
1856 573 1954 608 facta,
1986 574 2046 603 sibi
2079 573 2264 612 supradicta
2281 580 2350 602 om-

1338 627 1389 657 nia
1410 637 1449 657 ex
1469 627 1592 666 integro
1613 626 1808 661 confirmari,
1830 629 1867 656 ut
1887 627 2014 660 dicitur,
2036 635 2092 665 per
2113 626 2227 656 Sedem
2247 626 2349 664 Apos-

1337 680 1467 710 tolicam
1499 682 1723 718 procurarunt,
1755 681 1813 709 aut
1843 679 1913 709 aliis
1944 679 2202 718 quibuscumque
2233 677 2349 708 litteris

1338 742 1433 771 super
1459 733 1518 763 hiis
1541 742 1596 771 per
1617 733 1683 762 veri
1715 732 1972 771 suppressionem
1997 740 2014 761 a
2041 732 2121 762 Sede
2140 731 2282 761 obtentis
2302 730 2349 769 (2)

1338 787 1460 815 eadem.
1482 786 1568 815 Nulli
1586 788 1693 815 nostre
1712 785 1921 824 protectionis
1939 787 1972 814 et
2003 784 2258 814 confirmationis
2286 785 2348 813 etc.

1339 840 1415 869 Dat.
1441 839 1586 873 Viterbii,
1609 838 1694 868 XIII
1716 838 1778 868 kal.
1799 838 1918 877 aprilis,
1939 847 2023 867 anno
2044 840 2170 876 quarto.
2192 848 2204 864 n

1421 1046 1479 1072 251
1489 1046 1509 1072 9
1897 1044 2036 1075 Viterbe,
2050 1043 2086 1070 13
2098 1042 2177 1069 avril
2194 1042 2280 1070 1258.

1384 1107 1461 1140 Regi
1490 1106 1639 1133 Franciae
1666 1106 1808 1139 indulget
1835 1108 1871 1132 ut
1897 1106 2085 1132 elemosinae
2112 1112 2190 1139 quas
2216 1104 2294 1130 facit
2319 1105 2351 1130 et

1341 1147 1435 1173 faciet
1455 1147 1486 1173 in
1506 1146 1649 1173 futurum
1670 1146 1783 1172 cedant
1813 1145 1880 1172 loco
1900 1145 2109 1171 restitutionis
2137 1144 2291 1170 bonorum
2311 1143 2352 1170 ad

1342 1194 1438 1220 quam
1464 1188 1569 1220 posset
1595 1186 1702 1212 teneri.
1730 1185 1827 1218 (REG.
1855 1185 1903 1216 25,
1937 1185 1958 1211 f.
1987 1184 2055 1216 133,
2081 1191 2130 1211 an.
2162 1183 2214 1216 IV,
2240 1191 2265 1210 c.
2293 1182 2350 1216 943

1343 1226 1529 1253 PorrnAsr.
1565 1225 1686 1258 17237.)

1384 1342 1394 1355 «
1422 1329 1541 1358 Illuslri
1566 1328 1630 1366 reyi
1657 1327 1800 1357 Francie.
1828 1327 1908 1357 Cum
1933 1327 1966 1356 in
1990 1329 2023 1356 te
2048 1327 2186 1356 salutem
2213 1325 2350 1356 hominis

1342 1383 1509 1421 utriusque
1548 1382 1626 1411 totis
1666 1381 1830 1410 desideriis
1869 1380 2071 1413 affectemus,
2111 1387 2168 1409 nos
2206 1379 2352 1408 volentes

1342 1435 1534 1464 conscientie
1558 1437 1613 1464 tue
1637 1443 1733 1472 super
1757 1434 1961 1463 restitutione
1979 1433 2148 1466 bonorum,
2171 1432 2197 1461 si
2221 1440 2287 1470 qua
2309 1431 2351 1461 ad

1341 1491 1375 1518 te
1399 1497 1439 1517 ex
1463 1488 1703 1526 progenitorum
1729 1489 1859 1516 tuorum
1883 1486 2080 1515 successione
2106 1485 2156 1514 vel
2181 1484 2258 1514 alias
2283 1493 2353 1523 per-

1342 1541 1466 1570 venisse
1489 1543 1675 1574 noscuntur,
1698 1539 1844 1569 facienda
1867 1539 2002 1568 forsitan
2024 1538 2084 1568 hiis
2107 1546 2244 1576 quorum
2265 1539 2352 1571 sunt,

1342 1594 1427 1628 licet,
1447 1594 1531 1623 sicut
1550 1593 1673 1627 asseris,
1687 1593 1808 1622 nescias
1827 1592 1868 1622 ad
1889 1591 2128 1621 restitutionem
2142 1590 2284 1630 aliquam
2299 1590 2356 1620 bo-

1344 1656 1458 1676 norum
1476 1646 1662 1684 hujusmodi
1678 1645 1839 1684 aliquibus
1856 1647 1888 1674 te
1905 1644 2017 1678 teneri,
2036 1646 2171 1682 paterna
2189 1643 2355 1682 diligentia

1344 1700 1521 1738 providere,
1546 1698 1762 1738 magnitudini
1784 1700 1840 1727 tue
1870 1700 1907 1727 ut
1929 1697 2100 1726 elemosine
2124 1705 2204 1735 quas
2227 1699 2285 1726 tua
2308 1705 2355 1726 re·

1344 1753 1423 1791 galis
1439 1752 1680 1791 magnificentia
1696 1751 1775 1781 facit
1790 1753 1823 1780 et
1839 1750 1936 1780 faciet
1945 1750 1978 1780 in
1989 1750 2146 1784 futurum,
2159 1749 2276 1779 cedant
2286 1749 2355 1779 loco

1343 1806 1558 1835 restitutionis
1590 1805 1809 1844 predictorum
1843 1804 2012 1837 bonorum,
2046 1802 2242 1832 auctoritate
2286 1811 2357 1841 pre-

1344 1859 1484 1889 sentium
1496 1858 1707 1896 indulgemus.
1719 1858 1951 1887 Verumtamen
1963 1856 2042 1886 scire
2052 1858 2085 1885 te
2096 1856 2245 1885 volumus
2257 1855 2354 1894 quod,

1344 1912 1371 1941 si
1394 1912 1455 1941 tibi
1479 1911 1661 1941 constiterit
1684 1914 1717 1940 te
1740 1910 1842 1940 teneri
1866 1910 1907 1939 ad
1931 1909 2172 1939 restitutionem
2196 1909 2355 1938 honorum

1344 1965 1460 1995 talium
1477 1967 1510 1994 et
1527 1973 1688 2003 personas,
1707 1964 1824 2002 quibus
1835 1972 1946 1992 eorum
1959 1962 2122 1992 restitutio
2139 1961 2209 1991 fieri
2227 1962 2356 1996 debeat,

1345 2019 1386 2048 ad
1419 2021 1510 2047 tuam
1544 2017 1694 2046 notitiam
1727 2016 1893 2055 pervenire
1916 2016 2094 2054 contingat,
2119 2018 2152 2044 te
2175 2015 2252 2053 ipsis
2271 2015 2356 2044 bona

1346 2072 1459 2101 eadem
1486 2071 1654 2100 restituere
1680 2069 1906 2099 nichilominus
1933 2068 2106 2107 oportebit.
2135 2068 2222 2097 Nulli
2249 2069 2357 2098 nostre

1348 2124 1559 2154 concessionis
1570 2141 1619 2152 —.
1633 2124 1709 2152 Dat.
1723 2122 1869 2156 Viterbii,
1882 2122 1988 2151 idibus
2000 2121 2119 2160 aprilis,
2131 2129 2216 2150 anno
2228 2122 2356 2160 quarto.

1430 2337 1520 2363 2520
1894 2336 2032 2367 Viterbe,
2046 2335 2082 2361 12
2094 2335 2172 2362 avril
2188 2334 2274 2362 1258.

1392 2400 1503 2426 Eidem
1521 2399 1584 2432 regi
1602 2398 1751 2424 Franciae
1768 2397 1909 2431 indulget
1928 2399 1963 2424 ut
1979 2397 2072 2423 liceat
2086 2397 2113 2423 ei
2123 2397 2215 2428 bona,
2226 2403 2307 2430 quae
2316 2397 2358 2424 ad

1351 2447 1423 2466 eum
1448 2439 1578 2465 diversis
1610 2438 1711 2464 modis
1743 2438 1920 2471 pervenisse
1944 2439 2117 2463 noscuntur
2140 2438 2171 2463 et
2195 2443 2267 2463 cum
2291 2443 2358 2470 per-

1352 2486 1445 2506 sonae
1480 2478 1594 2512 quihus
1629 2485 1735 2504 eorum
1770 2477 1930 2503 restitutio
1964 2477 2032 2503 fieri
2067 2476 2191 2508 debeat,
2225 2475 2359 2502 inveniri

1351 2526 1415 2546 non
1439 2518 1570 2552 possint,
1595 2517 1791 2544 restituenda
1815 2524 1877 2542 non
1903 2518 1986 2548 sunt,
2012 2516 2202 2550 pauperibus
2226 2515 2257 2541 in
2281 2515 2358 2542 elee-

1352 2565 1517 2592 mosynam
1543 2562 1678 2590 erogare,
1704 2564 1740 2582 ac
1766 2557 1802 2582 de
1827 2556 1871 2582 eis
1896 2563 1976 2589 quae
2000 2556 2108 2582 taliter
2124 2555 2308 2589 erogaverit,
2322 2555 2358 2581 li-

1353 2598 1546 2625 berationem
1582 2598 1612 2622 et
1653 2596 1882 2622 absolutionem
1922 2596 2096 2629 plenarium
2138 2596 2356 2628 consequatur.

1352 2639 1447 2672 (Rea.
1468 2637 1515 2669 25,
1540 2637 1559 2663 f.
1587 2636 1653 2667 133,
1678 2643 1726 2662 an.
1756 2636 1807 2667 IV,
1831 2644 1855 2663 c.
1881 2636 1938 2667 95;
1963 2635 2138 2662 POTTHAST
2162 2633 2283 2668 17233.)

1394 2753 1405 2768 «
1428 2740 1549 2770 Eidem.
1576 2738 1626 2768 Sic
1649 2739 1699 2768 ille
1724 2738 1851 2767 Lucifer
1874 2755 1923 2766 —.
1950 2738 2025 2767 Dat.
2043 2737 2186 2767 .Viterbii
2213 2737 2262 2766 III
2287 2737 2359 2766 idus

1351 2793 1470 2832 aprilis,
1505 2801 1589 2822 anno
1625 2794 1751 2830 quarto.
1787 2803 1799 2817 ι)

1386 2939 1410 2962 1.
1430 2937 1497 2967 Reg.
1521 2938 1605 2961 tacite.

1385 2974 1409 2997 2.
1430 2973 1497 3002 Reg.
1522 2972 1643 3002 obtentis.

2474 766 2477 807 4-„
2473 749 2477 755 .
2472 699 2477 739 ,-
2470 561 2477 680 --»
