2477 3512
1002 318 1234 357 'raoisiEME
1258 319 1405 358 ANNEE

1207 394 1290 431 sstue
1320 394 1470 431 diocesis,
1505 396 1581 424 tune
1625 392 1811 423 infirmitate
1850 391 1942 432 gravi
1977 390 2142 427 detentus,
2179 390 2219 421 de

193 396 377 438 hujusmodi
407 396 607 438 indulgentie
636 396 697 437 ipsi
726 395 832 426 electo
862 404 1031 432 conc-esse,
1056 404 1096 425 ne
1124 394 1180 423 im-

192 452 327 493 pediant
348 463 403 494 per
428 463 464 484 se
484 453 537 484 vel
555 462 611 493 per
632 452 739 489 alium,
762 451 927 491 quominus
949 450 1055 481 dictus
1076 449 1182 481 Gode-

196 508 296 539 fridus
329 510 507 550 proventus
554 508 766 539 ecclesiarum
804 506 973 547 percipiat.
1007 506 1180 536 monitione
1207 525 1209 532 >

193 565 361 604 premissa.
394 575 452 606 per
478 574 647 595 censuram
667 562 938 599 ecclesiasticam,
966 561 1181 602 appellatione

193 622 329 657 remota,
362 620 547 662 compellas,
581 620 650 650 Non
683 619 833 650 obstante
864 618 889 648 si
917 618 1003 649 dicto
1033 618 1136 648 eleeto
1163 627 1182 647 a

195 676 280 707 Sede
303 677 492 718 Apostolica
512 677 554 707 sit
566 675 833 715 indultum,quod
851 674 1014 711 interdici,
1029 673 1182 714 suspendi
1207 678 1208 698 1

1207 746 1208 752 ¹
1234 742 1292 763 seu
1313 731 1488 762 dominium
1505 729 1699 761 hereditatis
1717 728 1815 769 ipsius
1831 729 1861 758 in
1884 728 2019 759 alterius
2042 727 2219 758 transferre

194 732 245 763 vel
264 733 539 764 excommunicari
559 742 620 762 non
638 732 741 772 possit
755 742 811 772 per
827 731 952 762 litteras
970 729 1177 770 apostolicas,

193 799 253 829 que
280 789 319 819 de
345 788 467 819 indulto
492 787 675 829 hujusmodi
703 787 827 828 plenam
856 789 889 818 et
904 796 1093 828 expressam
1119 797 1181 817 non

193 845 334 875 fecerint
351 845 559 876 mentionem.
584 844 697 875 Datum
716 848 747 874 ut
769 854 876 884 supra.
902 857 914 871 υ

264 988 363 1033 1699
670 986 785 1012 Latran.
804 987 836 1011 30
853 985 1012 1011 novembre
1032 987 1106 1011 1256.

227 1080 343 1107 lnhibet
360 1088 396 1106 ne
417 1080 493 1114 quis.
512 1082 647 1112 pretextu
664 1078 817 1111 eujusdam
832 1085 937 1111 pravae
954 1078 1179 1105 consuetudinis

191 1129 294 1155 fratres
307 1131 336 1153 et
350 1127 426 1154 bona
442 1126 595 1161 hospitalis
607 1126 632 1152 S.
652 1125 986 1151 LazariJerosolimitani
1001 1125 1030 1152 in
1048 1127 1177 1159 Burgun-
1202 1139 1204 1160 g

1201 1193 1203 1225 J
1233 1184 1437 1214 arbitrantes
1471 1184 1505 1212 et
1537 1190 1713 1221 congruum
1747 1181 1779 1210 et
1818 1178 1915 1209 saluti
1953 1177 2031 1208 dicti
2066 1176 2221 1217 Stephani

1200 1233 1202 1270 s
1227 1239 1392 1281 expedire
1420 1240 1454 1269 ut
1479 1248 1537 1279 per
1557 1238 1660 1278 ipsum
1687 1235 1809 1267 eisdem
1831 1233 2047 1265 creditoribus
2068 1232 2218 1280 satisfiat,

1199 1299 1201 1307 ²
1227 1296 1434 1328 fraternitati
1448 1298 1501 1326 tue
1521 1293 1721 1330 mandamus,
1745 1292 1894 1333 quatinus
1915 1290 1942 1321 si
1961 1290 2018 1320 tibi
2038 1289 2220 1320 constiterit

1214 1354 1276 1384 ‘ita
1312 1363 1398 1391 esse,
1435 1351 1580 1393 predicto
1624 1349 1788 1390 Stephano
1835 1347 2005 1384 vendendi,
2045 1345 2218 1383 alienandi,

189 1177 245 1207 dia,
263 1175 605 1209 molestarepraesumat.
622 1174 700 1207 (nm.
718 1175 761 1202 25
779 1182 803 1199 a.
823 1173 867 1203 lll,
890 1182 913 1199 c.
934 1176 990 1203 llo„
1006 1174 1097 1203 s.l4*'.i

235 1279 247 1290 ιι
275 1262 439 1305 Mayistm
460 1267 491 1292 et
520 1260 688 1302 fratribus·
719 1260 896 1303 hospitalis
916 1261 1033 1293 Sancti
1051 1262 1174 1293 Lazari

187 1318 458 1351 Jerosolimitani
480 1318 513 1349 in
527 1315 738 1360 Burqzcmlia.
761 1318 810 1348 Ex
830 1322 943 1349 tenore
964 1321 1075 1350 vestre
1092 1320 1174 1361 poti—

189 1377 285 1408 tionis
312 1375 508 1417 accepimus,
531 1374 615 1415 quod
635 1373 778 1405 nonnulli
794 1374 905 1405 cleriei
925 1377 957 1406 et
977 1375 1062 1413 laici,
1085 1386 1176 1407 asse-

188 1434 300 1464 rentes
331 1442 365 1463 se
394 1433 507 1462 contra
529 1441 586 1461 vos
617 1430 733 1471 aliquid
761 1431 938 1470 questionis
965 1431 1097 1469 habere,
1120 1433 1177 1463 ali-

188 1489 313 1530 quando
341 1489 474 1525 fratres,
492 1487 652 1518 interdum
683 1497 761 1518 vero
788 1488 939 1518 animalia
962 1491 995 1519 et
1013 1489 1076 1519 alia
1096 1489 1178 1520 bona

188 1548 312 1584 vestra,
328 1547 480 1586 protextu
496 1543 664 1585 cujusdam
686 1554 783 1585 prave
802 1545 1056 1581 consuetudinis,
1074 1548 1178 1577 teme-

189 1603 288 1633 ritate
320 1601 448 1643 propria
472 1600 618 1638 vadiare,
643 1600 797 1631 invadere
819 1610 854 1631 att
887 1601 996 1632 tandiu
1030 1601 1178 1633 detinere

188 1660 388 1700 presumunt,
411 1658 513 1689 donec
533 1658 577 1688 sit
602 1658 649 1688 eis
677 1657 716 1688 de
744 1658 927 1699 hujusmodi
957 1659 1179 1699 questionibus

184 1716 280 1757 juxta
305 1715 447 1756 ipsorum
477 1713 714 1755 beneplacitum
741 1714 958 1753 satisfactum,
980 1714 1057 1746 licet
1082 1715 1180 1756 juris-

187 1771 367 1802 dictionem

188 1827 417 1867 habeant,qua
436 1827 516 1868 ipsis
531 1827 593 1857 hoc.
615 1826 725 1858 facere
735 1827 954 1867 permittatur.
972 1827 1048 1859 Cum
1068 1828 1177 1869 itaque
1203 1867 1204 1870 Ἰ

181 1883 351 1925 judicialis
371 1883 449 1914 ordo
470 1883 544 1914 ideo
565 1883 607 1914 sit
628 1884 824 1914 constitutus
842 1884 870 1913 in
894 1883 1010 1922 medio,
1030 1886 1063 1915 ut
1083 1895 1176 1915 nemo
1202 1879 1203 1884 ¹

188 1940 247 1971 sibi
268 1940 386 1971 audeat
409 1950 599 1981 presumere
629 1940 781 1971 ultionem
810 1944 854 1972 et.
874 1940 911 1970 ob
940 1941 1012 1977 hoc,
1030 1941 1176 1982 predicta

188 1996 391 2027 consuetudo
421 1998 583 2037 tamquam
612 1996 699 2027 nullo
722 1997 795 2038 jure
827 1997 964 2028 subnixa
992 1998 1175 2029 nullatenus
1200 2013 1201 2020 κ

189 2052 304 2084 debeat
337 2053 530 2091 sustentari,
554 2063 611 2083 nos
642 2054 712 2094 paci
741 2056 775 2084 et
796 2054 895 2094 quieti
916 2056 1028 2085 vestre
1054 2055 1085 2084 in
1115 2054 1174 2084 hac

191 2110 286 2150 parte
308 2108 523 2140 sollicitudine
553 2112 690 2150 paterna
718 2110 891 2150 providere
915 2110 1074 2147 volentes,
1101 2120 1174 2141 auc-
1199 2096 1201 2120 i

189 2164 320 2195 toritate
334 2165 532 2206 presentium
547 2165 725 2196 districtius
736 2166 928 2203 inhibemus,
945 2177 983 2197 ne
999 2167 1070 2206 quis
1081 2178 1173 2197 ocra-

188 2221 280 2251 sione
295 2220 442 2261 predicte
459 2221 717 2260 consuetudinis,
738 2222 1033 2254 vobismernoratas
1049 2224 1173 2255 inferre

189 2276 368 2315 molestiaS,
386 2279 439 2308 aut
460 2278 582 2309 fratres
603 2280 636 2309 et
655 2278 736 2309 bona
752 2280 863 2310 vestra
885 2279 952 2310 sine
965 2280 1047 2320 juris
1061 2280 1173 2311 ordine

186 2343 359 2374 occupare,
382 2333 529 2373 vadiare,
548 2335 704 2366 invadere
735 2345 791 2366 seu
816 2335 959 2375 quolibet
979 2336 1070 2367 modo
1091 2336 1173 2367 deti-

190 2399 266 2419 nere
287 2392 465 2430 presumat.
490 2390 574 2421 Nulli
590 2390 668 2432 [etc.
682 2417 685 2431 ,
698 2391 1014 2423 nostroinbibitionis
1033 2396 1096 2423 eto.
1110 2394 1172 2423 Da-

188 2448 254 2476 tum
269 2445 433 2483 Laterani,
452 2446 477 2476 II
495 2447 650 2478 kalendas
670 2447 865 2486 decembris,
885 2459 968 2479 anno
989 2449 1143 2480 secundo.
1158 2464 1170 2476 »ι

263 2587 358 2613 1700
736 2590 849 2617 Latran.
873 2592 885 2614 1'1
904 2590 1008 2615 quvrior
1026 2592 1099 2615 12:37.

224 2675 363 2709 Episcopo
393 2675 577 2701 laudunensi
608 2676 736 2708 mandat,
754 2681 899 2710 quau-nus
922 2678 1069 2711 Stephano
1095 2678 1171 2703 dicto

187 2724 238 2749 Ros
259 2723 429 2749 facultatem
446 2723 589 2749 concedat
611 2724 727 2757 propria
750 2724 824 2750 bona
849 2725 998 2751 alienandi
1026 2725 1068 2750 vel
1097 2724 1171 2750 obli-

184 2771 283 2805 gandi,
300 2774 332 2797 ut
347 2771 545 2797 creditoribus
560 2771 726 2797 satisfacere
743 2773 845 2806 possit,
864 2781 922 2799 non
940 2772 1075 2799 obstante
1093 2773 1170 2807 quod

184 2818 285 2844 eadem
315 2818 391 2844 bona
412 2818 508 2844 dictus
532 2819 694 2852 stephanus
725 2819 790 2845 filiis
823 2820 884 2845 suis
907 2820 995 2846 dedit.
1026 2821 1102 2853 QRnu.
1126 2822 1168 2851 233,

185 2866 505 2897 a.1!1,c.117,s.123.›

229 2969 244 2983 «ι
269 2979 289 2985 ..
323 2954 478 2998 episcopo
516 2955 745 2988 Lauduuemi.
782 2957 831 2988 Ad
864 2958 1059 2989 audientiam
1093 2969 1168 2989 nos-

177 3015 261 3041 tram
286 3012 444 3052 pervenit,
474 3011 556 3052 quod
585 3013 769 3053 Stephanus
799 3012 905 3043 dictus
941 3013 1015 3051 Bos,
1046 3014 1158 3051 laicus,

411 1770 607 1801 ordinariam
651 1780 706 1801 seu
743 1770 928 1811 delegatam
955 1771 985 1801 in
1024 1781 1081 1802 vos
1116 1782 1205 1818 non!

2153 322 2218 353 5723

1236 451 1327 482 bonis
1363 451 1428 481 suis
1460 448 1602 480 condidit
1634 449 1877 486 testamentum,
1904 447 1936 478 in
1967 458 2027 487 quo
2066 446 2216 484 Johanni,

1236 507 1373 545 Robino,
1396 505 1529 547 Sybille,
1548 504 1700 535 Ysabelle
1714 508 1746 535 et
1763 502 1885 545 sybilla
1905 503 2030 541 minori,
2045 502 2118 533 filiis
2139 502 2215 539 suis,

1237 562 1367 593 donavit
1406 561 1624 593 hereditatem
1649 570 1751 597 suam,
1772 560 1817 590 ita
1845 560 1927 600 quod
1954 559 1993 590 de
2027 559 2097 599 ipsa
2118 558 2219 589 nichil

1233 618 1318 649 idem
1344 618 1526 659 Stephanus
1552 618 1664 658 posset
1693 615 1843 648 vendere.
1864 616 2061 656 permutare,
2083 614 2217 653 donare,

1234 675 1284 706 vel
1304 675 1430 715 pignori
1442 673 1588 714 obligare
1601 675 1655 703 aut
1669 672 1730 702 alio
1746 680 1943 712 quocumspie
1957 671 2048 701 modo
2060 670 2217 707 alienare,

1237 798 1420 830 personam,
1437 797 1497 817 nee
1513 787 1680 826 quicquam
1706 784 1791 815 aliud
1812 784 1850 814 de
1865 784 1934 825 ipsa
1952 784 2072 821 facere,
2094 783 2218 823 quomi-

1235 855 1294 875 nus
1321 845 1390 884 ipsa
1418 843 1596 879 hereditas,
1616 844 1688 882 post
1711 842 1847 871 mortem
1875 840 2020 881 ejusdem
2051 839 2218 881 Stephani,

1234 901 1274 932 ad
1296 899 1543 943 eosdeintilios,
1566 909 1621 929 seu
1639 899 1780 938 ipsorum
1794 895 1932 927 heredes
1949 896 2095 926 totaliter
2108 895 2216 926 valeat

1205 955 1207 1003 3'
1234 957 1402 993 devenire,
1433 955 1494 986 fide
1519 965 1615 996 super
1639 955 1699 985 hoc
1726 953 1865 994 prestita
1893 952 1930 982 ab
1969 951 2093 982 eodem.
2135 952 2215 987 Quia

1204 1006 1206 1056 ζ
1234 1024 1325 1052 vero,
1343 1015 1436 1054 prout
1457 1012 1626 1057 asseritur,
1644 1010 1748 1041 dictus
1770 1010 1952 1050 Stephanus
1963 1006 2100 1039 diversis
2121 1010 2214 1038 tene-

1231 1072 1285 1101 tur
1305 1069 1522 1101 oreditoribus
1543 1067 1718 1108 obligatus,
1740 1076 1800 1097 neo
1821 1066 1899 1096 alias
1920 1064 2017 1096 habet
2038 1064 2120 1094 unde
2142 1064 2218 1104 ipsis

1231 1126 1446 1157 creditoribus
1469 1124 1650 1156 satisfactio
1676 1123 1784 1154 valeat
1804 1121 1988 1163 provenire,
2009 1130 2067 1151 nos
2087 1119 2217 1160 dignum

1231 1410 1283 1441 vel
1309 1409 1434 1450 pignori
1459 1407 1622 1449 obligandi
1649 1408 1775 1436 tantum
1804 1405 1843 1435 de
1871 1403 2053 1435 hereditate
2074 1402 2220 1443 predicta

1231 1466 1313 1507 quod
1352 1464 1504 1496 satisfieri
1540 1464 1642 1504 possit
1678 1461 1892 1493 creditoribus
1923 1459 2122 1497 memoratis,
2158 1457 2220 1489 fide

1231 1525 1264 1554 et
1285 1522 1458 1553 donatione
1477 1520 1631 1562 predictis
1651 1528 1849 1559 nequaquam
1871 1515 2086 1553 obstantibus,
2105 1525 2218 1545 conre-

1231 1579 1302 1619 das,
1330 1578 1525 1609 auctoritate
1553 1578 1676 1613 nostra,
1694 1574 1828 1605 liberam
1856 1573 2056 1604 facultatem.
2084 1570 2218 1603 Contra-

1233 1636 1375 1667 diotores
1396 1636 1461 1665 etr.
1486 1634 1599 1664 Datum
1627 1631 1792 1668 Laterani,
1824 1630 1915 1661 nonis
1939 1628 2104 1665 februarii,
2135 1637 2217 1658 anno

1233 1693 1342 1724 tertio.

1766 1811 1881 1841 Latran,
1897 1809 2052 1842 28janvier
2070 1810 2143 1834 1257.

1271 1816 1361 1843 1701

1266 1905 1402 1939 Magistro
1419 1907 1447 1929 et
1462 1903 1600 1929 fratribus
1624 1900 1775 1935 hospitalis
1792 1900 1825 1926 de
1842 1899 1903 1925 Auo
1917 1900 2005 1924 Passu
2025 1897 2166 1928 indulget.
2186 1899 2216 1921 ut

1231 1954 1319 1983 bona,
1340 1960 1413 1986 quae
1438 1959 1497 1982 eos,
1512 1950 1534 1976 si
1550 1949 1764 1976 remansissent
1781 1948 1810 1973 in
1827 1946 1955 1975 saecule,
1972 1945 2084 1971 ratione
2102 1952 2215 1970 succes-

1229 2001 1323 2028 sionis
1338 2000 1382 2026 vel
1398 1998 1619 2033 qualibetjusta
1632 2004 1719 2023 causa
1736 1994 1938 2029 contigissent,
1957 1996 2064 2027 petere,
2083 1992 2213 2025 recipere

1229 2058 1260 2075 ac
1279 2048 1406 2074 retinere
1423 2046 1548 2072 valeant.
1568 2046 1645 2071 illl-212.
1662 2045 1707 2075 25,
1722 2052 1746 2069 a.
1762 2043 1807 2071 111,
1829 2051 1852 2068 o.
1873 2043 1928 2071 lis,
1948 2042 2035 2067 1”.15,Ἰ

1273 2154 1285 2165 ‹=
1311 2137 1476 2180 Mayislro
1501 2143 1531 2167 el
1555 2135 1721 2177 fratribus
1743 2132 1920 2176 lzospilalis
1940 2132 1978 2163 (le
1997 2131 2071 2162 Alto
2094 2132 2210 2162 Passa.

1228 2194 1274 2226 ad
1307 2196 1491 2226 Romanam
1527 2191 1711 2224 Ecclesiam
1747 2189 1840 2222 nullo
1860 2188 1969 2220 medio
1997 2185 2209 2230 pertinentis.

1228 2252 1415 2284 Devotionis
1447 2252 1559 2281 vestre
1590 2248 1738 2290 precibus
1759 2247 1917 2284 inclinati,
1937 2249 1970 2276 ut
1990 2243 2211 2285 possessiones

1227 2312 1260 2340 et
1277 2309 1341 2339 alia
1361 2308 1443 2339 bona
1464 2306 1591 2337 mobilia
1605 2307 1637 2336 et
1652 2304 1839 2339 immobilia,
1855 2302 2003 2343 exceptis
2017 2299 2209 2331 feudalibus.

1226 2375 1286 2407 que
1314 2375 1471 2406 personas
1501 2363 1618 2393 liberas
1646 2362 1781 2392 fratrum
1812 2360 1851 2391 ad
1871 2357 2031 2399 hospitale
2052 2359 2208 2387 vestrum.

1227 2421 1335 2452 mundi
1369 2421 1485 2452 relicta
1519 2420 1677 2455 vanitate,
1710 2417 1884 2448 volantium
1921 2417 1953 2446 et
1976 2413 2207 2455 professionem

1227 2479 1414 2509 facientium
1442 2478 1470 2507 in
1505 2476 1630 2509 eodem,
1649 2476 1674 2506 si
1701 2474 1936 2505 remansissent
1969 2471 1998 2501 in
2018 2469 2137 2501 seculo,
2157 2478 2207 2498 ra-

1226 2536 1314 2566 tione
1353 2534 1569 2566 successionis
1602 2532 1653 2563 vel
1674 2540 1874 2571 quocumque
1905 2529 1965 2559 :uio
1996 2528 2087 2568 justo
2117 2525 2209 2556 titulo

1224 2592 1453 2632 esmtigissent,
1480 2594 1603 2631 petere,
1626 2589 1772 2628 recipere
1804 2597 1839 2617 ac
1863 2585 2005 2616 retinere
2032 2582 2133 2613 libere
2154 2592 2208 2611 va-

1224 2648 1331 2685 leatiS,
1350 2648 1547 2679 auctoritate
1568 2645 1657 2676 vobis
1675 2634 1873 2685 presentium
1894 2637 2208 2682 imlulgemus.Nulli

1225 2704 1319 2747 [eux]
1355 2705 1466 2735 nostre
1501 2701 1722 2733 concessionis
1752 2702 1816 2730 otc.
1850 2699 1962 2729 Datum
1989 2695 2152 2731 Laterani,
2180 2694 2205 2725 V

1224 2761 1379 2792 kalendas
1400 2759 1569 2795 februarii,
1588 2768 1671 2789 anno
1692 2757 1799 2787 tertio.
1832 2768 1845 2781 υ

1298 2885 1393 2912 1702
1757 2882 1869 2909 Latrau.
1887 2882 1920 2906 20
1937 2880 2042 2905 few-ier
2062 2880 2135 2904 1257.

1260 2973 1454 3007 infrascriptis
1487 2971 1614 3003 mandat,
1647 2973 1793 3004 quatenus
1824 2968 1970 2994 universis
2002 2964 2205 3000 parrochianis·

1221 3022 1281 3047 suis
1311 3020 1487 3055 prohibeant
1521 3018 1574 3044 sub
1602 3016 1798 3044 anathematis
1831 3014 2089 3045 interminatione,
2126 3021 2160 3038 ne
2191 3021 2203 3037 a
