2477 3512
217 276 260 308 38
910 273 1179 307 REGISTRES
1206 273 1558 306 D’ALEXANDRE
1588 273 1636 305 IV

219 383 343 415 debere
371 384 573 421 dumtaxat,
602 383 644 414 ad
673 382 937 424 requisitionem
965 385 1132 420 vestram,
1162 383 1223 414 tilii

218 437 342 475 clerici,
368 441 403 470 et
429 438 612 470 vobiscum
639 438 803 469 iuteresse
831 437 1040 479 processioni
1065 448 1145 469 cum
1172 441 1222 475 tu,

219 493 268 524 fili
296 493 482 525 cardinalis
509 497 539 524 et
571 493 626 525 alii
655 493 860 529 cardinales,
890 493 947 534 qui
977 503 1037 534 per
1064 496 1223 535 tempora

225 547 445 590 [prleuerint
460 549 492 579 in
507 549 628 579 eadem
642 548 783 579 ccclesia
799 547 917 579 Sancti
936 548 1129 589 Grisogoni,
1150 558 1225 590 pro-

218 603 458 635 cessionaliter
474 603 687 644 recipiemini
705 603 737 633 in
751 603 894 634 ecclesia
909 603 1028 634 Sancti
1042 603 1224 643 Grisogoni

218 659 425 687 memorata.
455 656 490 687 111
517 656 592 687 aliis
617 666 698 687 vero
722 656 860 687 casibus
885 656 1049 687 dixerunt
1075 666 1109 686 se
1136 656 1224 687 nolle

219 709 328 740 teneri
357 709 399 740 ad
429 709 684 750 processionem
714 709 911 740 faciendam
941 709 1051 745 vobis,
1081 709 1223 745 clericis,

216 761 295 793 licet
327 762 399 797 tibi,
429 762 477 793 1111
506 762 704 797 caminatis,
732 765 764 793 et
796 762 871 793 aliis
899 762 1136 793 cardinalibus
1165 762 1224 803 11111

216 824 277 856 1191
302 817 460 856 tempora
488 815 677 856 prefuerint
707 815 769 856 ipsi
795 815 935 846 ecclesie
962 815 1081 846 Sancti
1108 815 1223 846 (11150-

217 868 297 909 goni
331 869 587 910 processionem
622 869 728 899 velint
766 868 877 899 lacere
911 879 989 899 cuiu
1024 868 1066 899 ad
1102 878 1222 899 eorum

216 921 396 953 ecclesiam
430 922 549 953 Sancti
583 921 775 953 Salvatoris
809 932 869 951 vos
901 921 1086 961 contigerit
1121 921 1224 952 decli-

218 984 310 1011 nare,
338 975 380 1005 ad
408 985 515 1015 quani
543 974 798 1016 processionem
827 974 1025 1005 taciendam
1052 984 1085 1005 se
1113 974 1224 1006 teneri

216 1030 409 1068 spontanee
440 1030 519 1058 suut
552 1028 711 1063 confessi,
743 1031 775 1058 et
808 1028 850 1059 ad
883 1028 958 1063 1101·,
992 1030 1024 1058 111
1061 1027 1223 1059 universa

215 1082 249 1111 et
287 1080 422 1120 singula
461 1081 663 1122 supradicta
705 1080 882 1122 perpetuis
923 1081 1142 1122 [emporibus
1179 1081 1223 1112 ab

215 1133 299 1175 ipsis
317 1133 458 1175 suisque
478 1134 735 1165 successoriluis
754 1136 784 1165 et
808 1144 928 1165 eorum
948 1134 1092 1165 ecclesia
1114 1134 1225 1165 invio—

216 1186 370 1218 labiliter
413 1187 646 1218 observentur
690 1187 873 1228 omnisque
922 1187 1146 1219 dissentionis
1191 1190 1226 1219 et

226 1239 326 1279 litigii
358 1240 503 1271 materia
537 1240 705 1271 radicitus
736 1240 918 1275 evellatur,
953 1240 1079 1281 prelati
1112 1240 1225 1271 clerici

220 1293 372 1324 universi
399 1296 431 1324 ct
460 1293 596 1333 singuli,
626 1293 811 1334 dictusque
840 1296 1056 1335 procurator,
1086 1294 1226 1325 1101111119

218 1345 304 1377 dicti
334 1345 617 1387 archipresbiteri
646 1348 679 1377 et
712 1346 744 1377 111
777 1346 883 1387 11151115
913 1346 1068 1378 animani
1100 1357 1160 1388 pro
1191 1356 1225 1378 se

218 1398 358 1440 suisque
396 1399 654 1429 stu-cessoribus
692 1402 723 1429 et
765 1409 885 1430 eorum
924 1399 1079 1435 ecclesia,
1122 1400 1225 1431 tactis

217 1451 449 1483 sacrosanctis
490 1452 690 1493 evangeliis,
731 1452 938 1493 juraverunt
983 1462 1017 1483 se
1061 1453 1222 1484 universa

216 1507 249 1536 et
274 1504 409 1545 singula
433 1505 636 1546 supradicta
663 1505 736 1541 tibi,
758 1505 807 1536 1111
831 1505 1029 1541 cardinalis,
1054 1508 1087 1536 et
1114 1506 1225 1537 cardi-

218 1557 356 1589 nalibus
393 1557 468 1589 aliis
506 1558 563 1598 (1111
603 1568 663 1600 per
701 1561 860 1599 tempora
898 1558 1090 1600 prefuerint
1131 1559 1224 1590 dicte

217 1610 358 1641 ecclesie
388 1610 506 1641 Sancti
538 1611 731 1651 (irisogoni,
763 1621 897 1642 necnon
927 1615 959 1642 et
989 1611 1052 1653 ipsi
1082 1612 1223 1644 ecclesie

218 1663 337 1694 Sancti
364 1663 556 1703 Grosogoni
586 1664 672 1703 (sic)
702 1667 885 1705 tamquam
911 1674 972 1695 suo
1001 1665 1102 1695 titulo
1127 1665 1224 1696 exhi-

218 1715 365 1752 bituros,
397 1716 605 1757 prestituros
634 1719 665 1747 ct
698 1717 864 1753 tacturos,
896 1720 930 1748 et
961 1718 1054 1758 quod
1084 1718 1117 1748 in
1149 1718 1223 1749 uni-

218 1769 326 1800 versis
354 1772 386 1800 et
416 1769 560 1810 singulis
587 1770 810 1811 supradictis,
843 1770 916 1807 tibi,
946 1771 993 1801 l'ili
1023 1771 1221 1807 cardinalis,

218 1825 249 1854 ct
280 1822 516 1853 cardinalibus
544 1823 603 1864 11111
632 1833 691 1864 per
718 1826 877 1864 tempora
906 1824 1096 1865 prefuerint
1126 1834 1223 1866 sepe-

218 1875 309 1906 diete
333 1875 472 1906 ecclesie
497 1876 615 1907 Sancti
641 1876 822 1915 Grisogoni
847 1876 1012 1908 obediant
1038 1880 1071 1908 et
1109 1877 1223 1909 inten-

217 1928 315 1964 dant,
346 1938 406 1959 nec
434 1928 468 1959 in
497 1929 580 1970 ipsis
609 1929 677 1960 ullo
707 1939 863 1970 unquam
892 1932 1050 1971 tempore
1079 1931 1223 1962 rebella-

216 1981 316 2012 bunt.
349 1981 601 2013 Concesserunt
635 1992 775 2023 quoque
807 1985 839 2014 et
874 1983 1059 2014 voluerunt
1093 1984 1222 2025 prefati

217 2034 487 2075 archipresbiter
519 2035 592 2066 sive
626 2035 733 2076 ipsius
767 2039 974 2076 procurator
1007 2046 1068 2077 pro
1102 2047 1152 2073 90,
1187 2040 1223 2068 et

217 2087 329 2118 clerici
361 2087 479 2118 Sancti
512 2088 704 2119 Salvatoris
736 2091 771 2119 ut
804 2089 962 2130 predicta
994 2090 1111 2121 omnia
1143 2100 1224 2121 con-

217 2140 415 2176 firmentur,
466 2150 639 2182 omneque
690 2152 707 2172 a
759 2141 859 2172 nobis
908 2142 1079 2183 recipiant
1127 2143 1224 2174 fulci-

216 2195 388 2224 mentum.
411 2193 562 2224 Demum
584 2194 731 2235 predicti
753 2194 865 2225 clerici
888 2195 1006 2226 Sancti
1029 2195 1223 2227 Salx'atoris

215 2247 261 2283 te,
294 2246 343 2277 1111
374 2246 570 2282 cardinalis,
604 2257 641 2278 ac
675 2250 937 2288 procuratorem
970 2252 1139 2285 vestrum,
1172 2250 1222 2281 fili

215 2298 339 2335 clerici,
382 2303 595 2340 rogaverunt
637 2301 731 2341 quod
774 2311 846 2337 vos,
889 2301 963 2332 vice
1005 2305 1039 2332 et
1082 2303 1222 2334 nomine

214 2351 323 2393 ipsius
350 2352 491 2383 ecclesie
521 2353 639 2384 Sancti
670 2353 864 2393 (3115011001,
895 2354 927 2385 111
959 2355 1040 2395 111515
1066 2358 1098 2386 91
1128 2356 1221 2387 dicta

217 2414 338 2436 eorum
375 2406 517 2436 ecclesia
557 2406 675 2437 Sancti
715 2406 918 2443 Salvatoris,
958 2408 1104 2449 prelatis
1142 2419 1223 2440 con-

217 2458 307 2489 tenti
329 2458 404 2489 sitis
422 2459 570 2499 juribus,
593 2469 670 2490 cum
692 2460 972 2500 jurisdictionem
994 2464 1026 2492 et
1047 2461 1125 2501 jura
1150 2465 1221 2499 tua,

217 2510 267 2542 1111
295 2511 491 2548 cardinalis,
519 2515 551 2543 et
581 2513 812 2544 cardinalium
840 2513 899 2554 qui
927 2514 989 2544 tibi
1018 2514 1051 2545 in
1079 2515 1221 2547 ecclesia

221 2563 295 2605 ipsa
329 2565 568 2602 successerint,
602 2565 634 2596 in
670 2566 763 2596 nullo
797 2567 903 2597 velint
939 2577 997 2598 seu
1032 2568 1219 2600 intendant

218 2617 424 2658 restringere
447 2618 501 2648 vel
526 2621 651 2654 artare,
676 2622 711 2649 et
734 2619 761 2650 si
785 2630 853 2660 qua
878 2620 910 2650 in
937 2620 1124 2661 privilegiis
1148 2631 1223 2663 pre-

219 2669 291 2701 fate
316 2670 456 2701 ecclesie
483 2671 601 2702 Sancti
629 2671 811 2713 Grisogoui
837 2673 1031 2709 seutentiiS,
1059 2684 1117 2704 seu
1145 2684 1222 2715 pro-

218 2723 372 2755 cessibus
405 2733 466 2764 pro
500 2724 622 2755 eadem
656 2725 786 2756 habitis
819 2726 960 2757 ecclesia
995 2727 1223 2758 continentur

220 2786 286 2817 11119
321 2776 496 2818 prefatam
531 2777 711 2809 ecclesiam
747 2778 865 2809 Sancti
902 2779 1094 2810 Salvatoris
1130 2780 1222 2811 dicte

219 2829 359 2861 ecclesie
382 2829 501 2861 Sancti
524 2830 705 2870 Grisogoui
728 2831 838 2872 magis
859 2832 1005 2863 reddant
1031 2832 1221 2864 obnoxiam

219 2883 273 2913 vel
296 2882 505 2924 subjectam,
528 2884 571 2915 ad
594 2894 633 2915 ea
657 2884 739 2915 dicti
763 2884 1032 2925 archipresbiter
1053 2888 1085 2916 ct
1109 2885 1222 2917 clerici

220 2938 253 2966 et
294 2945 413 2967 eorum
453 2936 595 2968 ecclesia
636 2937 778 2968 minime
818 2940 1017 2975 teneantur,
1061 2941 1132 2975 tua,
1173 2939 1223 2970 fili

220 2989 417 3028 cardinalis,
440 2993 475 3022 et
496 2991 728 3023 cardinalium
749 2990 808 3032 qui
829 3000 891 3032 pro
914 2993 1071 3032 tempore
1093 3001 1224 3023 memo-

1329 385 1404 414 rate
1441 381 1582 413 ecclesie
1619 381 1739 413 Sancti
1775 381 1959 422 Grisogoni
1995 382 2199 424 prefuerint,
2237 382 2337 414 salva

1329 444 1468 477 semper
1497 435 1529 466 in
1560 434 1727 466 omnibus
1755 437 1946 476 potestate,
1978 444 2085 476 quam
2115 444 2177 477 per
2206 435 2271 468 hoc
2298 435 2335 468 in

1331 488 1450 530 aliquo
1477 487 1586 519 minui
1612 497 1680 519 non
1707 487 1911 520 intendunt.
1939 487 2045 520 Porro
2070 490 2122 525 tu,
2149 488 2199 520 fili
2223 488 2336 521 cardi-

1332 541 1431 577 nalis,
1451 544 1487 573 et
1508 540 1624 572 dietus
1644 543 1862 582 procurator,
1883 540 1958 573 vice
1977 543 2015 573 et
2034 540 2175 574 nomine
2193 541 2337 574 ecclesie

1333 593 1453 626 Sancti
1501 593 1696 634 Grisogoni,
1744 593 1921 625 dictorum
1966 593 2172 626 clericorum
2218 593 2339 627 Sancti

1333 646 1536 683 salvatoris,
1572 655 1636 688 pro
1671 646 1764 678 bono
1799 646 1896 688 pacis
1928 649 1966 678 et
2000 646 2119 688 quiete
2152 649 2336 689 perpetua,

1333 699 1565 742 petitionibus
1593 699 1779 736 annuistis,
1809 699 2003 731 dummodo
2032 699 2118 731 dicti
2145 700 2340 742 archipres-

1333 753 1423 785 biter
1439 755 1476 784 et
1494 752 1606 784 clerici
1625 762 1666 784 93
1686 762 1753 794 que
1771 752 1932 794 superius
1949 761 2011 794 per
2028 752 2122 795 ipsos
2139 755 2225 786 sunt
2241 761 2338 786 reco-

1331 806 1431 847 gnita
1453 808 1491 838 et
1512 805 1644 847 jurata,
1669 805 1850 847 perpetuis
1873 805 2096 848 temporibus
2117 805 2339 848 adimpleant

1332 858 1485 891 fideliter
1503 861 1540 890 et
1559 858 1761 895 observent,
1782 861 1890 901 prout
1907 858 1942 890 in
1965 858 2107 901 publico
2125 858 2340 892 instrumen-

1333 915 1369 944 to
1400 912 1561 944 confecto
1591 912 1730 949 exinde,
1762 911 1864 953 cujus
1891 914 2053 944 tenorem
2082 912 2124 944 de
2154 912 2263 945 verbo
2293 912 2338 945 ad

1333 966 1482 998 verbum
1513 965 1661 997 fecimus
1692 965 1917 1006 presentibus
1947 965 2062 1002 inseri,
2095 965 2339 1008 perspeximus

1333 1018 1469 1060 plenius
1489 1018 1674 1054 contineri,
1698 1027 1804 1060 quem
1825 1018 1949 1060 utiquc
1970 1021 2131 1050 tenorem
2151 1028 2196 1051 ex
2215 1021 2339 1052 aucto-

1333 1072 1438 1103 ritate
1468 1071 1669 1103 insertionis
1695 1074 1732 1103 et
1760 1071 1988 1114 inspectionis
2018 1071 2232 1113 hujusmodi,
2260 1074 2339 1105 tam

1333 1125 1367 1156 in
1401 1124 1534 1166 judicio
1569 1133 1677 1166 quam
1710 1126 1813 1156 extra
1845 1124 2029 1166 judicium,
2065 1124 2175 1157 etiam
2207 1125 2340 1158 instru-

1334 1180 1454 1210 mento
1490 1187 1562 1210 non
1597 1180 1792 1220 apparente
1828 1177 1998 1219 predicto,
2035 1178 2081 1209 ad
2118 1178 2339 1220 probationis

1334 1231 1443 1263 fidem
1464 1240 1602 1263 sumere
1623 1240 1664 1262 ac
1688 1230 1816 1263 habere
1839 1233 2010 1273 perpetuo
2033 1231 2227 1263 statuimus
2246 1231 2339 1265 vires

1334 1284 1472 1327 publice
1502 1293 1542 1315 ac
1572 1283 1772 1326 plenissime
1801 1283 1959 1315 rationis.
1991 1283 2065 1316 Nos
2091 1284 2214 1326 itaque
2244 1285 2340 1326 quod

1332 1347 1438 1380 super
1463 1337 1528 1369 hoc
1553 1337 1690 1370 factum
1714 1339 1769 1369 est
1792 1339 1913 1369 ratum
1938 1337 2111 1370 habentes
2134 1339 2172 1370 et
2193 1337 2340 1371 firmum

1333 1400 1373 1422 ac
1398 1390 1606 1433 supplentes
1632 1390 1822 1427 defectum,
1849 1390 1877 1422 si
1904 1390 1983 1432 quis
2007 1390 2043 1422 in
2068 1399 2110 1423 eo
2134 1390 2269 1428 extitit,
2295 1391 2338 1424 de

1332 1446 1451 1476 nostre
1495 1443 1716 1486 plenitudine
1759 1443 1950 1486 potestatis
1993 1443 2079 1475 illud
2123 1444 2338 1478 auctoritate

1332 1497 1527 1540 apostolica
1556 1497 1821 1534 confirmamus,
1851 1499 1888 1528 et
1917 1496 2090 1539 presentis
2119 1496 2241 1539 scripti
2268 1497 2339 1540 pri-

1331 1551 1456 1592 vilegie
1492 1550 1764 1582 communimus.
1802 1550 1918 1582 Tenor
1952 1552 2074 1582 autem
2109 1550 2339 1583 instrumenti

1331 1603 1480 1647 predicti
1498 1602 1581 1635 talis
1598 1606 1653 1636 est
1672 1613 1679 1635 :

2046 1706 2064 1732 6
2081 1706 2150 1740 Juin
2171 1706 2257 1733 1259.

1377 1773 1390 1789 «
1411 1760 1449 1792 In
1490 1760 1632 1792 nomine
1673 1760 1826 1797 Domini,
1868 1760 1993 1792 Amen.
2034 1760 2138 1792 Anno
2176 1760 2339 1802 ejusdem

1332 1826 1344 1843 «
1362 1813 1608 1851 MCCLVIIII,
1635 1813 1870 1855 pontificatus
1897 1813 2031 1845 domini
2057 1813 2251 1847 Alexandri
2276 1823 2340 1857 pa-

1331 1878 1404 1910 «pe
1441 1867 1516 1899 1111
1549 1876 1642 1899 anno
1677 1867 1813 1908 quinto,
1849 1876 1968 1899 mense
1999 1866 2100 1908 junii,
2135 1866 2191 1900 die
2222 1870 2336 1905 sexta,

1330 1921 1552 1953 «indictione
1581 1921 1747 1953 secunda.
1783 1920 1823 1952 In
1851 1920 2030 1963 presentia
2060 1920 2128 1952 mei
2159 1920 2334 1958 Riccardi,

1329 1987 1343 2003 «
1360 1974 1500 2011 notarii,
1521 1976 1558 2006 et
1578 1973 1726 2006 testium
1746 1973 2029 2016 subscriptorum
2049 1973 2094 2005 ad
2116 1973 2182 2006 hoc
2201 1966 2335 2016 specia-

1331 2041 1343 2057 «
1360 2028 1440 2060 liter
1458 2029 1670 2060 vocatorum
1687 2029 1725 2058 et
1742 2028 1960 2068 rogatorum,
1981 2026 2136 2058 universi
2154 2029 2192 2059 et
2209 2026 2338 2069 singuli

1331 2081 1545 2124 «presbiteri
1581 2083 1617 2112 et
1654 2079 1767 2111 clerici
1803 2079 1947 2111 ecclesie
1985 2078 2104 2111 Sancti
2142 2079 2337 2112 Salvatoris

1331 2134 1404 2166 «de
1435 2134 1613 2170 Curtibus,
1646 2143 1713 2174 que
1746 2132 1844 2164 Felix
1874 2132 2003 2174 Aquila
2034 2135 2264 2175 nuncupatur
2292 2133 2336 2166 de

1331 2187 1468 2224 «Urbe,
1502 2186 1758 2219 Transtiberim
1791 2185 1916 2227 posite,
1950 2185 2116 2218 videlicet
2150 2185 2337 2228 Gregorius

1330 2253 1343 2269 «
1360 2240 1534 2273 ,johannis
1558 2240 1708 2281 Rogate,
1731 2238 1877 2270 clericus
1897 2237 2058 2280 ejusdem
2079 2238 2233 2276 ecclesie,
2255 2248 2336 2281 pro-

1330 2308 1342 2323 «
1359 2296 1502 2326 curator
1530 2292 1714 2335 presbiteri
1743 2291 1850 2329 Petri,
1880 2291 2164 2334 archipresbiteri
2191 2292 2334 2325 ecclesie

1330 2347 1516 2390 «predicte
1543 2355 1607 2388 pro
1634 2346 1759 2377 eodem
1786 2344 2080 2387 archipresbitero
2106 2347 2144 2377 et
2170 2345 2248 2388 ejus
2274 2355 2336 2378 no-

1330 2401 1452 2433 1110109
1485 2400 1618 2432 habens
1651 2399 1863 2430 mandatum
1924 2398 2096 2440 scriptum
2118 2399 2131 2418 1
2191 2398 2334 2441 publico

1329 2467 1342 2483 «
1358 2455 1597 2487 instrumento
1614 2461 1677 2494 per
1694 2461 1840 2484 manum
1859 2451 1985 2483 Jacobi
2004 2451 2179 2484 Johannis
2197 2451 2333 2485 Nicolai

1329 2520 1342 2537 ‹<
1357 2506 1527 2540 scriniarii
1546 2505 1719 2542 confectQ
1740 2505 1834 2546 quod
1852 2504 2131 2537 instrumentum
2148 2512 2212 2547 ego
2230 2507 2333 2538 nota-

1329 2561 1429 2593 «rius
1455 2560 1529 2592 vidi
1554 2562 1591 2591 et
1617 2559 1693 2600 legi,
1723 2561 1763 2590 ut
1787 2558 1898 2600 ipsius
1923 2561 2027 2590 tenor
2051 2558 2197 2590 inferius
2221 2567 2332 2591 anno-

1329 2616 1467 2651 «tatur,
1501 2615 1539 2645 et
1574 2611 1783 2653 Raynefius,
1820 2611 1915 2653 prior
1948 2610 2131 2653 presbiter,
2167 2610 2332 2644 Matheus

1329 2681 1341 2697 11
1358 2666 1512 2708 Angelus
1542 2665 1636 2697 Petri
1667 2664 1862 2701 Guarnerii‚
1892 2664 2074 2696 Johannes
2104 2663 2252 2696 Gentilis
2281 2664 2332 2697 Si—

1328 2719 1488 2762 «gnorile
1521 2718 1691 2760 Stephani
1723 2717 1913 2754 Pancratii,
1944 2720 1981 2749 et
2012 2716 2172 2758 prefatus
2204 2717 2332 2760 Grego-

1329 2773 1440 2810 «rius,
1474 2781 1536 2815 pro
1570 2781 1605 2803 se
1637 2773 1673 2803 et
1705 2780 1769 2802 suo
1802 2770 1943 2802 nomine
1975 2778 2017 2804 ae
2049 2769 2204 2811 Angelus
2236 2770 2332 2803 Petri

1328 2840 1340 2857 «
1357 2825 1531 2860 ,Iohannis
1555 2824 1689 2865 Angeli‚
1715 2823 1902 2856 constituti
1925 2823 1961 2855 in
1984 2823 2162 2865 presentia
2185 2832 2330 2857 venera-

1328 2879 1436 2912 «bilis
1464 2877 1576 2921 patris
1604 2876 1738 2910 domini
1767 2876 1951 2912 Johannis,
1983 2875 2102 2910 Sancti
2131 2875 2266 2909 Nicolai
2293 2876 2329 2908 in

1360 3004 1381 3024 1.
1404 3002 1495 3024 Ram:
1517 3001 1651 3028 scriptana.
