2477 3512
216 264 258 296 36
915 259 1182 291 REGISTRES
1210 257 1560 290 D’ALEXANDRE
1591 257 1637 289 IV

222 377 332 399 «nam
364 366 398 398 in
430 366 599 408 proximis
629 368 715 397 tunc
745 364 875 396 futuris
906 364 1065 396 kalendis
1096 364 1224 396 mensis

219 419 387 460 «augusti
413 420 507 461 apud
532 418 701 460 Tripolim
726 417 781 449 vel
807 418 936 454 Accon,
963 416 1066 449 dictis
1092 427 1223 449 merca-

218 485 231 501 «
247 473 383 504 toribus
403 473 458 504 vel
479 481 599 504 eorum
621 471 732 507 alteri,
755 473 817 502 aut
838 480 959 502 eorum
980 472 1075 501 certo
1098 470 1222 501 nuntio

223 538 235 554 υ
250 525 403 568 plenarie
442 525 475 556 in
516 524 666 556 solidum
707 523 917 555 reddituros.
961 523 1061 562 Quod
1102 523 1140 559 si,
1183 526 1219 554 ut

222 579 384 610 «dictum
429 581 492 614 est,
537 577 694 619 predicta
738 576 883 618 pecunie
926 576 1110 617 quantitas
1153 586 1221 607 non

221 632 353 663 «suerit
382 631 416 662 in
446 631 548 662 dictis
576 630 650 662 loco
679 632 714 661 et
741 629 890 661 termino
918 629 1063 671 prefatis
1092 639 1223 660 merca-

221 684 384 715 «toribus
411 684 543 725 integre
571 683 749 719 restituta,
777 692 819 714 ex
846 685 930 713 tunc
958 682 991 713 in
1027 685 1132 714 antea
1160 692 1221 723 pro

221 751 232 765 υ
249 738 484 779 dampnorum
528 737 693 768 interesse
734 738 769 767 et
809 745 1043 777 expensarum
1092 745 1223 766 recom-

221 790 454 832 «pensatione
490 789 646 830 legitima
684 788 914 830 stipulatione
949 787 1109 830 promisit
1147 798 1222 829 per-

219 843 379 875 «solvere
409 843 503 874 dicto
533 842 669 874 Jacobo
698 841 891 883 recipienti,
931 851 992 883 pro
1022 851 1057 872 se
1086 843 1121 872 et
1151 840 1222 872 suis

223 896 361 933 «sociis,
381 896 472 928 sicut
492 895 626 927 dictum
646 897 709 932 cst,
732 905 793 936 per
811 893 966 935 singulos
978 894 1065 925 duos
1085 903 1221 925 menses

220 959 309 991 «pro
352 949 565 991 quibuslibet
609 951 753 980 centum
794 947 962 979 Bisantiis
1004 946 1220 988 quantitatis

221 1002 414 1044 «predicte,
454 1003 572 1033 decem
609 1001 798 1037 Bisantios,
836 1003 872 1032 et
908 1010 1080 1042 expensas
1118 1000 1221 1031 unius

219 1068 231 1083 «
247 1055 452 1087 mercatoris
474 1065 554 1087 cum
578 1065 647 1086 uno
670 1064 760 1095 equo
783 1056 819 1085 et
843 1064 912 1085 uno
935 1053 1120 1090 serviente,
1147 1053 1222 1084 ubi-

218 1119 384 1150 «cunque
412 1111 586 1140 mercator
612 1107 728 1143 fuerit,
758 1117 868 1148 usque
895 1107 939 1138 ad
963 1107 1103 1148 plenam
1130 1106 1221 1137 solu-

220 1162 380 1193 «tionem
411 1161 520 1193 totius
548 1161 693 1202 pecunie
722 1163 927 1197 memorate,
957 1162 1063 1202 prout
1090 1159 1124 1190 in
1153 1159 1221 1190 ins-

222 1217 430 1247 «trumento
461 1214 602 1256 publico
634 1213 770 1256 plenius
801 1213 1014 1245 continetur.
1049 1212 1114 1244 Sed
1146 1222 1222 1254 pre-

220 1268 343 1299 «fatus
374 1267 536 1299 dominus
568 1266 752 1308 episcopus
783 1266 950 1308 predictis
980 1266 1055 1297 loco
1087 1268 1120 1297 et
1155 1268 1222 1296 ter-

219 1321 342 1352 «mino
380 1320 482 1351 dictis
519 1319 774 1351 mercatoribus
812 1329 873 1351 nec
910 1321 992 1361 post
1029 1318 1221 1350 terminum

221 1374 290 1405 «de
324 1374 417 1405 dicta
452 1373 599 1415 pecunia
633 1372 765 1414 aliquid
799 1371 933 1404 solvere
967 1382 1035 1403 non
1069 1372 1220 1403 curavit.

218 1427 348 1458 «Unde
379 1436 459 1457 cum
491 1426 606 1457 dictus
637 1425 794 1457 Jacobus
825 1428 859 1457 et
890 1425 967 1466 ejus
995 1424 1077 1456 socii
1108 1424 1221 1456 eidem

217 1478 395 1511 «Consilio
427 1481 462 1511 et
492 1479 587 1510 Bene
619 1479 661 1510 de
694 1478 817 1510 Cetera
849 1477 1085 1515 vendiderint,
1120 1478 1223 1509 dede-

218 1545 230 1561 «
244 1532 326 1569 rint,
347 1532 582 1564 concesserint
602 1534 637 1563 et
658 1531 908 1563 mandaverint
928 1531 1106 1573 prefatum
1127 1530 1223 1562 debi-

218 1598 230 1614 κ
244 1588 322 1617 tum
360 1588 395 1617 et
433 1594 561 1616 nomen
601 1584 711 1616 debiti
749 1594 810 1616 sex
848 1583 943 1616 milia
979 1583 1222 1615 Bisantiorum

219 1648 432 1670 «aureorum
460 1638 501 1669 de
529 1638 646 1669 Aceon
675 1638 718 1669 ad
747 1637 885 1679 pondus
912 1637 1114 1669 Acconense
1141 1646 1221 1668 cum

220 1691 421 1733 «dampnis,
459 1691 625 1722 interesse
662 1693 697 1722 et
733 1690 895 1732 expensis
932 1690 1026 1732 quod
1063 1690 1222 1731 prefatus

219 1744 409 1776 «dominus
451 1743 635 1785 episcopus
677 1744 830 1775 debebat
873 1743 968 1774 dicto
1010 1742 1145 1774 Jacobo
1187 1745 1222 1774 et.

221 1797 348 1829 «sociis
373 1796 459 1838 ejus,
487 1799 527 1828 ut
551 1797 710 1838 superius
737 1796 872 1828 dictum
898 1799 961 1833 est„
989 1796 1080 1838 petit
1107 1795 1222 1827 dictus

220 1850 428 1887 «Consilius,
468 1860 530 1881 suo
568 1852 603 1881 et
641 1850 725 1881 dicti
749 1850 856 1886 Bene,
883 1849 965 1881 socii
991 1849 1043 1880 sui
1070 1849 1221 1885 nomine,

221 1913 308 1945 «per
344 1913 417 1939 VOS,
455 1903 596 1934 domine
632 1902 786 1939 auditor,
825 1902 1003 1944 prefatum
1039 1902 1222 1934 dominum

223 1956 453 1997 «episcopum
486 1955 745 1987 sententialiter
777 1955 1029 1997 condempnari
1062 1958 1097 1987 et
1129 1965 1223 1987 com-

221 2009 327 2051 «pelli
357 2011 396 2040 ut
424 2008 538 2040 eidem
567 2009 716 2040 Consilio
746 2009 806 2040 det
834 2011 869 2040 et
897 2008 1013 2040 solvat
1038 2018 1099 2040 sex
1127 2008 1222 2040 milia

219 2062 404 2103 «predicta
428 2061 669 2093 Bisantiorum
697 2072 883 2093 aureorum
910 2061 1221 2093 Sarracenatorum

219 2115 288 2146 «de
319 2115 438 2146 Accon
471 2115 515 2146 ad
549 2115 688 2156 pondus
720 2115 933 2151 Acconense,
967 2117 1002 2146 et
1034 2114 1098 2146 hoc
1131 2114 1222 2156 petit

218 2177 325 2199 «cum
357 2167 531 2209 dampnis,
564 2168 731 2200 interesse
762 2170 797 2199 et
828 2167 990 2209 expensis
1020 2167 1124 2199 factis
1154 2178 1220 2209 que

219 2223 281 2252 «et
322 2230 410 2262 quas
449 2220 602 2252 extimat
642 2223 798 2262 quatuor
846 2220 941 2252 milia
980 2220 1221 2252 Bisantiorum

219 2283 432 2304 «aureorum
460 2273 773 2305 Sarracenatorum
800 2274 842 2305 de
867 2273 985 2305 Accon
1012 2274 1055 2305 ad
1083 2274 1222 2315 pondus

220 2326 459 2363 «Acconense,
499 2329 534 2357 et
564 2336 736 2367 expensas
766 2326 947 2358 faciendas
978 2329 1220 2368 protestatur;

220 2377 345 2410 «salvo
373 2379 450 2420 jure
478 2381 544 2411 ete.
573 2392 585 2407 »

267 2453 279 2468 «
319 2440 449 2472 Verum
490 2441 606 2472 dictus
647 2441 810 2472 dominus
850 2441 1039 2473 cardinalis
1079 2451 1222 2474 causam

222 2493 453 2534 «hujusmodi
474 2493 575 2525 nobis
596 2493 765 2535 magistro
788 2493 923 2525 Uberto
945 2494 987 2525 de
1009 2494 1220 2532 Cochenato,

221 2545 381 2577 «domini
415 2556 505 2588 pape
536 2546 752 2578 subdiacono
785 2549 821 2578 et
853 2546 1044 2588 capellano,
1078 2547 1222 2579 audien-

223 2599 333 2630 «dam
355 2598 542 2631 commisit.
567 2599 733 2630 Partibus
755 2599 862 2640 igitur
884 2599 918 2630 in
943 2602 1062 2631 nostra
1085 2610 1224 2641 presen-

222 2651 299 2684 «tia
331 2652 546 2689 constitutis,
580 2652 639 2683 lite
671 2662 776 2694 super
806 2652 882 2693 ipso
914 2653 1030 2684 libello
1062 2653 1097 2684 in
1130 2654 1222 2686 hunc

223 2705 395 2737 «modum
419 2705 573 2746 legitime
598 2708 810 2742 contestata,
837 2705 1002 2737 videlicet
1027 2707 1121 2747 quod
1145 2717 1224 2748 pro-

224 2760 393 2790 «curator
419 2757 528 2799 ipsius
556 2758 709 2800 episcopi
739 2758 918 2790 consessus
947 2761 999 2790 est
1029 2760 1123 2800 quod
1154 2760 1223 2791 die-

225 2813 310 2842 «tus
348 2810 533 2852 episcopus
571 2811 621 2842 ita
661 2810 840 2843 confessus
879 2811 948 2842 suit
987 2814 1023 2843 et
1062 2812 1223 2853 promisit

225 2866 291 2894 «ut
324 2863 359 2895 in
393 2864 551 2905 predicto
585 2863 788 2895 continetur
822 2864 948 2901 libello,
980 2864 1039 2896 sed
1074 2874 1114 2896 ea
1149 2865 1223 2897 fieri

225 2916 376 2948 «debere
405 2916 558 2957 negavit,
589 2917 807 2958 prestitoque
832 2917 912 2948 hinc
940 2917 1021 2948 inde
1050 2927 1069 2949 a
1099 2918 1224 2958 princi-

226 2968 390 3009 «palibus
430 2969 591 3011 partibus
633 2969 831 3011 calumpnie
871 2970 1084 3011 juramento,
1127 2971 1224 3002 exhi-

1327 362 1437 394 «bitis
1475 362 1721 394 instrumentis
1759 372 1779 394 a
1819 364 1920 404 parte
1959 364 2198 394 mercatorum
2242 361 2337 404 ipso-

1328 430 1341 444 υ
1357 428 1445 454 runi,
1471 417 1555 449 visis
1579 420 1615 449 et
1640 417 1771 449 auditis
1795 417 2003 454 rationibus,
2027 416 2166 458 juribus
2190 419 2226 448 et
2252 416 2334 448 alle-

1329 472 1558 513 «gationibus
1601 472 1783 513 utriusque
1826 471 1937 513 partis
1978 474 2014 503 et
2057 471 2222 503 omnibus
2264 480 2332 513 que

1328 530 1475 570 «partes
1508 527 1581 569 ipse
1616 536 1733 558 coram
1769 526 1869 558 nobis
1903 536 2096 568 proponere
2130 525 2332 564 voluerunt,

1329 586 1389 615 «et
1422 592 1526 624 super
1556 582 1639 624 ipsis
1670 581 1921 614 deliberatione
1953 581 2076 613 habita
2108 580 2268 622 diligenti
2297 583 2334 614 et

1328 648 1340 663 «
1356 646 1374 667 a
1407 636 1567 677 partibus
1597 635 1680 677 ipsis
1711 635 1745 666 in
1777 644 1882 666 causa
1914 634 1988 676 ipsa
2019 634 2182 666 concluso
2213 643 2253 666 ac
2283 634 2332 666 eis

1329 689 1451 720 «dicto
1477 688 1620 720 domino
1646 688 1814 719 cardinali
1839 687 1993 719 fideliter
2016 690 2052 719 et
2077 687 2177 729 plene
2202 686 2332 724 relatis,

1328 742 1517 784 «partibus
1547 741 1655 773 etiam
1687 741 1838 772 termino
1868 741 1912 772 ad
1943 740 2158 772 sententiam
2188 740 2333 772 audien-

1328 807 1341 823 «
1357 795 1438 826 dam
1465 794 1611 836 pre-fixo,
1638 794 1720 836 qnia
1746 796 1888 826 constat
1914 793 2015 825 nobis
2040 793 2176 825 dictum
2200 793 2332 835 episco-

1328 858 1439 890 «pum
1476 850 1510 879 et
1547 847 1729 879 ecclesiam
1766 846 2024 888 Tripolitanam
2061 846 2164 878 dictis
2201 855 2333 878 merca-

1330 901 1495 932 «toribus
1529 900 1563 931 in
1600 910 1659 931 sex
1696 900 1836 931 milibus
1870 899 2111 931 Bisantiorum
2146 908 2333 931 aureorum

1329 954 1645 985 «Sarracentorum
1685 953 1772 993 (sic)
1808 954 1850 984 de
1884 953 2002 984 Accon
2037 952 2082 984 ad
2117 952 2256 994 pondus
2290 952 2333 984 de

1329 1019 1340 1035 «
1357 1008 1473 1039 Accon
1500 1017 1543 1038 ex
1569 1015 1674 1038 causa
1700 1006 1815 1038 mutui
1844 1006 1964 1042 teneri,
1991 1006 2143 1037 eundem
2170 1014 2334 1047 procura-

1331 1073 1342 1088 «
1360 1063 1482 1096 torem,
1512 1060 1654 1091 nomine
1683 1059 1792 1101 ipsius
1821 1059 1975 1101 episcopi
2003 1061 2039 1090 et
2067 1068 2128 1100 per
2155 1068 2236 1091 eum
2265 1058 2335 1090 dic-

1330 1126 1341 1141 «
1359 1116 1433 1145 tum
1464 1113 1647 1144 dominum
1675 1112 1881 1154 episcopum
1909 1115 1945 1144 ct
1972 1111 2155 1144 ecclesiam
2182 1113 2218 1143 et
2245 1111 2336 1153 epis-

1327 1169 1524 1208 «copatum
1569 1165 1807 1207 Tripolitanos
1853 1165 1886 1196 in
1933 1165 2036 1197 dictis
2081 1174 2143 1196 sex
2193 1164 2336 1196 milibus

1331 1233 1336 1247 ‹
1355 1219 1523 1252 Bisantiis
1541 1219 1655 1251 aureis
1674 1218 1914 1250 Sarracenatis
1932 1219 1973 1250 de
1996 1218 2114 1250 Accon
2132 1218 2176 1250 ad
2195 1217 2334 1260 pondus

1324 1287 1336 1301 «
1357 1274 1556 1305 Acconense
1584 1283 1645 1314 pro
1671 1274 1764 1303 sorte
1790 1274 1824 1303 ct
1851 1272 1884 1303 in
1911 1271 2004 1303 mille
2028 1270 2196 1303 trecentis
2221 1270 2334 1303 aureis

1330 1325 1597 1358 «Sarracenatis
1634 1325 1676 1357 de
1714 1325 1832 1357 Aceon
1870 1325 1914 1356 ad
1951 1324 2154 1356 Acconense
2191 1323 2331 1366 pondus

1330 1393 1341 1407 ι(
1357 1389 1419 1421 pro
1456 1378 1630 1420 dampnis,
1668 1378 1834 1410 interesse
1870 1380 1905 1409 et
1941 1377 2113 1419 expensis,
2151 1376 2335 1409 taxatione

1329 1432 1543 1474 «preliabita
1581 1441 1686 1473 super
1722 1431 1788 1463 hiis
1826 1430 1996 1472 diligenti,
2041 1430 2144 1462 dictis
2181 1429 2332 1462 Consilio

1329 1498 1341 1514 «
1356 1488 1391 1517 et
1408 1485 1502 1517 Bene
1522 1485 1563 1516 de
1583 1484 1716 1521 Cetera,
1737 1484 1830 1525 socio
1849 1493 1922 1521 suo,
1943 1484 1985 1516 de
2003 1483 2144 1526 speciali
2162 1482 2334 1515 mandato

1330 1538 1441 1570 «dicti
1470 1537 1603 1570 domini
1630 1536 1818 1570 cardinalis
1846 1539 1881 1569 et
1909 1536 2123 1568 auctoritate
2151 1535 2270 1578 ipsius,
2298 1535 2334 1567 in

1329 1605 1340 1620 «ε
1356 1591 1495 1633 scriptis
1518 1590 1779 1623 sententialiter
1801 1590 2117 1632 condempnamus,
2141 1588 2333 1631 precipien-

1329 1648 1409 1677 «tes
1433 1647 1469 1676 et
1494 1644 1706 1676 mandantes
1731 1653 1792 1685 per
1815 1643 1905 1675 hanc
1931 1645 2091 1675 nostram
2116 1642 2332 1675 sententiam

1329 1698 1519 1739 «episcopo
1555 1699 1751 1729 memorato
1788 1699 1825 1727 ut
1865 1696 1930 1728 tria
1966 1695 2061 1728 milia
2096 1698 2132 1728 et
2168 1695 2335 1737 quadrin-

1329 1753 1480 1792 «gentos
1522 1750 1700 1782 Bisantios
1744 1749 1778 1781 in
1825 1759 1943 1781 mense
1987 1748 2128 1790 augusti
2173 1748 2334 1790 proximo

1329 1804 1466 1835 «futuri
1498 1803 1533 1835 in
1564 1803 1711 1835 civitate
1742 1802 1973 1844 Tripolitana,
2006 1804 2041 1834 et
2071 1801 2139 1834 tria
2171 1801 2267 1833 milia
2298 1803 2334 1833 et

1328 1857 1591 1898 «novingentos
1626 1855 1805 1887 Bisantios
1843 1865 1966 1887 aureos
2005 1855 2254 1887 Sarracenatos
2291 1854 2334 1886 de

1329 1910 1474 1942 «Accon
1504 1910 1548 1941 ad
1579 1909 1718 1951 pondus
1746 1908 1949 1940 Acconense
1979 1907 2014 1939 in
2044 1917 2162 1940 mense
2192 1906 2334 1949 augusti

1329 1966 1487 1995 «extunc
1522 1962 1683 2005 proximo
1717 1961 1828 1993 futuri
1863 1961 1897 1993 in
1932 1961 2078 1993 civitate
2113 1960 2333 2003 Tripolitana

1329 2016 1459 2048 «dictis
1488 2015 1745 2047 mercatoribus
1773 2015 1829 2046 vel
1859 2024 1980 2046 eorum
2010 2013 2230 2056 procuratori
2259 2023 2336 2055 per-

1328 2069 1482 2106 «solvat,
1511 2078 1551 2100 ac
1578 2069 1620 2100 de
1646 2068 1730 2110 ipsis
1757 2067 1951 2110 plenariam
1977 2067 2026 2099 eis
2052 2066 2334 2099 satisfactionem

1328 2123 1551 2164 «impendat.
1585 2122 1675 2154 Lata
1708 2121 1777 2153 fuit
1809 2120 1986 2153 sententia
2019 2120 2083 2152 hec
2116 2122 2152 2152 et
2184 2119 2333 2152 recitata

1328 2175 1525 2217 «Anagnie‚
1561 2174 1783 2217 presentibus
1816 2174 1973 2206 Antonio
2006 2173 2134 2210 Azarii,
2169 2182 2334 2215 procura-

1327 2242 1339 2258 »
1356 2231 1431 2261 tore
1459 2228 1617 2270 predicto
1644 2227 1801 2269 episcopi
1827 2226 2033 2269 supradicti,
2061 2229 2097 2258 et
2124 2225 2218 2258 dicto
2246 2226 2335 2258 Con-

1326 2282 1430 2314 »silio
1462 2291 1502 2313 ac
1533 2281 1685 2313 testibus
1716 2280 1761 2312 ad
1786 2280 1851 2312 hoc
1877 2279 2013 2312 vocatis
2035 2289 2042 2311 :
2069 2279 2232 2316 Ranerio,
2259 2288 2335 2320 pre-

1328 2335 1471 2377 »posito
1501 2335 1544 2366 de
1574 2334 1703 2366 Sancto
1734 2333 1953 2370 Geminiano,
1984 2333 2089 2364 Petro
2119 2332 2232 2369 Calza‚
2264 2331 2334 2363 Ro-

1328 2397 1460 2420 »mane
1502 2387 1596 2419 curie
1639 2387 1826 2423 advocato,
1872 2386 2039 2427 magistro
2080 2384 2332 2417 Bartholomeo

1328 2455 1340 2471 »
1357 2442 1399 2473 de
1416 2440 1605 2477 Florentia,
1624 2439 1773 2477 notario,
1792 2439 1896 2471 Petro
1914 2439 1956 2471 de
1974 2439 2104 2471 Sancto
2122 2437 2333 2479 Sebasti[a]-

1328 2508 1340 2523 »
1358 2504 1413 2531 no,
1446 2493 1590 2530 Maczia,
1624 2492 1792 2525 canonico
1826 2492 1946 2524 Sancti
1978 2491 2128 2524 Secundi
2159 2490 2330 2535 Astensis,

1329 2546 1480 2579 »clerico
1510 2548 1641 2583 nostro,
1671 2548 1706 2577 et
1735 2544 1968 2581 Thomasesso,
1998 2543 2170 2576 familiare
2199 2542 2333 2575 domini

1331 2599 1544 2632 «cardinalis
1582 2598 1742 2640 predicti.
1785 2598 1824 2629 In
1862 2598 1964 2639 cujus
2001 2597 2049 2629 rei
2087 2596 2332 2629 testimonium

1330 2656 1391 2685 «et
1420 2653 1578 2684 futuram
1608 2651 1814 2683 memoriam
1843 2651 2102 2693 premissorum,
2132 2652 2331 2692 presentem

1330 2705 1571 2738 «sententiam
1613 2707 1772 2736 nostram
1814 2714 1874 2746 per
1914 2703 2180 2745 infrascriptum
2220 2702 2332 2735 tabel-

1331 2759 1486 2791 «lionem
1528 2760 1688 2790 nostrum
1731 2758 1766 2788 in
1809 2756 1987 2799 publicam
2030 2757 2182 2788 formam
2224 2755 2333 2797 redigi

1331 2812 1504 2844 «fecimus
1533 2814 1568 2843 et
1597 2811 1706 2852 sigillo
1737 2810 1847 2842 nostri
1877 2810 2090 2852 appensione
2120 2808 2259 2841 muniri.
2293 2808 2331 2840 In

1332 2875 1451 2898 «anno
1488 2864 1631 2896 Domini
1668 2863 1912 2901 MCCLVIIII,
1951 2863 2006 2894 die
2043 2862 2167 2904 quinto
2204 2861 2332 2893 mensis

1331 2918 1452 2955 «maii,
1490 2918 1641 2949 secunde
1679 2916 1890 2953 indictionis,
1930 2916 2160 2957 pontificatus
2198 2914 2330 2946 domini

1331 2971 1549 3003 «Alexandri
1574 2980 1664 3012 pape
1694 2970 1766 3001 IIII
1792 2979 1884 3001 anno
1910 2969 2046 3010 quinto.

2466 2510 2477 2705 -.mai—An·
