2477 3512
129 412 150 426 -α
179 397 317 428 Blancus
335 396 488 437 plebanus
512 396 552 427 de
584 395 745 432 Laurelia,
763 394 933 425 Tervisine
965 393 1113 425 diocesis,
1138 388 1142 428 l
1170 406 1183 419 υ
1216 393 1391 431 fructuum⁷

133 467 148 481 (ί

133 580 149 594 ((

135 636 150 650 ((

135 692 150 707 ((

135 749 150 762 (1

137 805 151 819 ((

137 862 151 875 1(

138 918 151 931 n

139 973 153 987 ((

138 1029 153 1043 ((

139 1086 153 1099 «

121 1134 125 1136 ⁸
140 1143 153 1155 1(

139 1198 154 1212 f(

140 1255 155 1269 ((

141 1311 153 1324 «

137 1369 151 1381 (1

137 1424 151 1437 «

137 1481 150 1493 α

141 1536 155 1550 ί(

141 1592 156 1607 ((

139 1649 154 1663 ((

140 1706 155 1720 ((

139 1761 155 1776 (ί

142 1818 156 1833 ί(

145 1874 160 1888 ((

146 1931 161 1945 ((

143 1987 157 2001 ί(

144 2045 158 2059 ((

147 2100 161 2114 (ί

146 2157 161 2171 ((

148 2213 161 2228 ί(

147 2269 161 2283 ί(

147 2325 160 2339 ί(

148 2365 162 2395 'n

149 2438 163 2452 ί(

151 2496 163 2508 u

151 2551 164 2565 (Ι

151 2607 164 2621 u

151 2663 165 2677 (‹

151 2720 165 2732 <1

152 2776 166 2789 «

153 2832 168 2846 ((

155 2887 170 2902 ((

147 2944 169 2957 Δ1(

935 310 1164 349 TROISIEME
1189 313 1333 350 ANNEE

177 456 370 495 procurator
400 451 536 493 predicti
562 451 705 483 Andree.
729 461 747 481 a
777 460 837 490 quo
858 449 897 480 ad
914 449 1116 491 compositio·

132 524 148 537 «
170 519 244 541 nem
261 508 461 540 faciendam¹
484 513 516 539 et
533 507 699 549 eligendos
709 506 847 537 arbitros
868 509 900 537 et
917 506 955 536 ad
970 515 1115 547 eompro—
1141 503 1143 538 l

176 566 365 597 mittendum
383 565 413 595 in
435 575 490 595 eos
510 567 543 595 et
558 563 745 605 specialiter
771 563 803 592 in
825 573 882 593 nos
905 562 1117 594 Octavianum
1142 565 1144 591 Γ

179 622 298 653 Sancte
321 621 463 652 Mariein
484 621 543 650 Via
558 621 637 650 Lata
651 619 818 650 diaconum
836 618 1031 649 cardinalem
1046 627 1118 658 spe-

178 678 260 709 ciale
289 677 426 708 habebat
460 675 657 712 mandatum,
684 675 974 716 compromiserunt
1000 674 1031 704 in
1061 682 1118 704 nos

177 735 213 766 Ο.
238 733 430 765 cardinalem
453 731 631 773 predictum
661 733 814 771 tanquam
844 731 873 761 in
901 730 1055 761 arbitrum
1086 730 1119 760 et

179 789 379 822 amicabilem
416 779 662 828 compositorem
702 798 799 829 super
831 787 999 828 questione
1046 796 1118 826 pre-

180 847 268 878 dicta
304 845 360 875 sub
395 847 487 874 certa
516 854 598 885 pena
638 846 671 874 et
708 843 956 884 interpositione
991 842 1118 884 prestiti

175 901 348 944 juramenti
376 900 619 941 comprehensis
650 900 680 930 in
703 899 816 931 eodem
839 899 1070 940 compromisso
1088 900 1120 929 et

177 968 273 999 super
296 957 357 987 hiis
388 956 539 987 omnibus
565 958 598 987 et
625 956 761 996 singulis
799 956 945 996 prefatus
978 953 1120 986 decanus

182 1025 216 1046 se
235 1015 338 1055 ipsum
370 1015 401 1045 et
427 1016 621 1044 memoratus
650 1012 789 1043 Blancus
816 1012 1038 1053 procuratorio
1066 1022 1122 1042 no—
1147 1023 1148 1052 j
1178 1030 1191 1043 t(

184 1071 268 1101 mine
278 1071 376 1111 ipsius
397 1069 525 1100 Andree
536 1069 693 1100 voluntati
705 1069 940 1099 etordinationi
957 1068 1076 1099 nostris
1088 1078 1122 1098 se
1147 1066 1149 1075 '

180 1126 329 1159 totaliter
348 1127 683 1168 submiserunt,pr0ut
702 1127 906 1157 commissum
928 1128 1000 1157 erat
1019 1126 1123 1157 eidem

182 1185 386 1226 procuratori
406 1184 444 1215 ab
466 1184 576 1214 eodem
601 1184 639 1214 A.
667 1193 724 1224 per
744 1183 901 1224 publicum
928 1184 1124 1213 instrumen-

184 1244 253 1272 tum
274 1241 349 1272 inde
367 1241 551 1271 confectum
571 1250 627 1281 per
655 1240 893 1271 Walsredinum
922 1239 959 1270 de
984 1239 1121 1275 Natalis,

178 1298 379 1328 Tervisinuni
406 1297 576 1328 notarium.
615 1297 679 1327 Nos
699 1297 810 1337 igitur.
834 1295 1015 1337 hujusmodi
1037 1306 1124 1326 com-

182 1354 340 1395 promisso
359 1356 391 1384 et
428 1353 640 1384 submissione
667 1353 808 1394 receptis
836 1362 873 1383 ae
898 1352 973 1383 data
994 1352 1086 1383 nobis
1108 1362 1125 1382 a

180 1410 308 1441 domino
325 1420 405 1451 papa
425 1410 499 1440 viva
518 1419 598 1440 voce
630 1410 825 1440 auctoritate
856 1419 893 1440 ac
914 1409 1010 1449 plena
1027 1408 1125 1439 licen-

181 1467 225 1497 tia
242 1465 441 1507 providendi.
457 1465 626 1497 ordinandi
647 1468 682 1496 et
695 1465 913 1496 sententiandi
933 1465 1019 1495 inter
1038 1466 1125 1506 ipsos

183 1523 267 1553 sicut
294 1523 341 1553 eis
373 1522 556 1553 videremus
581 1524 614 1553 et
636 1522 793 1562 questioni
815 1522 923 1552 utilius
954 1521 1123 1562 expedire⁷

184 1580 229 1610 sic
250 1589 348 1620 super
361 1588 398 1609 ea
424 1578 621 1619 providendo
639 1578 845 1615 arbitramur,
871 1578 1056 1609 arbitrando
1076 1588 1125 1608 or-

183 1635 332 1666 dinamus
344 1637 377 1666 et
397 1634 574 1665 ordinando
594 1636 849 1675 pronuntiamus,
872 1635 1023 1665 videlicet
1044 1634 1126 1675 quod

180 1692 360 1733 predictam
392 1691 586 1732 prebendam
639 1691 724 1722 idem
764 1691 913 1722 Andreas
944 1691 984 1722 de
1017 1697 1128 1722 cetero

183 1748 304 1779 habeat
331 1758 403 1779 cum
425 1747 551 1789 juribus
579 1750 612 1779 et
632 1748 835 1789 pertinentiis
865 1748 930 1778 suis
959 1747 1059 1778 libere
1089 1758 1128 1778 ae

185 1805 294 1844 quiete
335 1805 406 1835 sine
432 1805 533 1845 ipsius
561 1804 817 1835 contradictione
849 1803 961 1835 decani
995 1806 1028 1834 et
1058 1815 1128 1835 eam

190 1861 229 1892 ad
250 1861 352 1902 ipsum
374 1860 509 1891 dicimus
526 1864 559 1891 et
577 1860 780 1891 decernimus
809 1861 985 1901 pertinere⁷
1009 1870 1129 1891 memo—
1155 1875 1156 1879 ¹

190 1920 262 1948 rato
283 1917 405 1948 decano
421 1917 623 1958 imponentes
637 1919 827 1958 perpetuum
847 1917 1008 1948 silentium
1033 1928 1130 1958 super
1154 1917 1156 1927 ¹

183 1984 233 2011 ea,
261 1984 296 2004 ac
318 1973 509 2004 mandantes
543 1973 658 2008 eidem,
696 1978 729 2004 ut
749 1974 920 2004 occasione
954 1974 1054 2014 ipsius
1079 1974 1129 2004 vel

193 2040 290 2071 super
310 2040 347 2060 ea
364 2030 464 2071 ipsum
487 2029 526 2060 ‹le
549 2033 661 2061 celero
682 2041 742 2061 non
772 2031 939 2065 molestet:
960 2031 1005 2061 ita
1024 2034 1130 2061 tamen

185 2086 267 2128 quod
286 2086 423 2123 fructus,
442 2086 589 2117 redditus
600 2091 630 2117 et
646 2090 821 2128 proventus
841 2088 910 2118 sive
920 2087 1131 2118 obventiones

189 2143 339 2184 ejusdem
363 2143 529 2184 prebende
563 2146 625 2174 tam
648 2144 809 2184 presentis
846 2144 1003 2185 temporis
1037 2153 1130 2184 quam

192 2199 305 2232 futuri.
326 2200 377 2240 qui
396 2210 437 2230 ex
471 2210 509 2230 ea
537 2210 553 2230 a
569 2199 716 2231 kalendis
754 2201 899 2239 preteriti
920 2200 1039 2231 mensis
1058 2200 1132 2231 maii

190 2259 407 2297 provenerunt
423 2256 474 2286 vel
491 2260 565 2286 sunt
584 2256 615 2286 in
636 2258 800 2297 posterum
832 2257 1031 2298 proventuri,
1052 2256 1132 2287 divi-
1156 2251 1158 2287 ἶ
1186 2275 1199 2289 1(

189 2312 306 2343 dantur
326 2313 550 2346 communiter.
573 2314 605 2343 et
625 2314 903 2344 communicentur
916 2314 1039 2354 pariter
1049 2314 1133 2343 inter
1157 2323 1158 2331 ¹

191 2378 262 2408 eos,
284 2372 318 2399 ut
340 2369 407 2410 ipse
429 2368 576 2400 Andreas
596 2370 802 2401 medietatem
823 2380 932 2401 eorum
955 2372 1079 2401 tantum
1101 2372 1132 2399 et

191 2425 434 2466 prenominatus
458 2425 601 2456 dec-anus
635 2426 728 2457 aliani
759 2426 966 2457 medietatem
991 2427 1133 2468 ipsorum

195 2481 264 2511 sine
286 2481 494 2512 diminutione
521 2484 554 2512 et
574 2482 805 2524 impedimento
826 2483 930 2523 aliquo
951 2483 1069 2513 habeat
1102 2486 1134 2514 et
1159 2487 1160 2490 ’

194 2538 350 2579 percipiat
371 2539 403 2568 et
424 2538 454 2568 in
480 2539 663 2579 hujusmodi
685 2550 795 2570 eornm
827 2539 1034 2580 perceptione
1060 2550 1134 2580 per-

193 2594 293 2624 sistat
314 2594 424 2624 tandiu
443 2594 543 2625 doner
565 2595 659 2625 aliani
690 2596 851 2636 integram
882 2595 1078 2636 prehendam
1103 2595 1132 2625 in

190 2650 331 2680 ecelesia
360 2650 512 2681 Paduana
535 2651 631 2682 suerit
659 2654 828 2682 assecutus
861 2655 893 2683 et
928 2652 1079 2683 extiterit
1104 2652 1133 2681 in

194 2706 316 2737 eisdem
343 2707 548 2747 possessione
581 2717 617 2737 ac
654 2708 814 2738 fructuum
846 2709 945 2749 ipsius
973 2708 1135 2749 prebende

194 2763 402 2803 perceptione
441 2763 574 2804 pacifice
612 2766 645 2795 et
681 2765 800 2804 quiete.
842 2765 917 2795 Cum
948 2775 1026 2796 vero
1062 2775 1135 2806 pre-

195 2818 302 2850 dictus
333 2819 473 2850 decanus
495 2821 653 2859 integram
681 2822 777 2852 suerit
803 2823 973 2852 assecutus
999 2822 1135 2862 preben-

199 2875 271 2906 dam
318 2878 351 2906 et
398 2876 529 2917 pacifice
559 2877 660 2917 ipsam
697 2877 880 2918 possederit
930 2888 968 2909 ac
1009 2878 1135 2909 fructus

193 2931 325 2972 integre
345 2933 528 2974 perceperit
543 2943 583 2964 ex
605 2933 732 2970 eadem,
750 2944 789 2964 ex
807 2936 881 2965 tune
905 2934 959 2965 illa
980 2935 1135 2965 medietas

188 3017 206 3038 t.
222 3017 268 3039 Ms,
286 3025 291 3039 t
309 3017 469 3042 faciendum.

1170 463 1183 478 «

1170 520 1177 532 ⁴

1178 520 1184 533 (

1172 576 1185 591 ((

1172 633 1185 647 «

1173 690 1186 704 «

1173 747 1186 760 t(

1177 804 1183 818 (

1174 860 1188 875 (‹

1175 916 1189 931 «

1176 974 1189 987 ((

1178 1087 1192 1101 (t

1179 1143 1193 1158 ((

1178 1199 1192 1213 (‹

1178 1256 1191 1270 ((

2085 313 2146 344 707

1450 403 1541 433 quam
1589 392 1694 423 dictus
1746 389 1944 433 percipiebat
1992 388 2146 421 decanus,

1207 450 1310 481 eidem
1332 449 1461 480 Andree
1494 449 1595 480 libere
1626 450 1795 479 remaneat
1825 449 1857 478 et
1888 447 2008 487 quiete.
2043 446 2149 476 Onera

1214 518 1292 538 vero
1312 507 1413 548 ipsius
1427 505 1588 547 prebende
1604 515 1664 545 que
1675 504 1875 535 residentem
1890 503 1997 534 subire
2007 502 2147 542 oportet,

1208 563 1292 594 idem
1314 562 1462 593 Andreas
1482 561 1596 592 subeat
1617 564 1649 591 et
1678 562 1760 591 l'erat
1784 565 1878 602 prout
1902 559 1998 589 suerit
2022 560 2150 598 oportu—

1215 630 1299 650 num.
1337 620 1382 649 Ne
1416 620 1522 649 auten]
1566 617 1730 658 predictus
1768 616 1909 647 decanus
1944 615 2062 646 diutius
2094 612 2151 643 sub

1215 676 1446 717 expectatione
1467 675 1573 705 future
1599 673 1772 714 prebende.
1788 672 1988 713 permaneat,
2016 670 2054 701 de
2077 679 2153 700 auc-

1217 733 1350 763 toritate
1371 742 1407 762 ac
1423 731 1554 762 licentia
1574 730 1663 760 nobis
1681 740 1698 759 a
1720 729 1845 759 domino
1867 738 1947 769 papa
1967 727 2044 758 data
2060 734 2092 756 et
2112 725 2151 755 de

1219 788 1354 830 speciali
1372 788 1524 819 mandato
1546 788 1645 828 ipsius
1675 786 1779 817 eidem
1794 786 1916 816 decano
1943 783 2150 825 prebendam,

1214 846 1238 876 si
1260 856 1321 886 qua
1341 848 1437 876 vacat
1453 845 1482 875 in
1511 844 1650 875 ecelesia
1684 842 1848 875 Paduaua,
1873 840 2093 881 adjudicamus
2122 842 2154 869 et

1217 913 1286 934 eam
1308 901 1367 932 sibi
1394 901 1589 932 conferimus
1614 910 1651 930 ac
1667 898 1706 929 ad
1735 899 1836 940 ipsum
1864 897 1997 928 eandem
2021 896 2155 926 dicimus

1218 960 1399 1001 pertinere.
1422 958 1512 995 Quod
1528 958 1554 987 si
1579 957 1665 987 nulla
1691 955 1805 986 ibidem
1829 956 1936 989 vacat,
1960 952 2154 994 prebendam

1220 1017 1366 1057 proximo
1397 1016 1585 1046 vacaturam
1614 1013 1675 1054 ipsi
1713 1011 1834 1042 decano
1863 1009 2093 1040 conferendam
2124 1013 2157 1038 et

1221 1072 1454 1113 assignandam
1475 1068 1639 1101 donationi
1652 1068 1830 1109 apostolice
1840 1075 2059 1103 reservamus,
2073 1064 2153 1094 111111-

1220 1130 1349 1166 bentes,
1368 1139 1408 1159 ne,
1443 1137 1540 1168 super
1552 1124 1734 1167 hujusmodi
1766 1123 1929 1165 prebenda
1955 1133 1973 1153 a
1999 1131 2154 1162 quoquam

1221 1186 1272 1216 vel
1289 1185 1545 1226 quibuscumque
1561 1181 1680 1222 aliquid
1701 1181 1731 1211 in
1757 1181 1857 1221 ipsius
1872 1178 1985 1209 decani
2015 1176 2157 1219 prejudi-

1220 1243 1303 1273 cium
1321 1242 1547 1282 attemptetur,
1569 1249 1606 1269 ac
1620 1238 1840 1269 decernentes
1856 1235 1981 1266 irritum
2004 1236 2036 1264 et
2052 1234 2160 1269 inane,

1178 1314 1189 1323 v·
1221 1298 1345 1338 siquid,
1362 1300 1476 1327 contra
1496 1295 1720 1326 inhibitionem
1734 1296 1767 1324 et
1778 1291 2036 1323 reservationem
2051 1289 2161 1329 hujus-

1178 1369 1192 1382 (t

1181 1426 1194 1439 ((

1183 1483 1195 1496 u

1180 1538 1194 1553 ((

1181 1595 1196 1610 ((

1182 1651 1196 1666 (4

1185 1708 1197 1722 ((

1185 1764 1199 1779 ((

1186 1878 1199 1891 ί(

1184 1934 1198 1948 ((

1187 2048 1200 2061 (ί

1184 2106 1196 2118 «

1185 2162 1199 2177 «

1157 2214 1199 2239 1«

1185 2332 1198 2345 1(

1187 2389 1200 2401 (t

1220 1355 1304 1385 modi
1323 1354 1374 1385 vel
1396 1353 1601 1384 collationem
1628 1352 1747 1381 factam
1778 1350 1846 1380 sive
1864 1347 2045 1379 faciendam
2073 1356 2089 1376 a
2109 1355 2162 1375 no-

1223 1412 1283 1449 bis,
1304 1421 1322 1441 a
1342 1419 1513 1450 quoquam,
1540 1408 1651 1448 quovis
1670 1406 1762 1437 modo
1786 1404 1942 1445 etquavis
1964 1402 2160 1433 auctoritate

1225 1467 1403 1508 eontigerit
1419 1464 1625 1506 attemptari;
1654 1474 1714 1493 non
1735 1462 1886 1493 obstante
1907 1460 1988 1500 quod
2014 1459 2039 1489 si
2062 1458 2158 1497 aliqui

1222 1524 1401 1565 apostolica
1440 1522 1491 1552 vel
1530 1521 1711 1561 legatorum
1745 1517 1930 1559 Apostolice
1984 1515 2075 1546 Sedis
2109 1516 2163 1544 aut

1224 1589 1423 1622 quacumque
1459 1579 1523 1609 alia
1558 1578 1752 1608 auctoritate
1785 1575 1816 1605 111
1851 1573 1997 1615 predicta
2022 1570 2163 1603 eeclesia

1226 1640 1301 1668 sunt
1320 1636 1446 1677 recepti
1480 1635 1532 1666 vel
1563 1637 1596 1665 ut
1627 1633 1825 1674 recipiantur
1859 1631 2023 1666 insistant,
2051 1627 2162 1668 quibus

1228 1693 1374 1725 omnibus
1395 1692 1531 1723 eundem
1553 1691 1709 1721 decanum
1743 1689 1781 1719 de
1815 1686 1949 1728 speciali
1978 1685 2085 1726 gratia
2112 1683 2166 1714 do-

1224 1750 1300 1781 mini
1321 1759 1402 1791 pape
1422 1749 1453 1778 in
1474 1747 1682 1778 assecutione
1695 1743 1877 1786 hujusmodi
1894 1741 2057 1784 prebende
2078 1740 2165 1771 volu—

1229 1817 1298 1837 mus
1318 1804 1487 1843 anteferri,
1518 1804 1587 1834 sive
1607 1802 1689 1844 quod
1704 1800 1890 1832 Albertinus
1919 1797 2164 1829 archidiaconus

1228 1863 1413 1897 Paduanus,
1429 1860 1618 1891 Guillelmus
1639 1861 1671 1890 et
1686 1856 1886 1889 Percivallus
1900 1857 1932 1886 et
1954 1854 2079 1895 quidam
2098 1853 2163 1889 alii,

1226 1920 1277 1960 qui
1305 1920 1335 1949 in
1367 1919 1538 1950 canonicos
1559 1921 1750 1948 asseruntur
1770 1913 1905 1954 recepti,
1927 1911 2006 1942 duas
2028 1909 2166 1951 preben—

1228 1978 1285 2008 das
1302 1987 1344 2007 ex
1360 1975 1587 2007 or‹.linatione..
1600 1970 1866 2012 archipresbiteri
1884 1971 1917 1998 et
1935 1966 2066 2008 capituli
2081 1965 2167 1996 dicte

1229 2034 1368 2065 ecclesie
1390 2033 1420 2063 iu
1440 2032 1507 2073 ipsa
1525 2030 1664 2062 ecclesia
1681 2028 1827 2059 obtinere
1848 2030 1881 2056 et
1905 2026 2031 2055 fruetus
2057 2032 2166 2053 earum

1227 2093 1314 2122 inter
1335 2100 1369 2121 se
1390 2088 1533 2119 dividere
1555 2098 1592 2118 ae
1619 2087 1698 2116 duas
1730 2085 1808 2115 alias
1838 2080 2019 2124 prebendas
2047 2088 2168 2119 expec-

1228 2150 1299 2178 tare
1318 2147 1476 2181 dicantur,
1501 2145 1569 2175 sive
1583 2142 1753 2173 contrariis
1769 2136 2166 2177 consuetudinibusipsius

1229 2204 1368 2235 ecclesie
1381 2203 1431 2234 vel
1452 2201 1600 2239 statutis,
1631 2201 1819 2241 juramento
1859 2197 1909 2228 vel
1934 2196 1994 2226 alia
2013 2194 2167 2226 firmitate

1230 2261 1373 2297 vallatis,
1395 2262 1449 2290 aut
1467 2257 1668 2298 indulgentia
1683 2255 1826 2296 qualibet
1842 2254 1946 2285 eidem
1962 2250 2103 2292 capitulo
2114 2248 2164 2279 vel

1231 2317 1303 2348 aliis
1316 2316 1569 2356 quibuscumque
1584 2313 1623 2344 ab
1633 2312 1819 2353 Apostolica
1829 2309 1914 2341 Sede
1928 2317 2098 2344 concessa,
2112 2305 2168 2346 >per

1229 2384 1288 2414 que
1317 2373 1464 2415 predicta
1501 2371 1551 2401 vel
1584 2369 1710 2409 aliquod
1761 2367 1976 2408 predictorum
2019 2361 2164 2404 impediri

1229 2431 1338 2461 valeat
1354 2429 1403 2460 vel
1424 2427 1559 2465 differri,
1579 2437 1634 2457 seu
1656 2424 1737 2466 quod
1760 2424 1842 2455 idem
1865 2423 2007 2453 decanus
2028 2420 2164 2450 decana-

1187 2502 1201 2514 «ι
1231 2490 1296 2518 tum
1318 2486 1457 2517 ecclesie
1479 2483 1689 2515 (livitatensis
1723 2484 1757 2511 et
1778 2480 2002 2511 canonicatum
2027 2474 2167 2507 ecclesie

1188 2558 1201 2571 «

1189 2727 1194 2740 ‹

1189 2783 1196 2797 (

1193 2840 1199 2854 (

1190 2897 1196 2910 ‹

1191 3008 1204 3022 (t

1230 2543 1417 2575 Castellaue.
1438 2541 1594 2579 obtineat,
1620 2539 1671 2569 vel
1699 2538 1777 2568 alias
1800 2535 2007 2567 beneficiatus
2034 2532 2165 2563 existat.

1231 2601 1363 2631 Demum
1385 2599 1411 2629 si
1432 2598 1567 2629 eundem
1589 2596 1743 2626 decanum
1760 2603 1814 2634 pro
1836 2590 2039 2631 assequenda
2061 2588 2169 2628 liujus>

1196 2672 1202 2683 ‹
1226 2656 1309 2687 modi
1332 2656 1438 2686 sutura
1469 2653 1632 2696 prebenda
1653 2657 1687 2681 et
1715 2649 1871 2680 fructibus
1893 2644 2106 2689 peiwfipiendis
2128 2653 2169 2673 ex

1231 2724 1269 2743 ea
1306 2712 1357 2743 vel
1389 2711 1508 2741 dictum
1553 2708 1717 2740 Andream
1751 2717 1806 2747 pro
1844 2701 2115 2735 eadet‘endenda,
2143 2699 2170 2729 si

1232 2769 1437 2810 impetiretur
1458 2766 1495 2798 ab
1526 2766 1631 2805 aliquo
1665 2764 1715 2794 vel
1736 2761 1893 2801 aliquibus
1921 2769 2017 2800 super
2034 2758 2115 2798 ipsa,
2140 2756 2168 2785 111

1231 2825 1353 2867 judicio
1374 2825 1423 2855 vel
1444 2826 1538 2855 extra
1556 2821 1712 2863 judicium
1733 2821 1879 2859 sumptus
1895 2817 2007 2847 facere
2020 2815 2169 2855 oportue-

1231 2883 1285 2921 rit,
1308 2882 1346 2912 de
1364 2879 1520 2911 fructibus
1547 2878 1632 2908 dicte
1663 2875 1825 2917 prebende
1858 2871 2004 2911 magistri
2032 2869 2169 2910 Ugutio-

1234 2939 1281 2969 nis
1298 2937 1511 2969 communiter
1530 2936 1619 2965 liant.
1644 2933 1710 2963 Hec
1738 2933 1846 2962 autem
1866 2928 1971 2961 onmia
1991 2929 2023 2958 et
2044 2924 2171 2966 singula

1236 3005 1292 3035 per
1313 3004 1425 3035 penam
1442 2993 1472 3023 iu
1502 2989 1733 3031 compromisso
1760 2987 1938 3028 appositam
1958 2987 1990 3014 et
2011 2981 2170 3013 vinculum
