2477 3512
194 263 238 295 80
891 265 1159 299 REGISTRES
1185 265 1537 299 D'ALEXANDRE
1567 267 1614 300 IV

274 369 362 395 3000
618 371 751 403 Anagni,
775 371 812 397 22
836 371 1004 398 novembre
1030 372 1114 398 1259.

235 422 403 450 Personam
434 423 574 457 magistri
606 424 745 451 Gervasii
777 425 813 451 de
845 424 1024 455 LondoniiS,
1055 425 1197 451 canonici

193 467 443 499 lachefeldensis,
478 476 494 494 a
527 468 742 501 Jurisdictione
778 468 1013 495 Herefordensis
1048 469 1196 502 episcopi,

193 511 316 545 negot10
334 512 519 546 provisionis
537 512 594 538 sibi
612 512 714 539 factae
731 519 767 539 ac
785 512 837 539 lite
856 513 936 539 inter
953 520 983 539 se
1001 514 1032 539 et
1050 513 1197 539 eumdem

192 556 372 590 episcopum
392 556 552 583 occasione
573 557 737 589 quusdam
758 556 952 590 spoliationis
973 556 1196 590 pendentibus,

192 600 310 627 eximit.
329 600 425 633 (Rau.
444 600 493 632 25,
511 601 530 627 r.
550 600 618 632 230,
636 608 685 627 an.
707 601 740 632 V,
759 608 783 627 c.
803 601 885 634 228.)

237 712 249 727 «ι
283 698 455 740 lilayistro
498 698 655 729 Gervasio
690 698 729 729 de
761 697 960 735 Londoniis,
987 697 1195 729 subdiacono

191 754 218 783 et
256 751 431 793 capellano
469 753 592 788 nostro,
632 751 794 783 canonico
833 750 1089 792 Licheleldensi.
1131 750 1197 781 Per

189 804 380 837 laudabilia
402 803 681 836 conversationis
701 807 736 835 et
758 804 830 836 vite
852 804 970 835 studia
993 807 1026 835 te
1049 803 1195 844 dignum

189 858 381 890 reddidisse
411 857 545 894 diceris,
578 860 616 889 ut
646 857 690 889 ab
720 856 925 899 Apostolica
956 857 1043 888 Sede
1073 857 1194 889 adesse

186 911 412 943 benemeritis
441 911 651 948 delectante,
681 911 840 942 favorem
868 912 904 941 et
932 911 1083 951 gratiam
1112 920 1194 942 eon-

186 964 354 1006 sequaris.
381 964 418 995 In
442 966 561 995 nostra
583 964 757 1006 siquidem
780 963 994 1005 proposuisti
1016 963 1193 1005 presentia

185 1017 403 1049 constitutus
427 1017 521 1059 quod
547 1017 638 1048 inter
663 1019 696 1048 te
720 1027 759 1049 ac
785 1016 1022 1048 venerabilem
1046 1017 1193 1049 fratrem

187 1072 372 1102 nostrum..
400 1069 694 1102 Ileresordensem
719 1070 934 1111 episcopum,
965 1073 1039 1102 tum
1066 1080 1127 1112 pro
1152 1080 1192 1101 eo

187 1123 282 1165 quod
311 1123 403 1155 idem
435 1126 468 1154 te
498 1123 711 1164 quibusdam
743 1122 921 1154 beneficiis
950 1122 1193 1155 ecclesiasticis

186 1178 223 1208 et
243 1175 319 1208 aliis
340 1176 451 1213 bonis,
475 1186 541 1218 quc
562 1175 596 1207 in
618 1186 680 1207 sua
702 1176 889 1207 obtinebas
910 1176 1049 1213 diocesi,
1069 1179 1193 1207 contra

184 1228 363 1271 justitiam
396 1228 574 1270 spoliavit,
609 1232 686 1260 tum
720 1229 828 1260 etiam
862 1229 1043 1261 occasione
1077 1229 1194 1270 cujus-

187 1281 269 1314 dam
294 1281 504 1323 provisionis
529 1281 592 1313 tibi
618 1282 651 1313 in
677 1282 800 1313 eadem
825 1282 953 1314 diocesi
978 1282 1194 1314 auctoritate

186 1334 381 1377 apostolica
418 1334 588 1372 faciende,
627 1337 730 1366 tanta
768 1335 942 1367 discordia
979 1338 1033 1367 est
1069 1337 1193 1367 exorta

185 1390 401 1429 tantumque
425 1387 518 1419 idem
542 1387 728 1429 episcopus
751 1398 794 1419 ex
818 1388 884 1420 hoc
908 1391 1031 1420 contra
1056 1391 1091 1420 te
1116 1399 1194 1420 ran-

186 1449 301 1472 corem
332 1440 489 1472 noscitur
517 1440 727 1482 concepisse,
759 1443 798 1472 ut
827 1451 897 1472 non
926 1440 1040 1473 solum
1069 1445 1105 1474 te
1132 1442 1193 1474 sed

186 1493 294 1525 etiam
330 1494 422 1530 tuos,
460 1495 636 1534 quantum
672 1494 707 1525 in
742 1493 819 1536 ipso
855 1497 918 1531 est,
956 1495 1193 1527 exterminare

186 1546 333 1583 nitatur,
359 1549 465 1588 prout
489 1556 550 1588 per
573 1546 791 1579 evidentiam
815 1547 929 1588 operis
953 1550 988 1579 et
1013 1548 1192 1581 assiduam

184 1598 380 1631 illationem
422 1598 644 1640 injuriarum,
688 1599 817 1642 quibus
858 1600 952 1632 idem
994 1601 1190 1643 episcopus,

186 1651 278 1684 sicut
304 1651 439 1689 asseris,
466 1654 502 1683 te
529 1655 653 1684 contra
679 1652 857 1694 justitiam
884 1653 1040 1694 graviter
1066 1654 1190 1692 afficit,

187 1704 319 1746 cogeris
339 1704 500 1746 experiri.
524 1704 639 1744 Quare
662 1705 762 1737 nobis
784 1705 964 1738 humiliter
985 1707 1192 1749 supplicasti

188 1759 239 1794 ut,
265 1767 345 1789 cum
370 1757 436 1789 tibi
462 1757 566 1789 nimis
590 1766 696 1799 grave
722 1768 762 1791 ac
788 1759 1023 1800 periculosum
1048 1761 1191 1799 existat,

187 1810 323 1842 ratione
351 1810 602 1842 beneficiorum
631 1822 697 1852 que
724 1811 758 1843 in
788 1812 1037 1844 Herefordensi
1065 1814 1192 1846 diocesi

186 1863 326 1895 obtines
344 1866 379 1894 et
397 1863 513 1895 adhuc
531 1873 574 1894 ex
594 1864 792 1906 provisione
811 1864 1016 1906 hujusmodi
1035 1867 1193 1899 obtinere

187 1916 303 1953 debes,
327 1916 392 1947 sub
415 1916 525 1958 ipsius
547 1916 701 1958 episcopi
724 1917 969 1958 jurisdictione
992 1920 1196 1960 consistere,

188 1969 341 2001 maxime
371 1979 451 2001 cum
482 1969 575 2001 idem
606 1980 669 2011 pro
701 1971 795 2002 nulla
826 1972 881 2002 vel
913 1973 1058 2004 minima
1089 1983 1194 2005 causa

186 2025 309 2054 contra
333 2025 367 2053 te
391 2023 610 2054 occasionem
635 2026 752 2064 posset
777 2034 954 2056 assumere
978 2026 1194 2067 malignandi

186 2085 291 2116 super
314 2075 376 2106 hoc
400 2075 476 2112 tibi,
501 2078 626 2117 utpote
648 2076 744 2107 senio
765 2077 839 2118 jam
861 2078 1054 2116 confracto,
1079 2080 1195 2121 provi-

188 2128 267 2160 dere
286 2128 558 2160 misericorditer
574 2138 788 2161 curaremus.
816 2130 900 2161 Tuis
916 2131 1038 2173 itaque
1055 2133 1194 2164 devotis

189 2180 508 2222 supplicationibus
537 2181 707 2217 inclinati,
740 2193 925 2224 personam
964 2187 1061 2216 tuam
1093 2196 1110 2217 a
1140 2186 1195 2227 ju-

188 2233 389 2264 risdictione
406 2234 514 2275 ipsius
532 2234 696 2276 episcopi,
716 2236 857 2275 negotio
875 2237 967 2268 dicte.
984 2239 1194 2279 provisionis

188 2289 247 2317 tue
269 2296 308 2317 ac
330 2286 389 2317 lite
411 2287 502 2317 inter
525 2290 556 2318 te
578 2290 609 2318 el
634 2288 749 2329 ipsum
772 2289 953 2321 occasione
974 2292 1194 2332 spoliationis

188 2339 344 2381 predicte
371 2340 620 2380 pendentibus,
650 2341 692 2371 de
719 2342 859 2382 speciali
886 2343 1000 2383 gratia
1028 2344 1194 2377 duximus

188 2391 426 2427 eximendum,
454 2393 681 2424 decernentes
706 2394 843 2426 irritum
868 2398 903 2426 et
927 2396 1032 2428 inane.
1057 2398 1083 2428 si
1109 2399 1193 2440 quid

189 2447 311 2475 contra
340 2445 575 2486 exemptionis
603 2448 761 2478 tenorem
790 2447 994 2488 hujusmodi
1024 2460 1084 2491 per
1111 2461 1194 2482 eun-

189 2496 268 2528 dem
296 2497 499 2538 episcopum
527 2508 586 2529 seu
616 2499 723 2530 alium
751 2501 965 2533 auctoritate
993 2512 1055 2534 sua
1084 2505 1195 2536 conti-

189 2550 277 2591 gerit
320 2551 540 2591 attemptari.
586 2551 678 2582 Nulli
722 2556 839 2584 nostre
882 2556 1118 2596 exemptionis
1159 2561 1194 2589 et

189 2602 455 2635 constitutionis
472 2606 537 2634 etc.
558 2603 640 2635 Dat.
660 2605 828 2645 Anagnie,
851 2607 881 2637 X
900 2607 968 2639 kal.
988 2609 1192 2648 decembris,

190 2665 282 2687 anno
305 2655 441 2696 quinto.
467 2669 479 2683 »ι

269 2840 352 2868 3001
612 2845 746 2878 Anagni,
770 2846 807 2872 29
831 2847 1000 2874 novembre
1026 2848 1110 2875 1259.

231 2893 348 2921 Abbati
370 2897 401 2922 et
423 2896 517 2929 priori
541 2897 569 2923 S.
594 2897 747 2925 ,Iohannis
770 2899 800 2925 in
824 2900 939 2932 Vincis,
964 2901 1190 2929 Suessionensis

192 2937 329 2969 diocesis,
352 2940 483 2967 mandat
506 2943 541 2967 ut
564 2941 698 2968 Henrico
722 2943 758 2969 dc
782 2944 908 2970 Martini
932 2945 1048 2977 Monte,
1071 2946 1099 2973 S.
1124 2947 1191 2973 Ste-

191 2981 285 3014 phani
316 2982 489 3017 Drocensis,
519 2985 716 3013 Carnotensis
746 2987 885 3020 diocesis,
915 2990 944 3015 et
974 2989 1008 3016 Β.
1040 2990 1123 3018 Petri
1153 2991 1190 3017 de

1305 373 1433 405 Casello,
1459 373 1641 400 Morinensis
1665 374 1795 401 diocesis
1819 375 1979 407 canonico,
2004 375 2056 409 qui
2080 375 2184 402 lumen
2207 375 2311 402 oculo-

1305 425 1374 445 rum
1401 418 1559 450 amiserat,
1588 420 1760 452 proventus
1787 419 2037 452 praebendarum
2065 427 2192 446 suarum
2219 427 2256 446 ac
2282 419 2307 446 sl

1305 462 1509 497 personaliter
1527 463 1674 490 resideret
1694 463 1724 489 in
1743 463 1785 490 eis
1805 463 1974 490 ministrari
1994 463 2121 491 faciant.
2142 464 2238 497 (nizo.
2259 464 2308 495 25,

1308 507 1328 534 r.
1346 506 1415 538 230,
1432 514 1481 533 an.
1500 507 1537 539 v,
1553 514 1579 534 e.
1597 507 1680 541 229.)

1352 608 1363 625 α
1390 622 1409 628 ..
1437 597 1552 630 abbati
1578 600 1606 629 et
1630 598 1740 640 priori
1765 599 1963 631 monasterii
1990 599 2107 631 Sancti
2133 597 2309 631 Johannis

1306 648 1341 680 in
1380 649 1509 687 vineis,
1550 650 1802 684 Suessionensis
1834 651 1987 684 diocesis.
2022 652 2180 684 Dilectus
2212 651 2306 683 filius

1305 700 1509 744 He[n]ricus
1554 704 1596 735 de
1641 704 1784 736 Martini
1827 705 1958 742 Monte,
1987 704 2107 737 Sancti
2135 703 2308 746 Stephani

1305 754 1502 793 Drocensis,
1528 758 1754 789 (Iarnotensis
1779 758 1936 794 diocesis,
1962 759 1997 790 et
2020 758 2121 790 Beati
2148 757 2242 789 Petri
2267 757 2310 788 de

1305 807 1449 845 Casello,
1468 809 1676 842 Morinensis
1692 810 1849 847 diocesis,
1867 811 2093 843 ecclesiarum
2109 810 2311 846 canonicus,

1303 861 1404 892 nobis
1430 863 1596 904 exposuit
1624 864 1730 905 quod,
1760 874 1841 895 cum
1870 864 1942 905 ipse
1969 864 2088 895 studio
2117 862 2312 904 theologice

1303 911 1502 946 Faeultatis
1524 915 1703 948 ferventer
1723 917 1911 954 insisteret,
1935 920 1973 948 ut
1995 917 2060 948 sibi
2082 926 2142 958 per
2163 916 2217 958 pie
2239 915 2312 947 vite

1304 967 1469 999 meritum
1496 971 1531 999 et
1557 968 1633 1000 aliis
1666 972 1784 1011 posset
1818 970 1988 1012 proficere
2015 980 2075 1012 per
2096 968 2311 1011 exemplum,

1303 1019 1442 1052 occulto
1486 1021 1549 1052 Dei
1591 1021 1724 1062 judicio
1766 1022 1884 1054 lumen
1927 1022 2110 1054 oculorum
2142 1021 2310 1058 ammisit,

1304 1075 1449 1115 propter
1477 1074 1572 1116 quod
1602 1075 1819 1107 medicorum
1849 1075 2035 1108 consilium
2064 1075 2130 1108 sibi
2159 1084 2233 1107 esse
2262 1073 2313 1106 di-

1304 1126 1463 1158 noscitur
1488 1127 1793 1170 quamplurimum
1819 1131 2049 1171 oportunum.
2077 1128 2165 1161 Cum
2192 1129 2314 1159 autem

1303 1179 1397 1211 idem
1441 1181 1643 1219 canonicus,
1688 1191 1731 1213 ex
1774 1182 2031 1214 consuetudine
2074 1181 2130 1213 vel
2174 1182 2313 1213 statuto

1302 1232 1528 1265 ecclesiarum
1548 1234 1716 1276 ipsarum,
1737 1238 1903 1266 teneatur
1920 1234 1955 1266 in
1974 1235 2022 1266 eis
2041 1234 2095 1266 vel
2114 1233 2234 1266 studio
2253 1242 2314 1275 per

1303 1286 1388 1317 certi
1428 1287 1598 1328 temporis
1636 1288 1792 1329 spatium
1832 1288 1934 1319 annis
1971 1287 2116 1329 singulis
2151 1286 2311 1323 residere,

1303 1339 1404 1371 nobis
1423 1339 1604 1372 humiliter
1620 1340 1837 1382 supplicavit
1856 1343 1907 1377 ut,
1927 1350 2008 1372 cum
2027 1350 2089 1382 pro
2108 1338 2313 1381 hujusmodi

1303 1392 1491 1424 miserabili
1515 1403 1610 1431 casu,
1633 1394 1863 1426 residentiam
1885 1394 1998 1435 ipsam
2020 1393 2135 1425 facere
2158 1394 2312 1434 nequeat

1303 1447 1343 1476 ut
1374 1448 1527 1484 tenetur,
1561 1447 1746 1488 providere
1777 1456 1882 1489 super
1912 1447 1978 1478 hoc
2018 1447 2060 1478 de
2092 1445 2313 1488 benignitate

1304 1498 1402 1530 Sedis
1427 1499 1631 1541 Apostolice
1657 1510 1872 1532 curaremus.
1902 1499 2073 1539 Quocirca
2100 1499 2314 1531 mandamus

1303 1552 1484 1593 quatinus,
1524 1553 1552 1584 si
1591 1556 1644 1584 est
1683 1553 1744 1590 ita,
1786 1563 1855 1585 non
1895 1553 2063 1584 obstante
2107 1551 2314 1594 hujusmodi

1302 1606 1559 1637 consuetudine
1582 1606 1636 1637 vel
1659 1609 1810 1643 statuto,
1833 1606 1942 1638 etiam
1964 1606 1992 1637 si
2014 1606 2085 1637 sint
2109 1605 2313 1646 juramento

1302 1658 1357 1689 vel
1386 1659 1658 1691 confirmatione
1688 1659 1786 1691 Sedis
1814 1658 2018 1701 Apostolice
2047 1658 2226 1695 roborata,
2255 1657 2313 1690 vel

1303 1711 1330 1742 si
1353 1711 1530 1753 aliquibus
1553 1722 1572 1744 a
1597 1712 1685 1744 Sede
1707 1712 1753 1744 sit
1774 1711 1954 1744 indultum
1976 1711 2101 1743 eadem
2123 1711 2218 1753 quod
2241 1720 2316 1743 sus-

1302 1764 1409 1806 pendi
1429 1764 1484 1797 vel
1503 1765 1667 1797 interdici
1686 1768 1749 1797 aut
1768 1763 2069 1797 excommunicari
2088 1774 2159 1796 non
2178 1763 2315 1807 possint

1303 1827 1365 1859 per
1386 1817 1525 1850 litteras
1548 1818 1763 1861 apostolicas
1786 1828 1854 1860 que
1878 1818 1921 1850 de
1943 1817 2084 1850 indulto
2107 1817 2314 1860 hujusmodi

1304 1870 1446 1912 plenam
1481 1874 1517 1903 et
1551 1881 1756 1914 expressam
1792 1881 1862 1903 non
1898 1870 2046 1903 fecerint
2082 1870 2311 1908 mentionem,

1304 1923 1418 1956 eidem
1454 1925 1648 1962 canonicio,
1686 1925 1890 1966 ubicunque
1925 1923 2033 1956 fuerit
2068 1926 2214 1966 propter
2248 1923 2315 1956 hoc

1304 1977 1523 2010 medicorum
1551 1977 1696 2010 consilia
1725 1977 1913 2020 petiturus,
1944 1980 2140 2019 proventus
2168 1977 2316 2020 preben-

1304 2031 1431 2063 darum
1459 2041 1604 2063 suarum
1633 2031 1826 2063 earundem
1855 2030 2082 2063 ecclesiarum
2112 2039 2152 2062 ac
2179 2030 2208 2062 si
2237 2040 2314 2073 per-

1303 2083 1472 2116 sonaliter
1497 2084 1666 2116 resideret
1691 2084 1726 2115 in
1752 2084 1811 2121 eis,
1838 2083 2026 2116 cotidianis
2053 2082 2314 2116 distributionis

1304 2137 1497 2169 dumtaxat
1538 2137 1707 2179 exceptis,
1750 2137 1890 2168 faciatis
1932 2136 2091 2178 quandiu
2134 2136 2314 2169 detectum

1303 2189 1509 2232 hujusmodi
1546 2190 1689 2222 luminis
1727 2190 1895 2232 patietur,
1935 2189 2070 2231 integre
2108 2188 2312 2227 ministrari,

1303 2244 1584 2276 contradictores
1612 2246 1678 2275 etc.
1711 2243 1812 2283 Quod
1841 2243 1869 2274 si
1898 2253 1968 2274 non
1997 2242 2102 2275 ambo
2131 2245 2198 2275 etc.
2228 2242 2313 2275 Dat.

1303 2297 1474 2338 Anagnie,
1502 2296 1556 2328 III
1579 2296 1648 2328 kal.
1673 2296 1868 2328 decembris
1890 2305 1983 2327 anno
2007 2295 2145 2338 quinto.
2170 2308 2183 2324 »

1383 2453 1472 2480 3002
1702 2455 1837 2490 Anagni,
1860 2455 1932 2483 6-12
1955 2454 2118 2482 decembre
2144 2453 2232 2481 1259.

1344 2511 1497 2539 Omnibus
1531 2513 1571 2540 ad
1604 2513 1832 2540 monasterium
1866 2513 1894 2540 S.
1931 2512 2104 2540 Salvatoris
2138 2510 2313 2543 Fuldensis,

1303 2556 1538 2590 Herbipolensis
1576 2557 1719 2590 diocesis,
1757 2557 1981 2585 accedentibus
2017 2556 2049 2583 in
2086 2555 2317 2584 festivitatibus

1301 2600 1473 2628 Beatorum
1496 2601 1664 2634 Bonifacii,
1690 2602 1840 2636 Simplicii
1866 2604 1897 2629 et
1923 2601 2077 2634 Faustini,
2102 2608 2139 2628 ac
2163 2600 2260 2628 etiam
2284 2599 2316 2627 in

1303 2645 1515 2673 anniversario
1536 2646 1585 2672 die
1606 2646 1812 2674 dedicationis
1835 2646 1981 2673 ecclesiae
2001 2645 2098 2680 ipsius
2119 2643 2316 2677 monasterii,

1301 2691 1429 2716 centum
1459 2689 1523 2717 dies
1552 2690 1767 2725 indulgentiae
1796 2691 1949 2718 concedit.
1980 2690 2078 2724 (Rau.
2109 2689 2158 2722 25,
2187 2689 2209 2716 1.
2241 2688 2310 2720 230,

1302 2740 1352 2761 an.
1372 2733 1411 2766 V,
1430 2741 1456 2761 c.
1476 2734 1559 2768 230.)

1348 2836 1361 2853 ι(
1402 2824 1579 2857 Universis
1618 2826 1746 2858 Christi
1782 2826 1946 2868 fidelibus
1981 2828 2151 2869 presentes
2187 2824 2315 2857 litteras

1303 2877 1518 2919 inspecturis.
1551 2878 1631 2910 Vite
1663 2880 1825 2920 perennis
1855 2879 1964 2921 gloria
1995 2889 2065 2921 qua
2096 2879 2184 2911 mira
2215 2876 2313 2910 beni-

1300 2930 1417 2972 gnitas
1444 2931 1644 2963 Conditoris
1670 2932 1829 2964 omnium
1856 2933 2000 2964 beatam
2023 2934 2171 2964 coronat
2197 2930 2309 2963 aciem

1298 2983 1428 3015 civium
1454 2994 1699 3025 supernorum,
1725 2994 1744 3016 a
1770 2986 1962 3028 redemptis
1986 2986 2100 3028 pretio
2124 2982 2307 3028 sanguinis
