2477 3512
966 279 1236 326 CINQUIEME
1264 280 1428 318 ANNEE
2208 287 2251 320 53

143 397 254 428 abbas
279 397 320 428 de.
343 396 545 436 Arnesburg
567 405 672 436 super
694 395 758 425 hoc
782 394 875 425 vices
898 403 978 425 suas
1001 391 1145 424 conimi-

142 452 246 486 serat,
280 449 436 480 indebite
469 458 504 480 se
537 447 685 488 gravari,
721 447 814 488 quod
848 447 892 477 ad
925 445 1040 477 locum
1074 455 1142 476 non

143 505 261 533 tutum
291 501 451 533 citabant
480 501 642 537 eundem,
660 499 767 531 alium
796 499 861 530 sibi
891 501 1013 530 contra
1041 497 1143 538 justi-

142 554 229 586 tiam
273 555 497 594 denegantes,
541 553 716 594 assignare
760 561 920 584 securum
963 550 1144 582 humiliter

142 607 311 648 requisiti,
346 607 389 639 ad
425 607 549 638 Sedem
583 605 823 648 Apostolicam
857 603 1061 646 appellavit.
1096 603 1143 634 At

142 660 246 691 iidem
268 660 414 701 judices,
439 659 642 700 hujusmodi
665 657 900 700 appellatione
924 658 1141 698 contempta,

142 713 175 743 in
200 723 279 744 eum
305 711 681 744 excommunicationis
706 710 917 742 sententiam
944 708 1144 751 promulga-

141 768 234 796 runt.
276 765 444 804 Quocirca
486 765 696 795 mandamus
736 763 903 804 quatinus
942 762 968 792 si
1009 762 1141 793 dictam

140 817 515 850 excommunicationis
557 817 771 848 sententiam
816 819 892 858 post
937 814 1144 857 appellatio-

141 881 219 903 nem
255 872 414 907 eandem,
455 873 581 902 temere
617 869 821 900 inveneritis
856 871 1111 910 attemptatam
1133 868 1144 886 ¹

140 925 174 955 in
203 934 306 955 causa
336 924 422 965 ipsa,
450 923 553 964 juxta
583 923 737 964 priorum
766 921 1022 953 continentiam
1050 921 1144 952 litte-

140 987 268 1013 rarum,
301 976 537 1018 appellatione
564 979 698 1007 remota
724 975 843 1016 previa
870 975 1005 1006 ratione
1026 984 1145 1016 proce-

141 1030 244 1062 datis.
269 1029 435 1071 Alioquin
461 1032 578 1071 partes
603 1029 646 1060 ad
673 1028 910 1070 predictorum
936 1027 1076 1060 abbatis
1102 1028 1143 1058 de

139 1083 301 1115 Sluchere
323 1085 357 1114 et
381 1082 503 1114 decani
519 1082 711 1114 remittatis
726 1091 886 1118 examen,
904 1080 1142 1122 appellantem

138 1136 172 1167 in
199 1135 378 1177 expenssis
404 1135 568 1176 legitimis
595 1135 901 1176 condempnando.
929 1134 1050 1165 Testes
1075 1136 1142 1165 etc.

139 1189 239 1228 Quod
264 1188 291 1221 si
316 1199 385 1220 non
410 1198 530 1219 omnes
555 1191 620 1219 etc.
649 1188 730 1219 Dat.
758 1187 926 1225 Anagnie,
954 1187 1046 1218 XIII
1072 1187 1141 1218 kal.

137 1242 224 1281 julii,
247 1252 338 1272 anno
360 1242 495 1282 quinto.
521 1257 530 1266 ιι

217 1409 305 1434 2918
633 1408 766 1441 Anagni,
792 1409 823 1434 11
849 1408 948 1441 juillet
974 1408 1060 1434 1259.

178 1462 342 1495 Magistros
374 1464 403 1488 et
437 1462 590 1488 scholares
624 1462 810 1488 Parisienses
842 1461 1023 1495 perstringit
1056 1462 1139 1495 quod

137 1506 336 1533 Guillelmum
362 1507 399 1533 dc
425 1506 453 1533 S.
480 1507 604 1537 Amore,
630 1514 722 1539 quem
747 1514 764 1532 a
789 1506 1008 1532 communione
1033 1513 1139 1532 eorum

138 1558 261 1584 prorsus
287 1553 471 1577 extraneum
497 1551 659 1576 notissima
684 1550 775 1583 culpa
801 1550 884 1581 fecit,
910 1551 949 1576 ad
974 1550 1141 1583 pristinum

139 1595 360 1622 Universitatis
386 1602 459 1621 suae
486 1597 711 1621 revocaverunt
739 1594 941 1621 consortium.
969 1594 1065 1627 (Rea.
1093 1595 1141 1626 25,

137 1640 157 1666 f.
176 1640 233 1666 213
251 1639 370 1670 v0-214‚
388 1647 437 1666 an.
457 1639 493 1669 V,
511 1646 536 1666 c.
557 1639 612 1665 152
628 1646 634 1669 ;
654 1639 825 1665 I'OTTHAST
845 1638 965 1671 17636.)

183 1752 192 1763 n
218 1738 402 1779 Mayistris
426 1740 453 1768 et
476 1737 687 1768 scholaribus
710 1737 981 1769 Purisieusibus.
1001 1737 1145 1770 Celestis

136 1791 290 1823 altitudo
322 1790 455 1823 consilii
487 1810 489 1812 -
522 1811 540 1822 „
576 1791 656 1822 Dat.
684 1791 852 1831 Anagnie,
887 1791 914 1821 V
947 1790 1024 1822 idus
1054 1790 1142 1831 julii,

139 1854 232 1876 anno
256 1844 391 1885 quinto.
418 1858 430 1871 >i

224 2007 312 2032 2819
638 2007 771 2039 Anagni,
796 2007 832 2033 13
853 2007 953 2039 juillet
978 2007 1065 2033 1259.

183 2060 346 2086 Guillelmo
363 2060 400 2086 de
416 2060 553 2086 Braham
570 2060 711 2093 indulget
729 2062 761 2086 ut
780 2061 983 2086 medietatem
1000 2061 1144 2087 ecclesiae

136 2105 173 2132 de
200 2105 365 2136 Wirtham,
391 2112 497 2130 curam
524 2104 699 2130 animarum
725 2104 906 2136 habentem,
927 2106 957 2131 et
983 2105 1144 2131 ecclesiam

138 2150 175 2176 de.
197 2149 383 2183 Cumptone,
406 2156 539 2182 quarum
561 2151 733 2182 proventus
754 2149 866 2182 viginti
888 2149 1037 2175 librarum
1061 2149 1143 2176 Ster-

137 2194 290 2227 lingorum
309 2193 481 2220 valentIam
499 2193 627 2226 singulis
646 2193 734 2219 annis
754 2193 807 2219 vix
826 2194 992 2225 excedunt,
1011 2194 1143 2220 retinere

136 2238 243 2273 possit.
261 2238 357 2271 (Bm.
375 2238 423 2269 25,
440 2238 460 2263 f.
478 2238 546 2269 214,
564 2245 613 2264 an.
632 2237 668 2269 V,
686 2245 710 2263 c.
730 2238 810 2270 153.)

184 2342 195 2356 (ι
224 2328 401 2360 Guillelmo
423 2329 461 2359 (Ie
482 2329 643 2365 Brulmm,
667 2329 782 2359 rectori
803 2329 991 2360 medietatis
1013 2329 1144 2360 ecclesie

137 2382 175 2413 dc
204 2382 380 2418 Wirtluim,
409 2381 629 2413 Norvicensis
655 2381 807 2413 diocesis.
838 2382 966 2413 l’etitio
994 2385 1056 2413 tua
1084 2393 1144 2413 no-

139 2435 190 2466 bis
211 2454 225 2455 w
257 2460 262 2465 .
286 2435 367 2465 liat.
391 2435 558 2473 Anagnia
584 2435 635 2465 III
657 2435 734 2465 idus
753 2434 839 2475 julii,
861 2445 952 2466 anno
974 2435 1110 2476 quinto,
1132 2448 1145 2463 »

216 2605 304 2631 2920
666 2605 800 2638 Anagni,
826 2605 860 2631 15
882 2605 950 2638 Juin
976 2604 1061 2630 1250.

178 2659 304 2685 Decano
326 2658 504 2685 Zamorensi
528 2659 657 2685 mandat
681 2661 715 2684 ut
739 2659 903 2685 Velascum
927 2658 1020 2689 Petri,
1044 2665 1142 2691 quon-

139 2704 210 2729 dam
234 2703 422 2729 monachum
445 2703 625 2729 monasterii
648 2704 676 2729 S.
702 2703 784 2729 Petri
806 2704 842 2729 de
864 2702 1004 2734 Albutia,
1027 2702 1143 2728 ordinis

141 2747 168 2773 S.
198 2747 363 2778 Benifflcti,
393 2747 591 2780 Legionensis
620 2747 759 2778 diocesis,
789 2747 818 2773 in
848 2746 1037 2773 monasterio
1065 2746 1144 2773 Cau-

138 2791 240 2823 riensi,
264 2791 402 2824 ejusdem
427 2791 554 2823 ordinis,
579 2791 744 2818 Ovetensis
767 2791 907 2822 diocesis,
930 2790 1024 2824 recipi
1047 2790 1143 2817 saciat

138 2835 168 2861 in
194 2835 378 2862 canonicum
405 2838 435 2862 et
461 2836 491 2861 in
519 2836 658 2867 fratrem,
682 2835 775 2868 juxta
801 2835 939 2869 priorum
965 2835 1141 2861 litterarum

139 2880 287 2913 magIstro
305 2880 481 2906 scholarum
500 2880 678 2906 Zamorensi
696 2880 883 2906 directarum
902 2879 1140 2905 continentiam.

138 2924 235 2957 (Rae.
254 2924 302 2955 25,
320 2924 340 2950 f.
359 2924 427 2955 21-1,
445 2931 494 2950 an.
514 2924 550 2955 V,
568 2932 593 2950 0.
614 2924 694 2957 154.)

172 3020 192 3039 1.
212 3018 272 3043 Reg.
288 3023 294 3038 :
310 3020 482 3044 attemptatum.

1295 407 1297 415 ν
1336 417 1354 423 ,.
1384 392 1507 423 decurio
1535 391 1746 428 zamorensi,
1777 393 1844 423 Sua
1876 393 1974 424 nobis
2003 393 2167 424 Velascus
2196 413 2249 425 Α.

1248 445 1331 476 Dat.
1351 445 1520 483 Anauni&
1542 444 1647 476 XVII
1667 444 1736 475 kal.
1755 444 1842 485 julii,
1864 454 1955 476 anno
1976 446 2111 486 quinto.
2134 460 2145 473 ῃ

1324 611 1406 637 2921
1737 609 1870 643 Anagni‚
1894 610 1931 636 27
1953 609 2055 642 juillet
2080 609 2166 636 1259.

1288 664 1441 697 Episcopo
1482 663 1696 690 Aurelianensi
1740 663 1925 696 magistrum
1969 663 2172 696 Radulphum
2213 663 2250 689 de

1195 712 1196 718 ¹
1244 708 1369 739 Bomez,
1398 708 1593 742 capellanum
1622 707 1759 741 episcopi
1788 707 1965 738 Tusculani,
1995 707 2129 733 faciendi
2157 707 2252 741 recipi

1246 752 1276 778 in
1294 753 1421 779 ecclesia
1438 752 1651 778 Aurelianensi
1669 752 1699 777 in
1716 751 1902 777 canonicum
1919 753 1949 777 et
1967 751 1998 776 in
2016 751 2145 778 fratrem
2162 751 2251 784 eique

1247 797 1283 823 de
1311 797 1489 830 praebenda
1517 796 1621 829 aliqua
1649 795 1845 829 providendi,
1873 796 2046 821 secundum
2074 795 2251 822 litterarum

1247 840 1475 874 praedecessori
1491 848 1546 867 suo
1563 840 1763 871 directarum,
1780 839 1965 866 facultatem
1982 840 2134 866 concedit.
2153 840 2249 872 (Bm.

1246 886 1294 917 25,
1311 886 1331 911 t.
1347 886 1415 916 214,
1432 892 1481 912 an.
1498 885 1535 917 V,
1551 892 1576 911 c.
1594 884 1675 917 155.)

1357 998 1363 1004 .
1402 972 1558 1014 episcopo
1597 969 1852 1001 Aurelianensi.
1893 968 2112 1009 Significavit
2153 967 2253 998 nobis

1251 1029 1309 1058 tua
1342 1046 1395 1057 j.
1430 1026 1514 1056 Dat.
1547 1023 1717 1064 Anagnie,
1753 1022 1841 1053 VIII
1874 1022 1942 1053 kal.
1977 1020 2128 1061 augusti,
2161 1030 2253 1051 anno

1249 1079 1384 1121 quinto.
1412 1092 1423 1105 u

1327 1236 1415 1262 2922
1786 1234 1920 1267 Anagni,
1943 1233 1960 1260 5
1986 1232 2062 1259 aoflt
2087 1232 2171 1259 1259.

1290 1289 1513 1316 Monasterium
1535 1289 1564 1315 S.
1586 1288 1762 1319 Theofredi‚
1782 1287 1954 1314 Aniciensis
1975 1285 2114 1317 diocesis,
2134 1285 2192 1312 sub
2212 1285 2248 1311 A.

1252 1335 1337 1361 Sedis
1368 1334 1562 1368 protectione
1594 1333 1723 1366 suscipit
1755 1333 1884 1366 ejusque
1915 1332 1998 1358 bona
2028 1332 2060 1357 et
2090 1329 2251 1364 privilegia

1248 1379 1425 1406 coufirmat.
1443 1378 1540 1411 (Bm.
1557 1378 1605 1408 25,
1622 1378 1641 1404 s.
1659 1377 1716 1403 214
1733 1381 1778 1408 v0,
1795 1384 1844 1403 an.
1862 1376 1898 1407 V,
1914 1383 1939 1402 c.
1958 1375 2038 1407 156.)

1294 1478 1306 1493 «
1335 1490 1354 1496 ..
1384 1464 1498 1496 abbati
1527 1463 1724 1496 monasterii
1754 1462 1870 1494 Sancti
1903 1460 2090 1502 Theotsredi
2118 1459 2255 1501 ejusque

1247 1518 1412 1559 fratribus
1441 1520 1509 1549 tum
1538 1517 1751 1559 presentibus
1780 1525 1881 1557 quam
1910 1514 2037 1555 suturis
2067 1512 2254 1554 regyularem

1248 1571 1350 1603 vitum
1380 1571 1542 1612 professis
1589 1570 1623 1601 in
1653 1571 1865 1611 perpetuum.
1898 1567 2111 1608 Beligiosam
2141 1566 2254 1596 vitam

1248 1624 1457 1665 eligentibus
1478 1626 1544 1655 etc.
1568 1633 1677 1664 usque
1698 1622 1879 1663 infringat.
1903 1621 2113 1662 Eapropter,
2136 1618 2253 1650 dilecti

1248 1678 1282 1709 in
1309 1677 1461 1708 Domino
1486 1676 1559 1713 filii,
1586 1676 1712 1708 vestris
1735 1675 1839 1716 justis
1864 1672 2164 1716 postulationibus
2188 1671 2254 1702 cle-

1249 1733 1386 1762 menter
1417 1730 1606 1762 annuimus
1637 1732 1672 1761 et
1706 1728 1960 1760 monasterium
1991 1726 2093 1758 Beati
2126 1725 2255 1756 Theot-

1249 1784 1337 1815 fredi
1366 1783 1529 1819 martiris,
1560 1782 1754 1814 Anieiensis
1784 1781 1940 1817 diocesis,
1970 1780 2004 1811 in
2035 1789 2103 1820 quo
2133 1778 2253 1809 divino

1249 1837 1333 1869 estis
1354 1836 1521 1877 obsequio
1543 1835 1747 1876 mancipati,
1770 1835 1814 1866 ad
1836 1834 1948 1865 instar
1967 1832 2076 1864 felicis
2096 1831 2256 1863 recorda-

1249 1890 1355 1921 tionis
1392 1888 1569 1920 Paschalis
1605 1898 1706 1930 pape,
1743 1886 1996 1929 predecessoris
2032 1884 2153 1920 nostri,
2190 1883 2255 1914 sub

1248 1943 1350 1974 Beati
1382 1942 1477 1974 Petri
1508 1944 1544 1973 et
1576 1943 1695 1972 nostra
1728 1939 1947 1982 protectione
1979 1937 2189 1979 suscipimus
2220 1939 2256 1968 et

1250 1995 1421 2037 presentis
1440 1994 1561 2036 scripti
1580 1993 1761 2036 privilegio
1781 1991 2051 2024 communimus.
2076 1990 2113 2021 In
2135 1989 2255 2031 primis

1248 2048 1422 2090 siquidem
1450 2050 1650 2079 statuentes
1679 2049 1718 2078 ut
1745 2046 1830 2077 ordo
1859 2044 2086 2079 monasticus,
2117 2042 2176 2084 qui
2204 2052 2255 2073 se-

1249 2102 1417 2133 cumdum
1454 2101 1568 2132 Deum
1604 2103 1639 2131 et
1673 2099 1775 2131 Beati
1808 2097 1992 2130 Benedicti
2028 2096 2183 2138 regulam
2219 2095 2253 2126 in

1248 2155 1372 2187 eodem
1398 2153 1611 2185 monasterio
1636 2153 1823 2184 institutus
1847 2161 1921 2183 esse
1946 2149 2150 2185 dinoscitur,
2178 2158 2253 2190 per-

1249 2208 1365 2250 petuis
1396 2207 1527 2238 ibidem
1560 2206 1779 2247 temporibus
1810 2203 2061 2236 inviolabiliter
2092 2202 2253 2233 observe-

1249 2264 1318 2292 tur.
1341 2261 1504 2292 Preterea
1527 2268 1756 2301 quascunque
1777 2257 2022 2300 possessiones,
2045 2264 2253 2297 quecunque

1250 2315 1341 2345 bona
1365 2314 1458 2345 idem
1482 2312 1735 2344 monasterium
1758 2310 2066 2355 impresentiarum
2089 2308 2123 2339 in
2147 2307 2251 2344 cellis,

1249 2366 1398 2403 ecclesis,
1421 2365 1523 2402 villis,
1545 2365 1652 2401 silvis,
1675 2364 1796 2406 pratis,
1818 2364 1909 2404 agris
1929 2361 2032 2394 cultis
2052 2362 2123 2393 sive
2145 2360 2254 2392 incul-

1249 2420 1305 2456 tis,
1331 2419 1432 2461 aquis
1457 2428 1701 2460 aquarumque
1727 2416 1940 2452 decursibus,
1965 2415 2060 2457 juste
2085 2424 2124 2445 ac
2149 2423 2254 2445 cano-

1250 2473 1324 2505 nice
1349 2472 1505 2514 possidet
1530 2474 1593 2503 aut
1618 2471 1651 2515 in
1677 2471 1837 2502 futurum
1863 2468 2084 2501 concessione
2110 2466 2254 2509 pontili-

1248 2536 1340 2562 cuni,
1373 2525 1557 2566 largitione
1590 2532 1710 2565 regum
1742 2523 1797 2555 vel
1830 2522 2039 2564 principum,
2074 2519 2252 2552 oblatione

1248 2578 1406 2610 fidelium
1429 2588 1487 2610 seu
1512 2577 1588 2609 aliis
1627 2576 1732 2618 justis
1768 2575 1890 2611 modis,
1928 2576 2108 2616 prestante
2134 2572 2253 2604 Domi-

1249 2642 1303 2668 no,
1352 2631 1483 2673 poterit
1553 2630 1710 2671 adipisci,
1769 2629 1871 2660 firma
1909 2627 2009 2658 vobis
2054 2626 2251 2666 vestrisque

1247 2684 1504 2716 successoribus
1536 2686 1571 2715 et
1603 2682 1738 2714 illibata
1772 2683 2013 2723 permaneant.
2052 2680 2088 2710 In
2122 2678 2249 2719 quilius

1248 2738 1309 2770 hee,
1336 2737 1484 2779 propriis
1512 2736 1677 2768 duximus
1703 2734 1931 2776 exprimenda
1960 2732 2139 2764 vocabulis
2168 2742 2173 2761 z
2203 2731 2251 2761 lo-

1248 2801 1327 2823 cum
1352 2791 1467 2832 ipsum
1491 2790 1526 2821 in
1550 2800 1619 2831 quo
1644 2789 1822 2830 prefatum
1856 2786 2109 2818 monasterium
2142 2784 2249 2815 situm

1247 2847 1296 2876 est
1319 2853 1398 2875 cum
1418 2842 1583 2875 omnibus
1601 2841 1823 2883 pertinentiis
1841 2840 1922 2876 suis,
1943 2849 2023 2870 cum
2045 2837 2152 2873 101115,
2173 2846 2251 2878 pra-

1248 2898 1303 2933 tis,
1329 2896 1450 2933 vineis,
1477 2895 1688 2931 nemoribus,
1716 2894 1842 2935 usagiis
1866 2896 1898 2924 et
1926 2891 2063 2934 pascuis
2088 2891 2119 2921 in
2146 2890 2250 2920 bosco

1251 2954 1286 2982 et
1309 2950 1424 2991 plano,
1448 2949 1481 2979 in
1504 2948 1605 2989 aquis
1626 2950 1660 2978 et
1682 2946 1901 2982 molendinis,
1924 2945 1958 2976 in
1979 2944 2045 2975 viis
2066 2946 2101 2975 et
2121 2942 2256 2974 semitis

1193 3026 1195 3033 .
1245 3006 1276 3034 et
1317 3002 1480 3033 omnibus
1518 3001 1592 3031 aliis
1629 3000 1854 3031 libertatibus
1891 3001 1925 3029 et
1963 2996 2250 3028 immunitatibus
