2477 3512
186 251 229 284 66
895 243 1164 277 REGISTRES
1190 243 1542 276 D'ALEXANDRE
1571 243 1619 276 IV

190 362 202 377 «
219 365 343 387 norum
392 358 425 386 et
473 362 707 395 expensarum
756 351 908 391 legitime
954 351 1198 392 probatorum.

191 410 468 442 «Promittimus
502 409 611 440 etiam
648 408 737 439 bona
774 407 854 443 side,
890 406 963 437 sine.
996 406 1199 446 juramento

190 468 350 502 «tamen,
380 464 474 506 quod
503 464 620 495 omnia
649 462 715 494 alia
744 472 811 503 que
839 461 873 492 in
905 461 1001 492 dicta
1028 460 1202 502 composi-

192 534 203 549 «
222 521 314 552 tione
345 520 575 551 continentur
605 517 825 549 servabimus
856 519 886 547 ct
923 516 1094 547 faciemus
1132 525 1201 546 ser-

192 586 312 612 «vare,
349 579 381 606 et
420 575 569 606 merinos
603 576 638 603 et
675 572 812 612 bajulos
846 574 881 602 et
918 571 1007 602 ricos
1042 570 1201 601 homines

191 642 202 655 α
221 632 357 660 nostros
379 628 451 658 sive
474 627 633 662 barones,
658 628 837 666 presentes
858 627 891 655 et
916 624 1066 659 futuros,
1090 632 1202 664 quan-

192 683 263 713 «do
307 681 389 722 ipsis
432 681 582 711 honores
627 681 764 709 nostros
808 677 984 712 dabimus,
1029 676 1202 707 faciemus
1251 713 1253 721 γ

193 735 335 775 «jurare
369 733 463 774 quod
496 733 528 763 in
561 732 645 762 locis
676 731 741 762 sibi
774 730 957 772 deputatis
988 731 1130 760 servent
1162 736 1202 759 ea

193 800 204 815 (ι
222 788 312 818 bona
335 787 403 817 fide
425 789 457 817 et
482 785 609 816 facient
634 785 832 815 observare.
856 783 901 814 lit
924 782 1087 813 volumus
1108 780 1203 822 quod

192 840 369 882 «quilibet
407 848 647 870 successorum
687 840 888 868 nostrorum
927 835 1070 866 omnino
1109 834 1204 865 simi-

192 893 298 925 «liter
321 892 506 933 obligetur,
532 894 567 922 et
592 891 681 922 infra
706 900 838 922 annum
864 892 1058 931 postquam
1083 887 1126 918 ad
1152 896 1203 918 re-

193 947 335 987 «,qimen
361 946 455 985 regni
482 944 692 986 pervenerit,
719 953 758 975 ea
785 953 852 984 que
879 943 912 973 in
939 942 1035 972 dicta
1061 950 1204 981 compo·
1254 956 1255 964 1

193 999 347 1031 «sitione
383 998 612 1030 continentur
647 999 682 1028 et
719 996 957 1027 instrumenta
994 1003 1100 1035 super
1135 993 1204 1024 ista

194 1052 476 1094 «compositione
505 1051 665 1082 contecta
694 1059 773 1081 cum
801 1049 966 1090 episcopo
993 1050 1029 1078 et
1057 1046 1203 1078 ecelesia

194 1104 562 1147 «Pampilonensilms,
591 1103 719 1134 debeat
744 1102 926 1133 innovare.
955 1099 1205 1131 Promittimus

194 1158 382 1190 «similiter
420 1158 512 1188 bona
553 1156 622 1187 lide
670 1156 765 1196 quod
814 1155 999 1186 mittemus
1037 1153 1206 1184 nuntium

194 1214 383 1243 «nostrum
411 1211 454 1242 ad
483 1209 665 1241 dominum
695 1218 824 1249 papam
852 1218 933 1239 cum
961 1206 1087 1238 nuntio
1115 1205 1207 1247 epis-

195 1265 301 1306 «copi
333 1267 368 1295 ct
401 1262 547 1305 capituli
580 1261 721 1293 ecclesie
756 1260 1038 1302 Pampilonensis
1072 1259 1207 1300 predic-

195 1330 207 1345 «
222 1320 351 1353 torum,
376 1316 435 1358 qui
457 1314 658 1357 supplicent
679 1315 709 1345 ei
733 1314 828 1355 quod
852 1313 1039 1345 confirmet
1063 1321 1207 1353 compo-

194 1371 385 1402 «sitionem
417 1369 613 1411 predictam
645 1370 822 1408 quantum
855 1367 899 1398 ad
933 1365 1207 1398 associationem

195 1437 206 1452 «
222 1424 294 1455 sive
319 1422 567 1454 comunionem
594 1421 791 1462 predictam
817 1419 899 1451 ville
925 1418 1208 1460 Pampilonensis

196 1479 258 1508 «et
280 1475 513 1508 terminorum
535 1476 571 1505 et
594 1476 771 1515 quantum
794 1473 837 1505 ad
861 1482 901 1504 ea
926 1482 993 1514 que
1017 1472 1059 1503 de
1082 1471 1208 1503 castris

196 1530 265 1561 «de
289 1529 358 1560 Oro
380 1530 416 1560 ct
439 1527 559 1559 Sancti
583 1527 755 1568 Stephani
778 1527 820 1557 de
843 1526 965 1557 Monte
987 1524 1148 1561 Jordani,
1173 1526 1209 1556 et

197 1584 400 1624 «quantum
421 1581 465 1612 ad
485 1590 524 1612 ea
545 1590 612 1621 que
632 1580 674 1611 de
695 1579 859 1610 domibus
879 1578 956 1609 sitis
975 1588 1083 1619 prope
1102 1577 1209 1609 eccle-

197 1635 311 1667 «siam
333 1634 453 1666 Sancti
473 1633 569 1665 Petri
590 1632 872 1674 I‘ampilonensis
892 1641 980 1673 quas
1000 1630 1209 1662 hedificavit

197 1701 209 1717 «
228 1688 316 1728 (sic)
346 1697 407 1719 rex
437 1687 601 1718 Sanctius
631 1696 719 1727 quas
748 1686 896 1717 tenebat
926 1683 1210 1726 Pampilonensis

199 1754 210 1769 ι(
225 1741 420 1782 episcopus,
445 1749 512 1781 que
536 1739 637 1770 nobis
660 1739 694 1770 in
718 1741 930 1780 perpetuum
953 1739 1149 1774 remanent,
1174 1739 1209 1769 et

199 1795 268 1825 «de
301 1793 465 1825 domibus
496 1793 572 1824 sitis
605 1802 713 1834 prope
744 1791 928 1823 ecclesiam
958 1791 1068 1822 Beate
1101 1790 1208 1822 Marie

199 1846 507 1888 «Pampilonensis
538 1856 605 1886 que,
636 1848 787 1876 vocatur
817 1845 928 1876 Jhesu
960 1843 1090 1876 Christi
1121 1853 1210 1885 quas

199 1910 286 1931 «rex
311 1899 468 1935 tenebat,
497 1908 564 1939 que
590 1898 754 1939 episcopo
783 1896 1046 1939 Pampilonensi
1072 1896 1107 1927 in
1134 1906 1211 1938 per-

198 1966 209 1981 «
226 1955 373 1994 petuum
397 1954 592 1987 remanent,
618 1951 778 1992 superius
802 1954 885 1981 sunt
909 1960 1086 1991 expressa.
1113 1949 1159 1981 Et
1182 1949 1211 1981 si

199 2018 210 2033 «
226 2005 341 2037 nuntii
375 2005 533 2046 predicti,
567 2014 649 2035 casu
683 2004 801 2045 aliquo
834 2004 1028 2039 accidente,
1062 2003 1212 2044 impedi-

200 2061 348 2090 «rentur
393 2060 586 2098 antequam
634 2057 798 2088 dominus
844 2066 935 2098 papa
982 2056 1204 2087 confirmaret

200 2111 282 2143 «vel
316 2114 504 2147 recusaret,
542 2114 702 2142 tenemur
735 2111 865 2141 iterum
899 2110 1007 2141 alium
1043 2110 1209 2140 nuntium

201 2164 369 2195 «mittere
407 2164 518 2195 donec
557 2173 649 2205 papa
688 2163 936 2194 confirmasset
974 2162 1029 2193 vel
1069 2162 1211 2203 penitus

201 2219 421 2248 «recusasset
469 2219 504 2247 et
551 2216 645 2257 quod
693 2216 784 2247 serat
831 2215 1212 2247 excommunicationis

203 2270 443 2301 «sententiam
481 2270 516 2300 in
554 2280 617 2300 nos
654 2272 689 2300 ct
726 2279 943 2301 successores
980 2272 1120 2301 nostros
1157 2268 1211 2300 vel

204 2322 409 2353 «interdicti
428 2323 462 2353 in
480 2330 626 2363 regnum
647 2324 806 2353 nostrum
826 2325 931 2363 prout
949 2322 1015 2354 sibi
1032 2322 1214 2353 videbitur

204 2375 406 2417 «expedire,
433 2375 461 2406 si
487 2385 550 2406 nos
575 2374 631 2406 vel
658 2375 786 2416 aliquis
812 2385 1053 2407 successorum
1076 2378 1213 2406 nostro-

204 2438 320 2465 «rum,
355 2431 395 2459 ut
429 2428 563 2459 dictum
597 2431 661 2465 est,
696 2438 765 2459 non
800 2438 1021 2460 servaremus
1054 2428 1213 2470 predicta

203 2483 407 2523 «quantum
436 2481 480 2512 ad
507 2483 579 2512 tres
606 2480 774 2513 articulos
802 2481 963 2522 proximo
991 2484 1212 2523 prenotatos,

203 2536 268 2566 «et
302 2534 396 2575 quod
430 2534 661 2565 interdictum
695 2534 751 2565 vel
786 2535 1109 2566 excommunicatio
1144 2544 1214 2565 non

206 2599 218 2615 α
235 2587 364 2618 debeat
383 2586 531 2618 relexari
552 2596 661 2628 usque
682 2587 732 2621 ad
747 2587 1029 2619 satisfactionem
1048 2587 1216 2629 predictis

205 2639 400 2681 «episcopo
427 2642 463 2671 et
489 2639 631 2671 ecclesie
660 2640 993 2681 pampilonensibus
1020 2641 1121 2682 plene
1146 2641 1217 2672 fac-

207 2705 218 2720 «
234 2695 308 2724 tam
325 2703 333 2729 ;
353 2695 389 2724 et
406 2692 574 2739 volumus
592 2696 627 2724 et
647 2693 821 2725 donamus
840 2694 1005 2735 episcopo
1024 2696 1059 2725 et
1074 2693 1217 2726 ecclesie

207 2745 566 2787 «Pampilonensibus
609 2746 812 2782 antedictiS,
857 2747 902 2778 ad
945 2746 1217 2778 habundantem

208 2798 462 2829 «securitatem
484 2798 641 2840 ipsorum
663 2802 699 2830 et
720 2799 931 2831 firmitatem
954 2799 1217 2841 premissorum,

208 2851 330 2891 «quod
363 2851 528 2883 dominus
561 2861 653 2893 papa
688 2854 722 2883 et
755 2862 973 2884 successores
1004 2852 1125 2894 ipsius,
1160 2853 1219 2894 qui

212 2916 225 2930 <t
239 2913 301 2945 pro
321 2906 481 2946 tempore
501 2904 643 2941 fuerint,
665 2904 699 2935 in
719 2908 931 2946 perpetuum
952 2905 1043 2936 hanc
1062 2905 1220 2937 habeant

212 2959 468 2998 «potestatem,
495 2957 596 3000 lapsu
623 2957 793 2999 temporis
821 2961 1121 3000 quantuscunque
1147 2958 1222 2991 sue-

1269 2954 1275 2997 l

1306 350 1382 381 «rit
1424 360 1494 382 non
1537 349 1717 387 obstante,
1760 352 1795 381 et
1837 353 1983 392 propter
2022 350 2088 382 hoc
2118 350 2318 392 specialiter

1305 403 1501 434 «volumus
1528 406 1561 434 et
1590 412 1757 444 rogamus
1784 403 1878 444 quod
1905 403 2092 445 episcopus
2117 406 2152 435 et
2172 403 2317 436 ecclesia

1305 469 1315 483 «
1335 456 1622 498 l'ampilonenses
1652 456 1800 497 predicti
1830 456 1862 487 in
1892 466 1955 487 sua
1985 456 2129 488 ecclesia
2159 456 2317 488 habeant

1304 510 1552 540 «sacerdotem
1585 509 1629 540 ad
1664 509 1728 540 hoc
1761 508 1960 550 specialiter
1993 509 2220 550 deputatum,
2255 508 2315 550 qui

1305 574 1317 589 «
1335 572 1396 603 pro
1418 562 1572 593 remedio
1593 561 1793 593 animarum
1815 564 2078 593 antecessorum
2100 564 2316 598 nostrorum,

1305 617 1368 646 «et
1394 615 1593 656 specialiter
1618 614 1729 656 patris
1757 614 1877 651 nostri,
1905 617 1941 646 et
1967 624 2029 656 pro
2055 613 2169 646 salute
2196 617 2316 646 nostra

1305 680 1318 696 «
1333 670 1368 699 et
1386 678 1626 699 suceessorum
1646 670 1848 698 nostrorum
1867 667 2026 708 quaudiu
2046 667 2081 698 in
2100 667 2165 698 11οο
2184 667 2317 699 1111111ᾱο

1306 733 1319 749 «
1335 720 1476 757 suerint,
1499 724 1530 752 ct
1554 723 1635 762 post
1658 720 1922 751 defunctionem
1945 729 2027 751 vero
2049 730 2110 761 pro
2131 720 2320 752 animabus

1307 783 1454 804 «eorum
1487 783 1624 814 semper
1654 773 1778 804 debeat
1815 772 2002 809 celebrare,
2033 772 2135 813 cujus
2166 772 2320 814 provisio

1308 836 1446 867 musque
1485 827 1529 857 ad
1569 826 1757 857 duodecim
1796 825 1904 856 libras
1943 826 2198 857 Santhetorum
2236 827 2321 857 ante

1308 879 1547 911 «divisionem
1583 879 1800 915 reddituum,
1838 878 2097 910 obventionum
2133 878 2207 910 sive
2242 888 2322 920 pro-

1308 935 1512 964 «ventrium
1547 932 1787 974 predictorum
1823 932 1914 963 inter
1950 942 2011 962 nos
2045 934 2081 962 et
2114 931 2320 973 episcopum

1310 998 1322 1014 «
1339 996 1377 1017 ac
1404 984 1587 1016 ecclesiam
1612 985 1824 1022 faciendam,
1852 984 1954 1016 annis
1979 984 2124 1025 singulis
2150 984 2323 1026 prededu-

1310 1051 1321 1066 κ
1337 1041 1440 1070 catur
1508 1039 1551 1069 de
1594 1038 1765 1070 societate
1835 1038 2007 1079 predicta.
2051 1037 2107 1068 Ad
2150 1037 2322 1078 maj0rem

1311 1094 1460 1123 «autem
1491 1091 1742 1123 certitudinem
1772 1094 1808 1123 et
1837 1090 2148 1122 confirmationem
2177 1100 2218 1122 ac
2247 1100 2324 1132 per-

1310 1157 1322 1172 «
1340 1147 1487 1186 petuam
1514 1144 1722 1176 memoriam
1750 1144 1909 1186 predicte
1936 1142 2213 1185 compositionis,
2241 1152 2324 1175 ean-

1311 1210 1323 1225 «
1341 1198 1420 1229 dem
1441 1197 1735 1238 compositionem
1754 1196 1856 1237 sigilli
1878 1196 1988 1228 nostri
2008 1196 2202 1228 munimine
2222 1196 2324 1228 robo-

1311 1260 1471 1282 «ramuS.
1507 1251 1598 1281 Acta
1634 1253 1718 1281 sunt
1753 1250 1816 1281 hec
1853 1249 1959 1281 Stelle
1994 1249 2028 1280 in
2064 1252 2180 1281 castro
2214 1249 2324 1291 ipsius

1312 1318 1323 1333 «
1341 1304 1432 1341 ville,
1446 1306 1575 1335 octavo
1588 1303 1666 1334 idus
1680 1303 1885 1340 decembris,
1900 1302 2064 1334 videlicet
2076 1302 2109 1333 in
2123 1302 2213 1334 festo
2221 1302 2322 1335 Beati

1310 1371 1322 1386 «
1338 1356 1484 1393 Nicolai‚
1498 1366 1591 1388 anno
1605 1356 1748 1388 Domini
1760 1356 1850 1387 MCC
1864 1355 2157 1397 quinquagesimo
2170 1355 2326 1397 quinto.»

1925 1452 1942 1479 8
1967 1452 2130 1479 decembre
2153 1451 2240 1479 1255.

1359 1522 1371 1538 «
1402 1510 1439 1541 In
1468 1509 1610 1541 nomine
1639 1508 1754 1540 Patris
1781 1511 1817 1539 et
1845 1507 1922 1539 Filii
1949 1509 1985 1539 et
2013 1506 2164 1548 Spiritus
2192 1505 2324 1543 Sancti,

1315 1573 1458 1595 «amen.
1498 1563 1572 1594 Nos
1610 1562 1748 1598 Petrus,
1789 1561 1853 1592 Dei
1892 1560 2006 1601 gratia
2045 1558 2326 1601 Pampilonensis

1313 1629 1325 1644 «
1341 1616 1538 1657 episcopus,
1561 1618 1685 1646 notum
1707 1614 1858 1646 facimus
1878 1617 1953 1645 tam
1974 1612 2198 1655 presentibus
2217 1621 2326 1654 quam

1313 1681 1325 1698 «
1342 1669 1470 1700 suturis
1491 1669 1597 1710 quod,
1619 1678 1699 1699 cum
1720 1677 1826 1709 super
1845 1666 1966 1698 multis
1986 1669 2021 1697 et
2041 1665 2149 1697 variis
2168 1664 2326 1698 articulis

1313 1722 1434 1753 «inter
1462 1721 1552 1753 clare
1583 1721 1749 1752 memorie
1779 1719 2025 1751 Theobaldum
2055 1719 2179 1750 eadem
2211 1717 2327 1760 gratia

1314 1776 1524 1817 «quondam
1560 1783 1674 1814 regem
1712 1774 1870 1805 Navarre
1909 1772 2092 1808 illustrem,
2136 1771 2328 1813 Campanie

1316 1841 1327 1856 «
1343 1831 1375 1859 et
1397 1828 1475 1859 Brie
1495 1828 1660 1859 comitem
1682 1827 1892 1868 palatinum,
1913 1836 1955 1857 ex
1976 1836 2043 1857 una
2065 1828 2176 1867 parte,
2197 1827 2232 1856 et
2252 1834 2325 1862 nos,

1315 1881 1548 1923 «episcopum
1575 1880 1883 1921 l'ampilonensem
1911 1889 1972 1920 pro
1999 1878 2099 1910 nobis
2123 1881 2159 1909 et
2183 1877 2327 1909 ecclesia

1315 1948 1325 1963 α
1344 1933 1607 1975 Pampilonensi
1651 1943 1694 1964 ex
1738 1933 1860 1967 altera,
1907 1931 2109 1973 questiones
2153 1930 2249 1963 varie
2292 1933 2328 1962 et

1315 1987 1595 2020 «contentiones
1644 1988 1766 2018 exorte
1818 1985 1978 2022 fuissent,
2030 1986 2177 2026 propter
2233 1983 2328 2025 quod

1316 2041 1505 2082 «dampna
1543 2039 1663 2081 gravia
1700 2041 1737 2070 et
1773 2038 1929 2081 pericula
1950 2039 1961 2057 ¹
2319 2061 2327 2069 .

1361 2106 1374 2123 «
1394 2093 1485 2126 Item
1510 2095 1660 2134 excepto
1682 2092 1778 2134 quod
1796 2101 1859 2123 rex
1877 2091 1914 2122 in
1933 2090 2012 2122 vico
2032 2089 2212 2124 communi
2235 2090 2330 2123 unde

1314 2148 1532 2180 «transeunt
1556 2145 1729 2188 peregrini
1754 2144 1811 2177 vel
1843 2143 1927 2176 alibi
1962 2143 2023 2177 ubi
2059 2153 2123 2175 rex
2163 2142 2328 2180 voluerit,

1315 2200 1503 2242 «exceptis
1523 2199 1687 2231 domibus
1722 2198 1852 2230 nostris
1884 2200 1921 2229 et
1954 2196 2234 2239 amplificatione
2266 2205 2328 2229 seu

1315 2267 1328 2283 «
1345 2252 1587 2286 excrescentia
1608 2261 1716 2294 quam
1735 2250 1952 2283 voluerimus
1970 2249 2086 2282 facere
2101 2249 2194 2282 circa
2205 2249 2329 2282 domos

1316 2309 1484 2339 «nostras
1518 2316 1585 2347 que
1618 2307 1795 2336 vocantur
1828 2304 1938 2335 Jhesu
1973 2303 2113 2340 Christi,
2148 2312 2236 2344 quas
2267 2312 2330 2335 rex

1316 2359 1492 2392 «tenebat
1532 2359 1568 2390 in
1611 2358 1766 2400 pignore,
1810 2356 1968 2399 exceptis
2010 2356 2120 2388 etiam
2166 2355 2331 2388 domibus

1317 2412 1608 2447 «canonicorum,
1644 2410 1775 2452 poterit
1808 2410 1939 2441 habere
1972 2409 2008 2440 in
2044 2408 2193 2451 duplum
2225 2418 2334 2450 quam

1319 2478 1331 2495 «
1349 2466 1397 2498 sit
1417 2465 1576 2507 spatium
1597 2463 1725 2496 cellarii

1362 2519 1443 2550 «Et
1470 2527 1536 2549 nos
1562 2517 1723 2549 similiter
1748 2517 1783 2548 in
1811 2519 1926 2549 strata
1953 2516 2094 2558 publica
2120 2515 2213 2547 unde
2238 2518 2336 2547 tran—

1318 2584 1331 2601 «
1347 2575 1450 2604 seunt
1476 2570 1647 2612 peregrini
1673 2570 1764 2601 circa
1791 2570 1959 2601 Sanctam
1985 2568 2149 2601 Ceciliam
2171 2568 2226 2600 vel
2250 2567 2334 2600 alibi

1319 2639 1331 2653 «
1349 2625 1408 2656 ubi
1432 2624 1659 2660 voluerimus,
1674 2623 1832 2664 exceptis
1854 2622 2019 2653 domibus
2039 2621 2128 2662 regis
2153 2624 2188 2653 et
2211 2621 2337 2663 ampli-

1320 2691 1331 2707 «
1350 2677 1517 2709 l'icatione
1545 2686 1604 2708 seu
1637 2676 1875 2707 excrescentia
1910 2685 2018 2717 quam
2043 2674 2195 2706 voluerit
2221 2674 2336 2706 facere

1321 2731 1439 2763 «circa
1478 2731 1601 2761 domos
1638 2739 1719 2760 suas
1757 2739 1845 2771 quas
1880 2729 1986 2760 debet
2021 2728 2149 2760 habere
2183 2737 2202 2759 a
2234 2727 2335 2759 nobis

1321 2797 1334 2813 «
1351 2793 1459 2826 prope
1481 2785 1646 2813 sanctum
1663 2782 1808 2813 l'etrum
1825 2784 1857 2813 et
1880 2781 2038 2823 exceptis
2054 2780 2218 2812 domibus
2233 2789 2338 2811 cano-

1320 2836 1509 2868 »nieorum
1532 2835 1727 2876 poterimus
1749 2835 1877 2866 habere
1906 2833 2120 2866 tantundem
2149 2832 2268 2875 spatii,
2298 2834 2335 2864 et

1362 2934 1385 2955 1.
1404 2934 1451 2955 Les
1468 2939 1586 2960 passages
1603 2934 1743 2960 supprimes
1760 2935 1790 2955 ici
1807 2940 1832 2955 se
1849 2935 1995 2955 retrouvent
2011 2933 2067 2960 plus
2083 2933 2155 2957 haut,
2171 2930 2270 2953 mutaris
2285 2935 2337 2952 mu—

1326 2969 1419 2995 randis.
1432 2970 1496 2990 dans
1509 2970 1532 2991 la
1545 2970 1619 2991 lettre
1631 2970 1666 2991 du
1679 2970 1714 2991 roi
1727 2970 1758 2991 de
1771 2970 1892 2991 Navarre.
