2477 3512
325 270 390 300 650

326 343 477 374 mutandi.
507 341 689 382 corrigendi
717 346 749 372 et
777 341 914 372 addendi
945 341 1114 370 reservata
1145 338 1236 368 nobis
1266 338 1313 368 ni-

325 399 513 429 chilominus
527 400 700 439 potestate,
717 397 826 428 dilecti
842 396 923 428 filii..
946 396 1056 427 Sancti
1072 394 1308 436 Leodagarii,..

1030 262 1263 295 REGlsTRES
1290 262 1596 295 D‘ALEXANDRE
1622 265 1664 295 lv

1337 332 1340 389 l
1365 338 1588 369 nichilominus
1613 341 1800 380 exequaris.
1830 341 1941 372 Datum
1971 341 2120 377 Viterbii,
2147 343 2175 374 X
2196 343 2350 375 kalendas

1337 400 1339 440 ζ
1362 396 1505 435 augusti,
1527 406 1609 427 anno
1627 397 1736 427 tertio.
1766 412 1778 424 »ι

325 455 433 485 Sancti
475 453 610 495 Crispini
647 454 675 484 in
720 453 825 485 Cavea
868 452 1156 489 Suessionensis,..
1197 445 1338 481 Sancti³

325 511 418 551 Eligii
437 510 587 543 Fontis,..
609 510 647 540 de
657 510 925 541 Castellionect..
939 508 1156 540 deCastriciis
1176 507 1311 538 abbates
1336 530 1337 534 ,

323 577 496 607 eorumque
547 569 726 597 conventus
773 571 804 596 ct
844 566 896 596 alii
939 565 1135 596 adherentes
1170 563 1307 601 eisdem,

322 623 439 664 prefati
478 623 611 660 ordinis,
640 624 823 653 metuentes
852 622 1086 653 ordinationem
1116 621 1217 662 ipsam
1249 630 1311 661 per

321 679 577 710 reservationem
603 679 783 720 hujusmodi
800 689 896 720 posse
914 679 943 709 in
962 678 1105 708 deterius
1125 678 1307 713 immutari,

321 737 393 765 orta
413 745 508 776 super
522 735 580 765 boc
602 736 688 766 inter
708 738 739 765 te
763 739 795 766 et
816 734 1007 765 diffinitores
1034 735 1120 776 ipsos
1140 744 1181 764 ex
1212 739 1309 775 parte

323 796 424 822 uuaet
447 791 578 821 eosdem
599 791 733 822 abbates
754 794 784 822 et
803 795 980 822 conventus
997 801 1034 821 ac
1049 790 1245 821 adherentes
1260 800 1276 820 e
1289 800 1309 820 x

321 848 436 886 altera,
476 848 609 879 materia
643 849 831 889 questionis,
854 847 892 879 ad
932 848 1046 879 Sedem
1080 846 1246 886 Apostolic
1259 856 1308 876 am

321 910 541 935 recurrerunt.
571 905 671 935 Porro
695 904 889 935 venerabilis
911 905 1015 935 frater
1034 908 1144 934 noster
1164 904 1201 933 t).
1228 903 1309 933 'l'us-

320 962 454 991 culanus
470 962 640 1002 episcopus
653 964 685 991 ot
705 960 816 992 dilecti
836 961 891 992 filii
911 961 1013 991 nostri
1032 961 1069 996 l.,
1089 959 1171 991 tituli
1195 958 1309 989 Sancti

321 1018 483 1048 Laurentii
498 1018 527 1048 iu
552 1019 669 1049 Lucina
691 1021 718 1049 et
746 1018 799 1050 H..
823 1018 905 1048 tituli
925 1018 1045 1048 Sam-to
1060 1016 1188 1051 Sabine,
1213 1025 1308 1056 pres—

320 1073 412 1104 biteri
444 1074 640 1111 cardinales,
675 1075 762 1115 puris
795 1078 826 1104 et
852 1072 1024 1104 concordio
1054 1072 1157 1103 vestri
1184 1071 1308 1101 ordinis

319 1132 494 1168 amatores,
518 1130 727 1161 attendentes
748 1130 830 1171 quod
849 1130 968 1161 caritas
990 1132 1102 1160 vestra
1119 1126 1306 1169 hujusmodi

318 1188 445 1227 poterat
471 1188 606 1218 sauciari
639 1187 769 1217 dissidio
796 1190 828 1217 et
861 1186 938 1217 ordo
959 1187 1028 1227 ipse
1060 1184 1305 1226 irreparabilem

319 1242 425 1273 subire
442 1244 629 1281 scissuram,
646 1244 779 1274 obtenta
799 1254 895 1284 super
913 1243 975 1273 hoc
988 1242 1155 1273 ordinandi
1169 1251 1224 1282 pro
1239 1244 1305 1272 toto
1331 1250 1332 1258 ¹

317 1299 430 1330 eodem
449 1299 559 1330 ordine
580 1310 597 1330 a
619 1299 709 1330 nobis
732 1300 804 1330 vive
826 1300 914 1331 vocis
935 1298 1067 1330 oraculo
1086 1298 1231 1340 plenaria
1247 1308 1304 1339 po-

318 1358 449 1393 testate,
473 1356 654 1397 hujusmodi
675 1357 848 1398 potestatis
865 1357 1073 1391 auctoritate,
1087 1355 1126 1386 de
1142 1365 1303 1386 consensu
1330 1370 1331 1376 .

315 1416 348 1443 et
369 1412 533 1443 voluntate
553 1416 797 1453 procuratorum
820 1413 970 1454 partium,
990 1413 1020 1443 in
1041 1412 1101 1443 hac
1121 1414 1213 1453 parte
1229 1422 1303 1453 pro—

317 1469 388 1499 vide
416 1480 451 1500 ac
487 1469 662 1500 salubriter
682 1470 883 1509 ordinarunt,
907 1471 997 1511 prout
1022 1470 1053 1499 in
1082 1469 1201 1500 litteris
1228 1468 1302 1499 inde

315 1526 476 1557 confectis
507 1529 539 1557 et
564 1527 705 1568 ipsorum
726 1527 867 1568 episcopi
894 1530 927 1557 et
945 1526 1157 1558 cardinalium
1184 1525 1303 1567 sigillis

315 1583 443 1613 munitis
470 1583 594 1624 plenius
621 1584 846 1624 perspeximus
884 1584 1054 1615 contineri.
1080 1583 1144 1614 Nos
1178 1583 1299 1623 itaque,

314 1639 395 1679 quod
428 1650 526 1680 super
554 1640 612 1670 ho(-
635 1640 673 1670 ab
694 1640 815 1671 eisdem
844 1641 994 1681 episcopo
1022 1642 1053 1671 et
1080 1639 1303 1671 cardinalibus
1329 1664 1330 1669 ,

314 1695 435 1726 factum
449 1698 500 1726 est
520 1698 625 1727 ratum
647 1701 680 1728 ot
697 1696 818 1727 firmum
835 1697 1006 1731 babentes,
1027 1707 1063 1727 ac
1083 1696 1260 1731 defectum,
1277 1697 1303 1726 si

312 1752 383 1792 quis
402 1752 432 1782 in
449 1762 486 1782 eo
500 1762 542 1783 ex
554 1763 754 1793 quacumque
766 1764 863 1784 causa
878 1753 1037 1787 extiterit,
1053 1753 1245 1794 supplentes
1264 1753 1302 1783 de

309 1808 507 1849 plenitudine
537 1810 725 1850 potestatis,
749 1820 785 1840 ac
807 1810 862 1840 tibi
892 1810 1018 1850 tuisque
1044 1809 1255 1840 coabbatibus
1271 1811 1304 1841 et

312 1865 522 1895 conventibus
543 1866 701 1897 universis
722 1867 842 1908 prefati
867 1866 1000 1905 ordinis,
1025 1877 1063 1897 ne
1082 1869 1196 1897 contra
1216 1866 1303 1897 ordi-

1434 526 1533 552 2115
1951 529 2065 557 liatran,
2081 530 2096 554 9
2111 529 2182 555 avril
2200 532 2275 556 1257.

1396 616 1499 641 loanni
1516 615 1633 646 clerico,
1652 616 1680 642 in
1695 616 1819 642 ecclesia
1833 617 1859 643 S.
1873 617 2013 643 Antonini
2029 617 2208 651 Placentina,
2223 619 2349 646 auctori·

1362 666 1418 689 tate
1447 663 1611 690 litterarum
1638 664 1801 691 lnnocentii
1823 665 1856 690 iv
1883 668 2000 699 recepto
2019 666 2048 692 in
2079 667 2266 699 canonicum,
2296 667 2347 694 sed

1361 711 1571 737 constitutione
1600 712 1725 746 quadam
1754 712 1884 746 generali
1915 712 2067 743 destituto,
2091 714 2139 746 jus
2153 715 2348 742 canonicatus

1334 775 1335 780 .
1361 759 1499 785 restituit.
1517 760 1595 785 (lii-tc.
1612 761 1654 791 25,
1669 768 1693 785 a.
1713 760 1759 788 ΙΙΙ,
1777 768 1800 785 c.
1820 760 1893 789 536‘,
1910 760 1929 786 f.
1948 762 2014 794 662)

1406 864 1419 876 «ι
1442 848 1591 881 Jnhauni
1618 849 1750 887 πίει-ἑστι,
1773 856 1853 881 nala
1881 850 2004 882 nobilis
2034 851 2096 883 riri
2126 853 2279 896 Huyonis
2304 852 2345 885 de

1363 906 1562 944 Ccmzezano,
1582 906 1827 949 couscznqnistei
1848 907 1884 938 O.
1907 910 1940 939 S.
1960 907 2105 940 Adriani
2121 908 2258 941 diaconi
2273 920 2345 941 car-

1361 960 1692 1001 dinalz's‚Jan1.‹ensi.s
1710 962 1862 995 diocesis.
1878 964 1925 996 Ex
1940 965 2024 996 serie
2041 968 2095 997 tue
2112 967 2278 1007 petitionis
2290 985 2342 998 —.

1362 1019 1432 1050 Dat.
1459 1020 1623 1057 Laterani,
1648 1020 1675 1050 V
1692 1020 1761 1050 idus
1776 1020 1899 1061 aprilis.
1922 1032 2004 1052 auno
2022 1023 2131 1053 tertio.
2155 1038 2167 1048 ··

1333 1161 1334 1179 ,
1431 1144 1532 1172 21¹6

1332 1186 1334 1200 l

1332 1204 1334 1227 l

1951 1148 2063 1179 Latran,
2079 1150 2093 1174 9
2109 1148 2179 1175 avril
2198 1151 2272 1175 1257.

1331 1266 1332 1280 χ
1394 1234 1526 1269 Magistro
1540 1234 1661 1261 Girardo
1672 1235 1707 1261 de
1717 1236 1930 1262 Petrabatdano
1943 1237 2074 1265 mandat.
2085 1241 2230 1271 quatenus
2239 1246 2344 1272 supra-

1357 1281 1765 1316 dictoJoanniclerico,juxta
1782 1283 1976 1310 restitutionis
1991 1285 2342 1320 tenorem,praebendum

1329 1345 1331 1367 χι
1356 1328 1492 1355 conferre
1510 1332 1656 1362 procuret.
1676 1330 1753 1356 (Rue.
1772 1333 1814 1360 233,
1831 1339 1857 1357 a,
1876 1331 1922 1360 ΙΙΙ,
1940 1339 1964 1358 c.
1982 1331 2054 1364 536²,
2077 1332 2180 1359 5166*ss

1329 1407 1331 1458 i
1401 1435 1414 1448 u
1443 1420 1607 1463 Maqistrn
1634 1420 1782 1453 Get-ardo
1814 1421 1854 1454 de
1886 1421 2143 1462 Petrabaldmw,
2165 1422 2342 1466 capellano

1329 1459 1330 1473 l

1329 1508 1330 1513 ,
1354 1482 1476 1516 ›mxli-o,
1500 1477 1664 1510 canonico
1686 1478 1871 1510 Parmensi.
1896 1479 1944 1510 Ex
1964 1479 2049 1509 serie
2069 1479 2181 1510 dilecti
2202 1478 2256 1510 filii
2283 1498 2337 1510 —.

1329 1516 1330 1572 l
1356 1533 1427 1564 Dat.
1451 1536 1483 1565 ut
1502 1533 1576 1565 alia.
1598 1550 1610 1561 υ

1428 1667 1526 1694 2117
1896 1667 2021 1697 Viterbe,
2037 1670 2065 1693 31
2081 1667 2179 1701 juillet
2196 1668 2271 1693 1257.

1329 1688 1331 1758 i
1391 1756 1533 1791 Episcopo
1546 1756 1741 1791 Magalonensi
1760 1757 1889 1786 mandat,
1900 1759 2047 1790 quatenus
2058 1764 2124 1783 cum
2136 1756 2291 1783 Guillelmo
2307 1757 2345 1783 de

1328 1792 1330 1851 l
1356 1805 1446 1830 Puteo
1476 1806 1505 1830 et
1529 1804 1651 1830 l’dcarda
1673 1806 1742 1830 nata
1758 1804 1908 1838 quondam
1931 1804 2007 1830 Petri
2025 1804 2136 1839 Rigaldi
2168 1805 2202 1831 de
2230 1805 2341 1831 Monte-

1329 1854 1330 1859 *
1355 1851 1521 1886 pessulano,
1538 1851 1573 1877 de
1599 1852 1727 1886 quodam
1743 1851 1954 1885 impedimento
1977 1852 2155 1878 matrimonii
2172 1852 2336 1886 dispenset.

1328 1914 1330 1923 1
1356 1900 1434 1927 (uns.
1450 1901 1494 1930 25,
1509 1907 1533 1925 a.
1552 1899 1599 1931 ΙΙΙ,
1614 1908 1638 1926 e.
1657 1901 1717 1929 537,
1736 1899 1753 1925 Γ.
1767 1901 1833 1925 ὃῦνζῑ

314 1921 473 1952 nationem
492 1922 591 1962 ipsam
621 1923 736 1953 suturis
763 1924 875 1954 venire
900 1923 1098 1965 temporibus
1128 1923 1304 1964 quomodo·
1328 1926 1330 1963 j

312 1976 391 2008 libet
406 1977 555 2016 valeatis,
571 1982 761 2020 perpetumn
784 1980 947 2011 silentium
968 1980 1181 2021 imponentes,
1201 1979 1230 2010 id
1247 1990 1304 2021 per
1328 1978 1330 1989 ¹

315 2035 441 2064 nostras¹
477 2034 627 2066 ‹luximus
651 2036 778 2067 litteras
810 2037 1073 2068 confirmandum.
1108 2037 1188 2072 Quia
1224 2047 1303 2067 vero

312 2089 408 2129 digne
431 2092 586 2130 volumus,
601 2094 633 2122 ut
653 2092 833 2134 hujusmodi
855 2094 987 2135 provida
1006 2096 1038 2124 et
1066 2093 1202 2124 salubris
1221 2093 1304 2124 ordi-

313 2146 398 2177 natio
424 2147 581 2178 dictorum
604 2149 743 2191 episcopi
773 2153 805 2181 et
830 2150 1038 2181 cardinalium
1062 2150 1229 2192 perpetuis
1250 2150 1304 2180 fu—

314 2203 395 2233 turis
416 2205 615 2245 ten‘iporibus
641 2205 776 2237 firmiter
802 2207 1008 2245 observetur,
1025 2206 1165 2238 faciendi
1191 2206 1304 2237 obser-

313 2259 382 2289 vari
395 2259 630 2292 ordinationem
648 2263 781 2293 eandem
802 2263 1032 2294 inviolabiliter
1048 2263 1085 2294 ab
1106 2263 1252 2293 omnibus
1269 2264 1305 2293 et

314 2315 448 2356 singulis
464 2317 701 2357 professoriluis
711 2320 886 2361 supradicti
904 2320 1030 2351 ordinis
1045 2323 1077 2351 et
1088 2330 1299 2361 compescen-

312 2371 343 2401 di
367 2373 636 2409 contradictores,
658 2376 683 2405 si
702 2376 753 2415 qui
770 2376 900 2409 fuerint.
922 2377 1136 2418 appellatione
1161 2378 1299 2415 remota,

312 2437 371 2468 per
390 2438 560 2460 censuram
580 2431 837 2462 ecclesiasticam
865 2433 921 2463 tibi
940 2435 973 2464 et
989 2433 1110 2464 duobus
1128 2433 1165 2463 de
1182 2433 1301 2464 ‹listini—

314 2485 436 2515 toribus
455 2488 622 2518 memorati
643 2488 765 2519 ordinis
790 2489 820 2519 in
842 2489 983 2531 capitulo
1002 2490 1156 2521 Arroasie
1180 2500 1197 2520 a
1217 2489 1301 2520 diffi-

315 2541 468 2572 nitoribus
500 2543 643 2583 ejusdem
672 2545 802 2586 capituli
832 2546 922 2576 annis
950 2546 1085 2587 singulis
1123 2546 1298 2587 eligendis,

313 2598 509 2629 auctoritate
531 2601 741 2640 presentium,
762 2602 896 2632 liberam
921 2602 1128 2633 concedimus
1157 2603 1296 2646 faculta-

313 2655 397 2691 tem,
434 2664 492 2684 non
522 2655 671 2687 obstante
708 2659 871 2689 contraria
907 2659 1141 2690 consuetudine
1177 2659 1299 2690 ordinis

313 2710 502 2750 supradicti,
517 2716 570 2742 aut
591 2713 615 2742 si
632 2713 788 2754 aliquibus
804 2715 886 2755 quod
899 2715 1062 2753 interdici,
1075 2715 1227 2757 suspendi
1244 2726 1301 2747 seu

313 2766 411 2796 etiam
440 2770 714 2800 excommunicari
737 2781 799 2801 non
826 2772 950 2812 possint
974 2782 991 2802 a
1013 2772 1096 2803 Sede
1112 2772 1301 2813 Apostolica

314 2821 355 2851 sit
374 2822 542 2861 indultum,
565 2835 620 2855 seu
642 2827 873 2858 constitutione
898 2828 938 2859 de
961 2827 1083 2859 duabus
1099 2828 1196 2859 dietis
1213 2828 1302 2859 edita

313 2877 341 2907 in
355 2878 489 2909 concilio
509 2881 665 2920 generali.
690 2883 779 2918 Quod
807 2884 833 2913 si
854 2883 930 2915 dicti
952 2883 1013 2914 duo
1030 2883 1224 2915 diffinitores
1240 2884 1301 2915 biis

313 2935 511 2974 exequendis
533 2937 691 2969 noluerint
713 2939 763 2969 vel
784 2940 987 2980 nequiverint
1013 2941 1185 2978 interesse,
1209 2943 1242 2971 tu
1263 2951 1301 2972 ea

1400 2000 1413 2011 «ι
1446 2011 1466 2016 ..
1494 1984 1647 2027 episcopo
1679 1983 1927 2026 illczqalonensi.
1959 1985 2007 2015 Ex
2029 1989 2120 2025 parte
2151 1983 2263 2015 dilecti
2287 1983 2343 2015 filii

1355 2041 1519 2073 Guillelmi
1537 2041 1576 2072 (le
1591 2042 1695 2072 Puteo
1715 2041 1800 2080 laici,
1823 2043 1877 2072 tue
1897 2040 2049 2078 diocesis,
2066 2040 2126 2072 fuit
2146 2040 2341 2082 propositum

1355 2108 1463 2130 coram
1479 2097 1583 2136 nobis,
1595 2098 1678 2139 quod
1698 2099 1766 2139 ipse
1783 2097 1858 2129 olim
1869 2108 1940 2128 cum
1951 2097 2071 2128 dilecta
2089 2097 2119 2128 in
2133 2096 2262 2128 Christo
2278 2096 2343 2128 filia

1357 2154 1496 2185 Ricarda
1517 2156 1592 2185 nata
1620 2154 1777 2195 quondam
1803 2154 1893 2185 Petri
1924 2153 2051 2195 Rigaldi
2075 2153 2114 2184 de
2136 2154 2343 2194 Montepesu—

1356 2210 1440 2248 lano,
1470 2210 1614 2252 predicte
1642 2211 1791 2247 diocesis,
1816 2210 1974 2251 quondam
2001 2210 2182 2241 Beatricem
2209 2219 2342 2240 uxorem

1355 2266 1454 2307 ipsius
1473 2267 1630 2298 Willelmi
1660 2268 1774 2307 quarta
1795 2267 2086 2308 consanguinitatis
2109 2266 2193 2297 linea
2217 2266 2345 2297 contin—

1356 2325 1468 2363 gente,
1487 2324 1721 2355 matrimonium
1750 2334 1806 2364 per
1824 2322 1924 2355 verba
1943 2323 1983 2355 de
2002 2323 2146 2364 presenti
2163 2322 2340 2360 contraxit,

1355 2381 1387 2410 et
1409 2380 1480 2419 quia
1509 2390 1550 2411 ex
1574 2381 1713 2421 ipsorum
1742 2380 1879 2411 divortio
1903 2381 1929 2410 si
1948 2379 2107 2411 celebrari
2135 2380 2340 2420 contingeret

1354 2435 1439 2467 inter
1454 2445 1510 2466 eos
1527 2446 1629 2475 grave
1646 2436 1831 2467 scandalum
1849 2442 1880 2467 et
1900 2437 2069 2467 inimicitie
2088 2435 2245 2477 capitales
2256 2435 2341 2466 inter

1354 2492 1520 2532 utriusque
1541 2493 1800 2534 consanguineos
1825 2493 2008 2531 evenirent,
2035 2492 2094 2523 fuit
2120 2492 2210 2524 nobis
2237 2491 2342 2522 humi-

1353 2547 1430 2579 liter
1443 2549 1670 2590 supplicatum,
1684 2552 1719 2580 ut
1735 2549 1926 2590 dispensare
1938 2560 2008 2580 cum
2029 2549 2119 2590 ipsis,
2134 2548 2216 2589 quod
2232 2548 2296 2589 imp
2304 2557 2339 2578 e-

1353 2605 1496 2636 dimento
1531 2604 1698 2636 affinitatis
1729 2606 1911 2645 hujusmodi
1943 2616 2003 2637 non
2024 2605 2186 2643 obstante,
2226 2605 2256 2634 in
2293 2604 2339 2634 sic

1353 2663 1520 2692 contracto
1548 2662 1751 2693 matrimonio
1774 2672 1944 2693 remanere
1971 2662 2113 2699 valeant,
2135 2670 2336 2692 curaremus.

1353 2718 1510 2754 Quocirca
1534 2718 1895 2759 mandamus,quatimis
1915 2729 1986 2749 cum
2007 2718 2045 2749 G.
2062 2719 2096 2749 et
2106 2718 2143 2748 R.
2165 2716 2336 2758 predictis,

1353 2773 1434 2814 quod
1473 2774 1620 2815 ejusdem
1657 2774 1824 2806 affinitatis
1861 2774 2090 2816 impedimento
2134 2782 2333 2814 nequaquam

1352 2830 1516 2868 obstante,
1539 2831 1569 2861 in
1588 2831 1789 2862 matrimonio
1806 2831 1876 2872 ipso
1896 2831 1984 2862 licite
2006 2839 2175 2861 remanere
2190 2829 2335 2866 valeant,

1354 2887 1550 2918 auctoritate
1578 2890 1688 2918 nostra
1707 2887 1890 2929 dispenses.
1916 2888 2029 2918 Datum
2047 2886 2200 2922 Viterbii,
2224 2886 2253 2916 ΙΙ
2269 2885 2336 2916 kal.

1355 2944 1497 2984 augusti,
1523 2954 1606 2974 anno
1622 2945 1734 2975 tertio.
1761 2959 1775 2972 η
