2477 3512
958 281 1231 329 eiNQUIEME
1256 280 1423 318 ANNEE
2201 280 2244 313 93

129 401 361 434 «duxerimus
377 401 420 432 de
434 400 586 432 fratrum
610 401 811 430 nostrorum
840 395 983 428 consilio
1012 393 1139 426 confir-

132 467 145 483 «
160 455 339 491 mandam,
359 452 583 494 defeetu[m],
603 452 630 483 si
649 451 726 492 quis
743 461 786 482 ex
803 457 1014 492 quacunque
1031 455 1136 478 causa

130 519 143 536 «
156 507 192 539 in
209 517 249 539 ea
266 506 398 543 exsitit,
417 505 622 546 supplentes
640 505 681 535 de
699 502 918 545 plenitudine
935 498 1135 542 potestatis,

130 560 321 592 «volumus
336 562 371 591 et
388 568 449 600 per
465 557 657 599 apostolica
669 556 736 588 tibi
751 556 881 596 scripta
897 552 1047 585 firmiter
1061 560 1138 593 pre-

132 612 320 654 «cipiendo
366 612 578 644 mandamus
623 609 792 651 quatinus
836 606 1057 639 carissimum
1101 604 1136 635 in

132 665 297 697 «Christo
328 664 441 696 filium
472 666 633 695 nostrum
664 661 788 703 Anglie
818 668 934 701 regem
965 657 1137 689 illustrem

131 730 143 746 «
159 718 203 750 ad
216 718 432 749 mittendum
445 716 654 758 quantotius
672 714 823 746 eundem
842 721 957 753 regem
975 711 1011 742 in
1029 720 1137 742 manu

133 770 254 807 «forti,
293 771 337 802 ad
375 769 673 812 prosequandum,
714 769 820 808 prout
857 766 958 797 decet
995 766 1138 795 tantum

132 823 364 865 «principem,
396 822 544 853 viriliter
572 824 608 852 et
638 822 803 862 potenter
832 818 926 850 idem
957 816 1138 858 negotium

133 876 329 908 «inducens
348 878 382 907 et
402 875 520 906 induci
541 873 672 905 faciens
692 872 805 904 modis
826 871 955 912 quibus
974 869 1138 911 expedire

134 929 290 960 «videris
327 928 521 960 secundum
559 926 786 968 prudentiam
825 935 843 955 a
883 923 1035 955 Domino
1074 922 1138 953 tibi

133 982 295 1018 «datam,
322 980 521 1012 collationis
546 982 606 1010 tue
632 979 768 1010 litteras
793 978 906 1009 eidem
932 976 1003 1017 regi
1027 975 1139 1007 Sicilie

133 1044 307 1066 «renoves
334 1034 398 1065 sub
427 1033 532 1075 priori
560 1033 644 1063 data
673 1032 707 1062 in
736 1031 833 1062 illum
862 1030 1006 1061 modum
1035 1038 1139 1069 quem

132 1094 145 1110 <(
159 1088 194 1118 in
221 1086 502 1118 confirmationis
530 1088 647 1116 nostre
675 1084 801 1115 litteris
829 1084 861 1114 in
891 1082 1018 1124 quibus
1046 1081 1140 1112 litte-

132 1150 276 1171 «rarum
320 1142 462 1171 tuarum
504 1138 786 1170 renovendarum
829 1140 931 1168 tenor
976 1135 1140 1166 inseritur

134 1187 380 1235 «perspexeris
411 1191 594 1226 contineri,
627 1201 706 1222 cam
737 1191 770 1221 in
803 1190 869 1221 hiis
899 1192 933 1221 et
966 1189 1042 1221 aliis
1073 1197 1140 1229 que

134 1246 341 1288 «pertinent
370 1246 413 1277 ad
444 1244 732 1286 festignationem
766 1243 853 1283 (sic)
883 1245 919 1274 et
948 1241 1140 1284 promotio-

134 1312 146 1327 «
162 1309 242 1330 nem
267 1299 426 1339 ejusdem
453 1297 583 1338 negotii
609 1296 893 1332 sollicitudinem,
921 1297 1027 1337 prout
1052 1295 1140 1325 bene

134 1352 274 1383 «fecisti
304 1352 475 1382 hactenus
504 1350 701 1386 habiturus,
732 1350 826 1390 quod
856 1348 966 1390 possis
994 1348 1140 1389 proinde

134 1405 256 1446 «apud
282 1405 398 1436 Deum
422 1406 458 1435 et
483 1403 643 1435 homines
667 1412 737 1433 non
761 1402 938 1434 immerito
964 1410 1141 1432 commen-

132 1470 146 1487 «
161 1458 247 1489 dari.
272 1458 356 1489 Dat.
380 1456 496 1493 Asisii,
525 1456 559 1487 ΙΙ
582 1456 661 1487 idus
686 1455 779 1492 maii,
805 1454 1038 1496 pontificatus
1062 1464 1140 1485 nos-

131 1510 203 1541 «tri
227 1520 319 1542 anno
342 1509 528 1542 undecimo
553 1520 576 1540 ».

178 1584 190 1601 «
216 1571 388 1603 Predictis
414 1579 495 1612 ergo
520 1570 648 1602 litteris
673 1569 823 1611 receptis
849 1572 884 1600 et
911 1578 1032 1600 earum
1058 1578 1140 1600 con-

132 1624 310 1657 «tinentia
350 1624 552 1665 diligentius
591 1623 784 1660 intellecta,
825 1622 947 1664 rogavi
987 1622 1139 1654 eundern

132 1687 286 1720 «regem,
315 1678 409 1719 apud
438 1677 555 1718 ipsum
583 1686 645 1718 per
672 1686 727 1708 me
754 1679 790 1708 et
817 1676 904 1708 alios
930 1676 1137 1714 insistendo,

131 1743 146 1761 α
160 1734 201 1763 ut
218 1741 254 1763 se
273 1732 478 1772 prepararet
496 1729 645 1761 viriliter
663 1733 699 1761 et
718 1732 893 1771 potenter,
914 1732 1021 1771 prout
1040 1730 1139 1762 dece-

133 1797 146 1813 «
161 1784 224 1816 bat
264 1786 408 1815 tantum
448 1783 654 1825 principem,
696 1783 740 1815 ad
781 1782 917 1814 dictum
958 1783 1139 1824 negotium

134 1837 457 1879 «prosequendum,
489 1846 569 1867 cum
599 1845 696 1867 mora
726 1835 883 1867 traheret
912 1836 956 1867 ad
986 1846 1021 1867 se
1050 1837 1140 1878 peri-

133 1890 279 1922 «culum
308 1892 343 1921 et
373 1889 496 1921 dilatio
525 1889 560 1920 in
590 1889 721 1920 talibus
750 1889 796 1920 sit
825 1889 1048 1930 dumpnosa;
1079 1890 1138 1921 sed

132 1953 325 1985 «responso
346 1942 431 1974 viva
451 1951 538 1974 voce
559 1951 578 1973 a
601 1942 759 1983 predicto
780 1950 859 1982 rege
880 1945 1021 1984 recepto
1043 1943 1138 1984 quod

133 1996 347 2038 «pecuniam
379 2005 448 2027 non
480 1995 647 2031 habebat,
681 2004 743 2026 nec
774 1995 941 2036 sperabat
972 2005 1007 2026 se
1038 2005 1139 2037 posse

133 2048 364 2090 «hujusmodi
401 2048 582 2089 negotium
618 2047 792 2089 prosequi,
830 2048 895 2080 nisi
930 2048 1043 2090 primo
1079 2058 1141 2090 per

133 2102 331 2134 «auxilium
354 2101 508 2133 Ecclesie
531 2101 692 2132 Romane
713 2100 779 2132 sibi
801 2101 1028 2133 exhiberetur
1049 2102 1140 2133 deci-

135 2165 219 2188 «ma
245 2155 358 2187 eidem
383 2164 547 2186 concessa
572 2154 607 2185 in
633 2153 796 2195 partibus
819 2154 1033 2195 Anglicanis,
1059 2155 1141 2187 licet

135 2218 217 2240 «me
238 2210 378 2249 rogaret
398 2210 434 2239 et
455 2210 629 2249 oportune
650 2207 799 2238 instaret
822 2216 862 2238 ac
883 2207 991 2238 etiam
1013 2208 1142 2250 impor-

132 2274 146 2291 «
159 2264 245 2293 tune
263 2263 304 2292 ut
322 2260 581 2292 concessionem
600 2260 798 2301 predictam
819 2259 925 2301 juxta
944 2261 1144 2294 litterarum

134 2314 294 2346 «domini
334 2323 424 2355 pape
461 2313 719 2344 continentiam
757 2323 975 2351 renovarem,
1018 2315 1142 2347 videns

134 2367 269 2409 «ipsius
293 2366 515 2398 debilitatem
536 2375 576 2398 ac
599 2365 849 2407 impotentiam
873 2376 980 2408 quam
1003 2368 1142 2409 publice

136 2419 350 2461 «allegabat,
375 2422 410 2451 et
433 2419 622 2450 attendens
645 2420 738 2460 quod
762 2419 1015 2452 acceleratione
1038 2430 1144 2462 nego-

136 2473 254 2504 «tium
279 2472 472 2513 indigebat,
499 2472 766 2503 renovationem
794 2482 863 2504 non
889 2473 955 2504 feci
980 2476 1015 2504 et
1055 2474 1145 2505 ulte-

137 2539 149 2554 «
165 2526 235 2557 rius
258 2525 292 2557 in
317 2525 411 2557 dicto
436 2525 575 2566 negotio
600 2535 669 2556 non
693 2525 854 2566 processi,
880 2536 988 2567 quare
1011 2527 1148 2568 predic-

137 2582 222 2610 «tus
246 2588 308 2610 rex
331 2578 469 2609 litteras
494 2588 582 2619 quas
607 2578 691 2609 mihi
717 2578 812 2619 prius
836 2579 1031 2620 presentari
1055 2580 1145 2612 fece-

137 2634 220 2663 «rat
250 2631 472 2673 reportavit;
504 2641 584 2662 cnm
617 2631 720 2662 dictis
751 2634 871 2663 autem
903 2632 1077 2664 Cornubie
1108 2636 1144 2664 et

139 2697 150 2712 «
170 2684 353 2716 Provincie
371 2684 561 2715 comitibus
579 2683 668 2725 se[u]
688 2685 813 2725 quovis
831 2685 898 2716 alio
917 2686 960 2716 ad
986 2686 1146 2717 collatio-

140 2747 246 2769 «nem
268 2737 352 2769 dicti
374 2737 469 2777 regni
491 2737 717 2777 aliquatenus
738 2737 840 2768 aliter
861 2747 929 2769 non
952 2739 1114 2779 processi.
1132 2751 1144 2767 »

185 2803 197 2817 «
216 2790 263 2821 Et
280 2798 342 2831 ego
360 2790 500 2827 Bassus,
521 2790 614 2820 filius
633 2791 813 2830 quondam
833 2791 965 2821 domini
985 2791 1145 2828 Roberti,

140 2843 360 2884 «apostolica
390 2843 604 2874 auctoritate
632 2846 668 2873 et
696 2853 788 2874 nunc
816 2844 959 2875 Camere
986 2844 1145 2885 ejusdem

139 2895 337 2931 «notarius,
373 2905 516 2936 presens
550 2896 803 2936 transcriptum
837 2899 943 2937 prout
976 2897 1010 2928 in
1045 2897 1147 2938 origi-

140 2948 237 2980 «nali
272 2948 485 2989 transcripto
520 2958 580 2989 per
613 2948 748 2979 dictum
783 2949 991 2989 magistrum
1025 2949 1146 2981 Albes-

137 3014 150 3031 α
167 3004 244 3033 tum
275 3001 417 3033 domino
443 3011 533 3042 pape
558 3004 593 3032 et
620 3001 786 3042 predictis
811 3001 1048 3033 cardinalibus
1074 3012 1149 3043 pre-

1196 2917 1200 3030 l

1241 402 1254 419 t(
1268 393 1420 427 sentato,
1448 389 1496 422 nil
1520 390 1654 422 addens
1678 389 1734 420 vel
1760 389 1931 425 minuens,
1959 390 2023 421 nisi
2048 392 2088 421 ut
2111 390 2243 421 ibidem

1241 443 1398 479 «inveni,
1416 444 1458 474 de
1480 443 1651 474 mandato
1677 442 1761 473 dicti
1787 441 1919 473 domini
1945 452 2034 483 pape
2059 445 2094 473 et
2118 445 2243 483 rogatu

1242 496 1355 528 «dicti
1390 495 1549 536 magistri
1582 495 1730 531 Alberti,
1766 494 1897 535 scripsi,
1933 494 2106 526 ascultavi
2140 497 2176 527 et
2209 495 2245 526 in

1243 549 1450 591 «publicam
1471 548 1622 580 formam
1643 547 1769 587 redegi,
1792 547 1857 578 sub
1878 556 1970 578 anno
1992 547 2135 578 Domini
2156 546 2245 579 MCC

1243 601 1563 644 «quinquagesimo
1592 603 1704 637 sexto,
1736 600 1770 630 X
1798 599 1868 631 kal.
1898 599 2109 636 novembris,
2138 599 2248 631 indic-

1243 668 1256 685 «
1270 656 1367 688 tione
1387 654 1464 691 XV,
1485 653 1717 696 pontificatus
1736 663 1818 684 vero
1837 652 1969 684 domini
1989 662 2078 694 pape
2096 651 2248 684 Alexan-

1244 722 1257 738 «
1272 708 1325 741 dri
1345 707 1463 750 quarti
1482 716 1574 738 anno
1594 706 1759 738 secundo.
1781 718 1793 734 »

1326 901 1413 928 3037
1714 899 1849 932 Anagni,
1874 898 1910 925 18
1932 898 2060 925 octobre
2083 897 2170 924 1259.

1279 955 1542 989 Subrogationem
1561 953 1783 980 nonnullorum
1806 951 1923 978 civium
1939 950 2169 978 Coloniensium
2184 950 2251 977 loco

1248 1000 1458 1035 quorumdam
1486 1005 1685 1032 campsorum
1713 998 1744 1023 et
1772 996 1957 1023 officialium
1985 995 2087 1022 dictae
2114 994 2252 1021 civitatis

1248 1044 1374 1079 publica
1408 1043 1622 1070 laborantium
1657 1041 1787 1069 infamia
1822 1041 1862 1067 ab
1898 1040 2130 1073 archiepiscopo
2165 1039 2252 1066 Colo-

1248 1089 1347 1116 niensi
1370 1089 1489 1115 factam
1513 1087 1691 1114 confirmat.
1717 1085 1814 1119 (Bm.
1840 1085 1888 1116 25,
1913 1084 1934 1110 f.
1959 1084 2017 1111 235
2041 1087 2077 1110 v⁰
2092 1082 2114 1115 1,
2139 1090 2188 1110 an.
2213 1083 2251 1115 V,

1248 1141 1273 1160 c.
1292 1133 1350 1160 263
1365 1141 1372 1164 ;
1391 1133 1614 1163 RODENBERG,
1630 1132 1654 1158 t.
1676 1130 1735 1162 111,
1753 1133 1788 1156 n⁰
1806 1129 1888 1162 500.)

1292 1237 1306 1254 α
1335 1250 1355 1257 ..
1387 1222 1639 1264 archiepiscopo
1671 1220 1878 1253 Coloniensi.
1910 1219 1965 1251 Ex
1994 1220 2095 1261 parte
2125 1221 2187 1250 tua
2217 1220 2253 1249 et

1247 1278 1456 1311 dilectorum
1491 1276 1646 1307 filiorum
1682 1273 1840 1316 capituli,
1878 1273 2045 1315 priorum,
2080 1270 2251 1312 judicum,

1247 1331 1483 1366 scabinorum,
1508 1328 1703 1364 consulum,
1727 1327 1928 1369 juratorum
1950 1327 1987 1357 et
2011 1323 2253 1356 universitatis

1247 1384 1378 1417 civium
1400 1381 1660 1415 Coloniensium
1680 1380 1749 1412 fuit
1770 1379 1993 1421 propositum
2013 1387 2131 1410 coram
2153 1376 2253 1408 nobis

1249 1437 1343 1480 quod
1366 1446 1446 1468 cum
1469 1443 1668 1476 campsores
1691 1433 1764 1464 sive
1786 1434 1927 1464 monete
1948 1434 2009 1463 tue
2032 1430 2253 1462 Colonienses

1248 1489 1418 1532 magistri,
1441 1488 1500 1530 qui
1522 1488 1689 1528 Husgeno
1709 1488 1745 1517 et
1765 1495 1807 1517 en
1831 1486 1843 1504 ²
1862 1484 2055 1526 vulgariter
2074 1482 2254 1525 appellan-

1246 1547 1316 1580 tur,
1342 1552 1382 1574 ac
1406 1540 1566 1582 magistri
1590 1540 1721 1572 civium
1745 1541 1780 1570 et
1804 1537 1937 1570 scabini
1962 1537 2022 1578 qui
2046 1539 2131 1568 tunc
2152 1538 2254 1567 erant

1245 1597 1281 1628 in
1312 1595 1459 1627 civitate
1490 1592 1698 1629 Coloniensi,
1730 1592 1765 1622 in
1792 1600 1861 1632 qua
1882 1593 1921 1622 tu
1941 1589 1955 1609 ³
1971 1588 2254 1630 jurisdictionem

1247 1648 1386 1681 obtines
1410 1645 1654 1688 temporalem,
1681 1647 1717 1676 et
1743 1644 1889 1685 quidam
1915 1642 1972 1674 alii
1998 1640 2168 1673 officiales
2193 1640 2254 1682 qui

1247 1701 1474 1744 appellantur
1505 1699 1730 1731 scabinorum
1762 1697 1900 1733 fratres,
1934 1694 2075 1737 publica
2107 1693 2255 1725 infamia

1244 1756 1460 1790 laborarent,
1503 1752 1668 1783 videlicet
1710 1750 1804 1792 quod
1848 1749 1933 1781 dicti
1958 1757 2158 1790 campsores
2182 1747 2255 1779 sive

1248 1810 1389 1841 monete
1415 1805 1574 1847 magistri
1600 1807 1781 1836 monetam
1805 1802 1986 1834 falsabant
2010 1801 2171 1838 eandem,
2198 1800 2255 1832 alii

1246 1872 1329 1894 vero
1356 1858 1600 1892 fraudulenter
1625 1859 1661 1888 et
1686 1856 1805 1897 inique
1831 1854 2018 1887 commissa
2044 1853 2110 1885 sibi
2137 1853 2255 1885 officia

1247 1913 1471 1949 exercebant,
1503 1909 1798 1951 condempnando
1828 1908 2034 1939 innocentes
2064 1909 2099 1938 et
2128 1906 2255 1948 impios

1247 1966 1476 2002 absolvendo,
1495 1967 1546 2001 tu,
1567 1963 1622 1995 cui
1640 1963 1682 1994 de
1700 1962 1765 1993 hoc
1784 1961 1938 2003 legitime
1956 1959 2129 1995 constitit,
2149 1961 2256 2000 prout

1249 2020 1436 2062 spectabat
1466 2018 1510 2049 ad
1542 2019 1588 2053 te,
1621 2024 1831 2056 campsores,
1864 2013 2061 2054 magistros,
2093 2011 2255 2044 scabinos

1247 2077 1283 2106 et
1309 2073 1395 2104 alios
1422 2070 1609 2113 predictos,
1638 2078 1707 2099 uno
1735 2067 1959 2099 scabinorum
1986 2066 2143 2107 ipsorum
2167 2065 2256 2096 Bru-

1248 2136 1338 2159 none
1369 2125 1464 2157 dicto
1496 2123 1616 2154 Kranz
1646 2115 1810 2152 videlicet
1854 2119 1914 2161 qui
1943 2119 2149 2150 scabinatus
2177 2117 2257 2150 offi-

1249 2181 1343 2212 cium
1383 2177 1536 2210 fideliter
1575 2178 1611 2207 et
1651 2173 1877 2206 laudabiliter
1917 2174 2087 2204 executus
2126 2170 2254 2208 fuerat,

1250 2234 1442 2266 dumtaxat
1469 2232 1629 2270 excepto,
1659 2238 1678 2259 a
1706 2226 1901 2259 commissis
1928 2225 1993 2257 sibi
2022 2223 2148 2256 officiis
2175 2233 2257 2256 auc-

1249 2286 1396 2318 toritate
1432 2282 1572 2325 propria
1608 2280 1868 2313 sententialiter
1902 2277 2080 2314 amovisti,
2115 2276 2256 2318 justitia

1248 2339 1421 2380 exigente,
1462 2339 1497 2368 et
1536 2335 1667 2366 eisdem
1703 2333 1717 2352 4
1759 2331 2002 2374 campsoribus
2041 2328 2256 2371 abjudicasti

1249 2392 1354 2424 feuda
1387 2400 1454 2432 que
1486 2387 1667 2420 occasione
1699 2386 1807 2418 officii
1839 2384 1991 2417 cudendi
2023 2386 2204 2416 monetam
2235 2393 2255 2416 a

1248 2448 1283 2477 te
1311 2443 1531 2478 detinebant,
1561 2444 1596 2472 et
1623 2441 1698 2471 loco
1727 2448 1962 2480 campsorum,
1992 2437 2253 2478 magistrorum,

1248 2497 1473 2531 scabinorum
1497 2497 1531 2526 et
1556 2494 1704 2525 aliorum
1729 2492 1968 2534 predictorum
1993 2490 2188 2522 Gerardum
2213 2491 2254 2521 de

1248 2549 1453 2584 Scintkulen
1467 2548 1489 2585 ⁵,
1502 2547 1679 2578 Ricolfum
1691 2546 1787 2577 Grun
1800 2545 1822 2582 ⁶,
1833 2544 2047 2576 Willelmum
2058 2544 2100 2574 de
2110 2543 2257 2574 Hunde-

1284 2661 1306 2680 1.
1324 2659 1358 2681 Le
1372 2660 1437 2680 reste
1451 2658 1486 2679 du
1500 2658 1559 2678 tollo
1574 2659 1612 2678 est
1626 2663 1657 2678 en
1672 2656 1745 2677 blanc
1759 2656 1822 2676 ainsi
1837 2661 1885 2681 que
1899 2655 1921 2675 le
1935 2654 1994 2675 folio
2009 2653 2109 2674 suivant
2124 2652 2200 2678 (236).
2217 2653 2255 2673 Au

1251 2695 1310 2717 tolio
1327 2695 1374 2716 237
1392 2699 1535 2715 commence
1553 2693 1576 2713 la
1594 2693 1675 2718 partie
1692 2692 1727 2713 du
1745 2692 1846 2716 registre
1864 2690 1994 2711 consacree
2012 2695 2062 2710 aux
2080 2688 2165 2709 lettres
2183 2688 2214 2708 de
2231 2688 2255 2709 ln

1251 2730 1354 2752 sixieme
1369 2729 1449 2750 annea
1465 2729 1498 2749 du
1515 2728 1648 2754 pontificat
1664 2727 1832 2748 d'Alexandre
1850 2726 1891 2746 iv.

1282 2767 1304 2787 2.
1324 2765 1372 2786 Sic.
1389 2766 1557 2785 noum-meno
1572 2763 1664 2788 corrige
1680 2769 1686 2783 2
1702 2762 1877 2787 Husqenoeten,
1893 2766 1923 2781 en
1937 2766 1971 2780 un
1986 2759 2037 2780 seul
2052 2760 2114 2783 mot,
2128 2763 2224 2779 comme
2239 2757 2254 2779 11

1248 2802 1374 2823 convient.

1281 2837 1303 2857 3.
1323 2837 1390 2857 REG.
1408 2841 1413 2856 :
1431 2835 1474 2855 lui.

1281 2873 1304 2892 4.
1323 2872 1390 2892 Rm.
1409 2877 1415 2891 τ
1433 2871 1453 2890 el
1470 2869 1501 2890 ab
1519 2869 1614 2889 eisdem-

1283 2907 1305 2928 5.
1324 2905 1451 2927 Sanlculin
1470 2905 1571 2925 suivant
1589 2904 1662 2924 l'acte
1679 2903 1854 2924 &investitur-e
1871 2901 1964 2922 delivre
1982 2906 2027 2926 par
2044 2899 2215 2925 1'archeveque
2233 2899 2255 2921 le

1252 2942 1280 2963 17
1295 2942 1358 2962 avril
1374 2941 1435 2961 1259
1449 2941 1473 2960 et
1488 2940 1550 2960 dont
1565 2939 1587 2959 le
1601 2940 1678 2963 texte,
1694 2938 1843 2959 collationne
1858 2943 1902 2963 par
1917 2936 2074 2961 Rodenherg,
2088 2935 2178 2960 donne.
2192 2941 2255 2961 pour

1250 2977 1372 3003 plusieurs
1389 2976 1419 2996 de
1437 2981 1476 2995 ces
1494 2980 1573 2998 1101115,
1592 2974 1625 2995 les
1643 2974 1734 2994 formes
1751 2973 1870 2998 signalees
1887 2972 2029 2993 ci—dessous.

1282 3013 1304 3033 6.
1324 3011 1472 3035 Rodenberg
1489 3016 1494 3030 :
1516 3010 1583 3030 Grin.
