2477 3512
210 266 253 299 54
908 262 1176 296 REGISTRES
1202 262 1554 295 D'ALEXANDRE
1584 261 1632 294 IV

211 373 291 403 suis.
322 372 551 403 Det-eruimus
577 380 657 411 ergo
686 374 722 402 ut
753 371 837 402 nulli
865 371 1008 401 omnino
1037 371 1217 402 hominum

210 427 310 458 liceat
344 428 435 458 idem
469 427 722 458 monasterium
756 429 886 457 temere
919 426 1124 467 perturbare
1157 429 1218 457 aut

210 482 285 523 ejus
307 482 541 524 possessiones
563 482 710 517 auferre,
734 480 788 512 vel
811 479 951 512 ablatas
973 480 1134 517 retinere,
1157 481 1220 512 mi-

211 547 316 569 nuere
351 537 405 569 vel
442 536 637 569 temerariis
673 536 925 568 vexationibus
961 535 1122 576 fatigare,
1159 536 1218 567 sed

211 592 329 624 omnia
362 592 497 633 integra
531 593 785 623 conserventur
816 600 938 622 eorum
972 600 1034 632 pro
1067 599 1218 631 quorum

210 645 469 676 sustentatione
488 654 526 675 ac
543 644 799 685 gubernatione
815 653 980 675 concessa
997 645 1080 675 sunt
1098 643 1219 674 usibus

210 697 423 729 omnimodis
447 698 644 739 profutura.
671 697 724 728 Ad
751 697 824 733 hec,
850 696 1104 738 predecessoris
1127 696 1219 737 ejus—

211 751 289 782 dem
324 751 481 791 vestigiis
514 751 724 787 inherentes,
759 751 931 781 adicimus
965 753 1003 781 ut
1036 749 1218 781 eeclesiam

212 804 330 835 Sancti
365 804 559 835 Salvatoris
591 804 632 834 de
665 804 787 835 Castro
821 803 1003 834 Sc'v'eriaco
1036 813 1115 834 cum
1148 802 1219 833 suis

213 857 437 898 appenditiiS,
462 857 550 888 sicut
576 867 594 888 a
619 857 839 887 Ruthencnsi
863 857 1027 897 episcopo
1051 866 1130 887 cum
1154 855 1220 887 cle-

216 911 363 942 ricorum
392 920 533 941 suorum
562 910 806 941 convenientia
836 910 937 940 vobis
964 918 1126 940 concessa
1154 911 1218 945 cst,

206 963 394 995 ecclesiam
416 973 555 1004 quoque
576 963 616 993 dc
640 963 822 1003 Urtigeriis
842 963 874 993 in
895 962 1100 1004 episcopatu
1122 962 1220 993 Mau-

215 1016 377 1053 rianensi,
406 1016 587 1048 ecclesiam
615 1016 723 1047 ctiam
751 1017 792 1047 de
821 1016 982 1047 Cervaria
1012 1025 1078 1056 que
1106 1017 1159 1046 est
1185 1015 1218 1046 in

213 1069 418 1111 episcopatu
437 1069 656 1105 Taurinensi,
675 1071 833 1100 vestrum
851 1068 1106 1100 monasterium
1125 1067 1220 1109 quie-

216 1125 249 1153 te
276 1132 413 1164 semper
439 1122 616 1164 libereque
644 1122 834 1164 possideat.
864 1122 1026 1153 l’reterea
1055 1124 1116 1152 tuo
1144 1124 1221 1152 tuo—

214 1185 362 1217 rumque
401 1185 640 1207 successorum
680 1175 839 1217 regimini
877 1174 1059 1207 eeclesiam
1100 1174 1220 1206 Sancti

215 1228 342 1260 Nicetii
376 1238 442 1270 que
476 1228 510 1259 in
544 1228 753 1270 episcopatu
788 1227 1119 1270 Gratianopolitano
1153 1227 1219 1259 sita

213 1284 276 1319 est,
313 1284 348 1313 et
382 1281 563 1313 ecclesiam
599 1281 718 1313 Sancti
754 1281 850 1313 Petri
884 1282 926 1313 de
962 1280 1148 1312 Rivosicco
1183 1281 1217 1312 in

214 1335 337 1366 eodeni
359 1335 577 1376 episcopatu,
602 1334 773 1376 capellam
797 1344 936 1376 quoque
961 1334 1088 1366 Sancte
1111 1334 1218 1365 Marie,

215 1388 256 1419 de
278 1388 471 1419 Breaniaco
496 1398 575 1419 cum
601 1388 765 1419 omnibns
789 1387 1003 1429 appenditiis
1028 1388 1219 1419 earundem

213 1441 480 1473 committimus.
511 1441 565 1472 Ex
594 1441 734 1482 quibus,
765 1441 847 1482 quia
876 1441 1037 1472 Romane
1066 1439 1218 1472 Ecclesie

212 1494 465 1535 jurisdictionis
503 1494 674 1531 existunt,
716 1494 945 1525 Lateranensi
985 1493 1119 1535 palatio
1159 1503 1220 1535 per

213 1557 323 1578 annos
353 1547 508 1587 singulos
537 1549 609 1578 tres
640 1547 769 1578 solidos
801 1547 1021 1588 persolvatis,
1054 1547 1151 1578 salva
1184 1547 1218 1578 in

214 1600 377 1631 omnibus
398 1600 640 1641 episcoporum
664 1600 697 1631 in
721 1610 870 1641 quorum
894 1600 1091 1632 diocesibus
1113 1599 1220 1632 eccle—

213 1653 261 1684 sie.
292 1656 407 1684 vestre
439 1653 639 1685 consistunt
671 1653 839 1684 canonica
872 1653 1079 1689 reverentia,
1112 1653 1220 1694 siqui-

214 1707 293 1737 dem
323 1706 486 1738 catholici
516 1706 648 1738 fuerint
677 1708 713 1738 et
743 1706 893 1746 gratiam
924 1709 1032 1748 atque
1062 1705 1220 1738 commu-

214 1759 353 1791 nionem
387 1758 590 1801 Apostolice
626 1759 723 1791 Sedis
758 1759 958 1791 habuerint.
995 1759 1065 1791 Vos
1099 1759 1217 1800 igitur,

214 1812 286 1848 filii,
311 1812 478 1852 regularis
501 1815 641 1854 oportet
666 1812 847 1853 discipline
869 1812 1105 1843 institutionis
1127 1812 1219 1843 solli-

214 1865 317 1896 citius
333 1874 372 1896 ac
389 1864 552 1896 devotius
567 1865 742 1901 insudare,
761 1867 801 1896 ut
817 1867 951 1906 quanto
968 1875 987 1896 a
1003 1864 1218 1897 secularibus

212 1917 296 1950 estis
327 1917 542 1949 tumultibus
574 1917 684 1955 liberi,
719 1920 822 1949 tanto
856 1918 1049 1949 studiosius
1081 1918 1218 1960 placere

213 1970 286 2002 Deo
322 1970 408 2002 totis
443 1971 571 2002 mentis
605 1973 639 2002 et
677 1971 793 2003 anime
827 1971 1023 2002 virtutibus
1058 1970 1215 2008 ancletis,

212 2023 375 2065 precipue
395 2024 579 2055 studentes
599 2024 760 2055 Romane
780 2024 933 2055 Ecclesie
954 2025 1093 2056 decreta
1113 2034 1217 2056 venc-

211 2077 321 2108 randa
348 2086 497 2113 servare,
526 2076 626 2118 cujus
654 2076 849 2118 patrocinio
877 2077 920 2108 ab
948 2077 1106 2109 omnium
1132 2078 1215 2119 jugo

211 2129 409 2161 viventium
431 2130 524 2166 estis,
548 2132 726 2161 annuente
749 2130 912 2167 Domino,
936 2131 1138 2171 premuniti.
1160 2131 1214 2162 Ad

211 2182 380 2214 indicium
405 2185 524 2214 autem
550 2186 713 2224 percepte
737 2183 842 2224 hujus
867 2193 885 2214 a
912 2184 1073 2215 Romana
1099 2183 1218 2215 Eccle-

211 2235 260 2267 sia
282 2235 468 2272 libertatis,
491 2246 551 2277 per
571 2246 682 2267 annos
702 2236 857 2277 singulos
877 2246 919 2267 ex
940 2239 1057 2268 vestro
1078 2247 1217 2268 monas—

210 2288 298 2319 terio
328 2288 495 2319 vestratis
525 2292 664 2320 monete
696 2289 851 2330 quinque
880 2289 1009 2321 solidos
1040 2290 1215 2321 Laterano

211 2340 343 2382 palatio
379 2341 599 2382 persolvatis.
638 2342 737 2378 Sane,
774 2342 801 2373 si
838 2342 915 2383 quis
952 2342 984 2373 in
1021 2343 1214 2374 crastinum

211 2393 492 2435 archiepiscopus
519 2398 582 2426 aut
608 2395 804 2436 episcopus,
834 2396 1027 2437 imperator
1053 2399 1115 2427 aut
1142 2406 1214 2433 rex,

211 2446 372 2488 princeps
391 2450 449 2478 aut
471 2448 553 2484 dux,
573 2458 690 2479 comes
708 2451 771 2479 aut
788 2448 994 2485 vicecomeS,
1014 2451 1077 2480 aut
1093 2449 1213 2490 judex,

211 2502 274 2531 aut
308 2509 454 2541 persona
491 2501 646 2541 quelibet
681 2510 806 2542 magna
841 2502 896 2532 vel
933 2512 1053 2543 parva,
1090 2505 1215 2543 potens

210 2555 273 2584 aut
312 2553 498 2594 impotens,
540 2554 644 2593 hujus
685 2555 792 2585 nostri
836 2555 1007 2596 privilegii
1048 2555 1212 2596 paginam

209 2605 320 2637 sciens
355 2609 476 2637 contra
513 2616 590 2637 eam
626 2607 743 2637 venire
781 2608 1023 2649 temptaverit,
1061 2609 1214 2639 secundo

209 2658 360 2690 tertiove
382 2659 629 2695 commonitus,
653 2660 679 2691 si
704 2670 770 2691 non
795 2660 1037 2692 satisfactione
1060 2669 1213 2702 congrua

209 2711 462 2748 emendaverit,
498 2722 515 2742 a
551 2712 678 2743 ‹ltu-isti
712 2715 747 2744 ct
781 2713 933 2745 Ecclesie
967 2714 1214 2745 connnunionc

209 2766 245 2795 et
275 2774 417 2806 corpore
447 2774 527 2796 eum
558 2766 772 2797 auctoritate
804 2767 991 2807 potcstatis
1022 2767 1214 2807 apostolice

212 2826 442 2857 segregamus,
470 2819 762 2849 conservantibus
789 2822 907 2850 autem
937 2830 1005 2860 pax
1032 2831 1048 2850 a
1080 2820 1152 2850 Deo
1179 2824 1210 2851 ct

212 2870 446 2901 misericordia
472 2871 692 2911 presentibus
717 2881 754 2902 ac
780 2872 907 2902 futuris
931 2871 1054 2903 seculis
1077 2883 1213 2904 conser-

212 2925 324 2953 vetur.
362 2923 485 2957 Amen,
523 2933 636 2959 amen,
675 2934 788 2954 anien.
827 2924 908 2955 Dat.
946 2925 1115 2965 Anagnie,
1154 2936 1213 2967 per

212 2984 354 3006 nuanum
375 2976 532 3016 magistri
553 2977 711 3012 Joruani,
734 2978 859 3008 Sancte
880 2978 1039 3009 Romane
1060 2978 1212 3010 Ecclesie

1308 1790 1474 1840 'dioc-esis.
1515 1808 1643 1840 Petitio
1682 1808 1799 1840 dilecti
1836 1808 1899 1839 filii
1936 1827 1991 1840 —.

1326 370 1453 402 notarii
1474 373 1509 401 et
1532 369 1819 406 vicecancellarii,
1842 369 1944 401 nonis
1965 369 2117 410 augusti,
2139 369 2331 402 indictione

1330 424 1393 460 11³,
1442 422 1697 455 Incarnationis
1735 422 1917 454 Dominice
1953 432 2045 454 anno
2082 422 2332 460 MCCLVIIII,

1326 476 1557 519 pontificatus
1578 485 1658 507 vero
1679 475 1786 506 donni
1809 475 1897 515 (sic)
1917 475 2109 507 Alexandri
2129 484 2219 517 pape
2242 475 2327 512 1111,

1325 539 1416 562 anno
1440 529 1575 571 quinto.
1601 541 1613 556 »

1404 697 1492 723 2923
1843 696 1977 729 Anagni,
2001 696 2038 723 28
2062 696 2139 723 avril
2164 697 2250 723 1259.

1366 751 1631 784 compositionem
1661 750 1742 777 inter
1769 750 1902 784 priorem
1930 750 2105 784 fratresque
2133 750 2244 777 domus
2271 751 2332 778 Ira-

1325 797 1410 822 trum
1434 795 1690 822 Praedicatoruin
1711 795 1804 828 juxta
1826 795 1967 821 Montem
1990 794 2206 826 pessulanum,
2227 795 2333 828 Maga—

1325 840 1459 866 lonensis
1481 840 1622 870 diocesis,
1645 841 1675 865 et
1699 839 1912 873 praepositum
1935 839 2172 873 capitulumque
2194 839 2330 873 Magalo-

1327 884 1429 910 nensis
1451 883 1596 910 ecclesiae
1618 891 1654 910 ac
1675 883 1808 917 priorem
1832 883 1860 910 S.
1886 883 2014 909 Firmini
2035 883 2072 910 de
2095 883 2201 910 Monte
2223 883 2333 910 Pessu-

1324 928 1395 954 lano
1410 935 1503 961 super
1517 928 1706 961 quibusdam
1721 927 1859 954 articulis
1874 927 1991 954 tactam
2008 927 2149 961 abrogat.
2171 927 2268 960 (Rau.
2283 927 2334 962 25,

1326 973 1346 998 f.
1365 972 1423 998 214
1440 975 1486 1004 v0,
1505 979 1554 998 an.
1572 971 1610 1003 V,
1628 978 1653 998 c.
1673 971 1751 1003 157;
1770 971 1942 998 ΡοττΗΑετ
1960 971 2081 1005 17545.)

1374 1074 1386 1090 «
1414 1086 1433 1093 ..
1461 1061 1581 1103 priori,
1610 1063 1638 1092 el
1663 1060 1829 1102 [ratribus
1856 1061 1975 1092 domus
2000 1060 2145 1102 lralrum
2173 1061 2333 1093 Predica-

1327 1117 1435 1146 torum
1455 1114 1552 1156 juxta
1572 1113 1945 1155 Montempesulanum,
1967 1113 2230 1155 Mayalonensis
2262 1113 2333 1146 dio-

1328 1167 1422 1200 cesis.
1464 1166 1655 1208 Religionis
1694 1167 1797 1198 favor
1835 1167 1900 1198 sub
1940 1186 1994 1198 —.
2036 1167 2120 1198 Dat.
2161 1167 2331 1209 Anagnie,

1330 1220 1403 1252 1111
1428 1220 1496 1252 kal.
1521 1220 1614 1257 maii,
1639 1229 1731 1251 anno
1755 1220 1890 1261 quinto.
1916 1232 1928 1248 »

1405 1390 1495 1416 2924
1823 1389 1957 1423 magni,
1982 1389 2018 1416 15
2039 1389 2142 1423 juillet
2165 1389 2251 1416 1259.

1366 1443 1464 1470 Priori
1486 1443 1623 1470 Romani
1646 1443 1828 1475 Monasteri,
1851 1443 2060 1470 Lausanensis
2083 1443 2224 1476 diocesis,
2246 1450 2334 1470 man-

1326 1489 1382 1516 dat
1399 1490 1435 1515 ut
1455 1488 1603 1520 Gerard0,
1621 1488 1815 1515 subdiacono
1833 1488 1930 1522 ipsius
1947 1495 2060 1522 papae,
2077 1489 2153 1514 nato
2172 1488 2332 1522 quondam

1327 1533 1372 1565 P„
1389 1532 1507 1559 domini
1523 1533 1560 1559 de
1577 1532 1752 1564 Gmnzano,
1768 1532 1858 1565 cujus
1874 1532 2010 1566 receptio
2025 1532 2057 1558 in
2072 1532 2200 1559 ecclesia
2214 1532 2334 1559 Meten-

1325 1578 1360 1609 si,
1377 1579 1519 1611 tempore
1538 1576 1713 1603 Innocentii
1733 1576 1775 1603 IV
1790 1577 1886 1608 facta,
1904 1584 1921 1603 a
1938 1576 2164 1603 constitutione
2180 1576 2252 1604 inde
2267 1577 2333 1604 lata

1326 1623 1450 1649 cassata
1465 1623 1543 1653 erat,
1561 1622 1599 1648 de
1614 1621 1774 1655 prebenda
1790 1621 1896 1654 aliqua
1912 1621 1944 1647 in
1960 1621 2070 1648 eadem
2086 1621 2214 1648 ecclesia
2228 1621 2334 1655 provi-

1326 1667 1409 1693 deat.
1424 1666 1521 1699 (Bm.
1537 1666 1585 1698 25,
1599 1665 1620 1692 f.
1636 1665 1704 1697 215,
1718 1673 1768 1692 an.
1783 1665 1822 1698 V,
1835 1672 1860 1692 c.
1876 1665 1933 1692 158
1948 1673 1955 1697 ;
1968 1665 2188 1698 Bennomua,
2201 1669 2238 1692 n⁰
2250 1665 2333 1700 678.)

1370 1768 1383 1784 «
1426 1780 1445 1787 ..
1489 1755 1598 1796 priori
1641 1755 1793 1787 Romani
1835 1754 2054 1791 Monasterii,
2096 1754 2332 1787 Lausanensis

2038 1808 2122 1840 Dat.
2160 1807 2331 1849 Anagnie,

1323 1861 1440 1893 idibus
1459 1861 1547 1903 julii,
1571 1871 1664 1893 anno
1687 1861 1823 1902 quinto.
1847 1873 1859 1889 »

1404 2018 1495 2044 2925
1865 2018 2000 2052 Anagni‚
2023 2018 2041 2045 9
2064 2017 2140 2045 aosst
2163 2017 2250 2045 1259.

1365 2072 1500 2099 Henrieo
1529 2073 1567 2099 de
1596 2072 1793 2106 Wingeham,
1823 2072 1941 2098 decano
1970 2071 2115 2098 ecclesiae
2144 2071 2173 2098 S.
2202 2071 2331 2098 Martini

1323 2117 1562 2149 Londoniensis,
1582 2117 1613 2143 in
1633 2117 1884 2143 Londoniensem
1904 2116 2086 2150 episcopum
2105 2116 2215 2148 electo,
2233 2115 2331 2143 facul-

1324 2163 1425 2188 tatem
1441 2161 1564 2188 benefia
1581 2161 1791 2188 ecclesiastica
1807 2168 1887 2195 quae
1903 2162 2044 2194 tempore
2060 2160 2154 2194 hujus
2170 2160 2329 2187 electionis

1324 2205 1490 2232 obtinebat
1510 2205 1664 2232 retinendi
1684 2205 1912 2239 nonnullasque
1931 2205 2007 2232 alias
2027 2205 2237 2238 indulgentias
2256 2212 2329 2231 con-

1323 2250 1415 2277 cedit.
1433 2250 1529 2283 (Bm.
1547 2250 1595 2281 25,
1611 2250 1632 2276 f.
1649 2250 1718 2282 215,
1735 2257 1784 2276 an.
1801 2250 1838 2281 V,
1855 2257 1879 2276 c.
1898 2249 1978 2282 159.)

1366 2353 1378 2369 «
1405 2340 1555 2371 Henrico
1583 2340 1622 2371 de
1648 2340 1862 2381 ll'inqeham,
1892 2340 2016 2371 decano
2045 2339 2177 2371 ecclesie
2210 2339 2327 2372 Sancti

1318 2393 1470 2425 Martini
1504 2393 1767 2425 Londonicnsis.
1804 2393 1955 2425 Grandis
1988 2393 2139 2425 affectus
2172 2395 2239 2424 etc.
2271 2411 2326 2424 Μ.

1322 2447 1423 2483 Sane,
1449 2447 1540 2478 sicut
1566 2449 1626 2478 tua
1651 2447 1776 2488 petitio
1802 2446 1903 2478 nobis
1923 2446 2082 2478 exhibita
2107 2445 2326 2482 continebat,

1321 2502 1472 2532 vacante
1504 2499 1741 2531 Londoniensi
1771 2499 1926 2535 ecclesia,
1959 2499 2077 2530 dilecti
2108 2498 2194 2530 filii..
2227 2499 2328 2530 deca-

1322 2563 1387 2585 nus
1419 2555 1455 2584 et
1487 2553 1683 2594 capitulum
1716 2553 1875 2594 ejusdem
1908 2552 2049 2584 ecclesie
2081 2554 2116 2584 te
2149 2552 2184 2583 in
2217 2551 2328 2594 ipsius

1320 2607 1525 2648 episcopum
1549 2606 1715 2637 canonice
1738 2608 1773 2637 et
1796 2606 2018 2637 concorditer
2039 2605 2229 2645 elegerunt.
2253 2604 2327 2636 Nos

1320 2659 1441 2701 itaque
1479 2658 1639 2690 volentes
1677 2661 1727 2695 ut,
1767 2659 1991 2699 exigentibus
2028 2661 2088 2690 tue
2127 2657 2326 2690 devotionis

1320 2712 1464 2749 meritis,
1502 2712 1565 2743 tibi
1601 2712 1817 2753 apostolicus
1851 2712 1953 2743 favor
1987 2713 2173 2748 accrescat,
2209 2720 2326 2752 perso-

1321 2768 1437 2801 natus,
1474 2765 1676 2806 dignitates,
1713 2765 1910 2806 prebendas
1943 2767 1979 2796 et
2015 2764 2185 2796 beneficia
2219 2763 2326 2796 eecle-

1319 2818 1459 2849 siastica
1492 2828 1570 2859 que,
1603 2828 1683 2849 cum
1715 2818 1913 2849 animarum
1945 2827 2026 2849 cura
2058 2820 2091 2848 et
2124 2817 2197 2848 sine
2227 2826 2322 2853 cura,

1320 2871 1523 2912 hujusmodi
1557 2871 1736 2902 electionis
1771 2873 1927 2912 tempore
1961 2870 2158 2906 obtinebas,
2192 2869 2219 2901 si
2250 2869 2324 2911 jam

1319 2927 1372 2956 est
1390 2924 1465 2965 ipsa
1483 2924 1607 2955 electio
1626 2924 1837 2955 confirmata
1855 2924 1910 2955 vel
1929 2923 1956 2954 si
1974 2933 2051 2954 cam
2070 2923 2271 2954 confirmari
2288 2925 2324 2954 ct

1320 2980 1355 3009 te
1376 2977 1657 3008 Londoniensem
1680 2976 1923 3018 episcopatum
1946 2976 2104 3008 obtinere
2125 2975 2322 3017 contigerit,
