2477 3512
939 263 1167 302 TROlSIEME
1198 263 1343 300 ANNEE

203 337 303 364 2254
677 339 801 369 Viterbe,
817 337 1049 371 16juillet1257.

167 427 322 453 Donationi
347 428 525 461 apostolicae
547 431 677 455 reservat
702 428 945 462 praeposituram,
963 427 1120 453 canonica—

131 478 194 501 tum
210 477 238 501 et
247 475 447 509 praebendam
463 477 631 502 Grassensis
646 476 798 507 ecclesiae,
818 483 892 509 quae
914 475 1120 501 Vicedominus

130 523 276 556 Aquensis
285 522 405 555 electus,
418 526 550 557 tempore
560 531 629 550 suae
639 523 834 557 promotionis
844 523 977 549 habebat.
986 524 991 554 (
999 523 1064 548 Rae..
1075 523 1118 555 25,

131 577 157 595 a.
175 570 221 600 111,
240 578 264 601 c,
283 571 346 599 661,
365 570 382 595 s.
400 571 456 603 86.)

177 672 191 685 κ
208 658 262 689 Ad
278 659 433 701 futuram
456 658 505 689 rei
525 657 731 689 memoriam.
755 658 832 690 Cum
849 668 906 689 nos
927 657 1117 688 electionem

131 715 170 745 de
187 714 305 745 dilecto
325 714 389 745 filio
410 714 622 745 vicedomino
647 714 753 745 electo
779 714 932 754 Aquensi,
960 715 1034 743 tunc
1066 722 1120 742 ca-

131 770 260 812 pellano
298 773 407 801 nostro
435 772 467 801 et
503 771 668 811 preposito
707 770 892 808 massensi,
914 770 946 800 111
978 768 1121 809 Aquensi

131 827 269 858 ecclesia
299 826 510 858 celebratam,
534 826 572 856 de
602 827 739 856 fratrum
769 830 951 857 nostrorum
971 825 1118 862 consilio,

130 883 315 914 duxerimus
336 882 602 920 confirmandam,
622 892 680 912 nos
705 883 942 923 preposituram
964 884 996 912 et
1025 891 1120 912 cano-
1145 905 1147 931 ,

129 939 269 969 nicatum
283 948 320 968 ac
341 937 535 979 prebendam
553 938 746 968 Grassensis
762 938 901 968 ecclesie
913 937 1119 979 cumjuribus
1144 938 1146 979 j

129 996 161 1025 et
179 994 382 1036 pertinentiis
395 994 594 1031 eorumdem,
623 1004 683 1034 que
711 994 797 1024 idem
819 994 942 1025 electus
973 996 1118 1035 tempore

134 1060 189 1081 sue
209 1050 416 1091 promotionis
437 1050 588 1088 habebat,
603 1050 950 1091 donationiapostolice
967 1061 1117 1081 reserva-

128 1106 304 1147 musjuxta
322 1108 468 1137 nostrum
492 1107 728 1148 beneplacitum
760 1107 978 1141 conferenda2
999 1107 1116 1138 decer-

127 1165 240 1193 nentes
269 1173 309 1193 ex
338 1173 420 1193 nunc
441 1163 567 1194 irritum
594 1165 626 1194 et
653 1164 745 1193 inane
766 1164 914 1204 quicquid
936 1164 974 1194 de
1002 1174 1117 1205 prepo-

125 1219 240 1257 situra,
268 1220 463 1250 canonicatu
485 1223 519 1250 et
552 1219 717 1261 prebenda
739 1220 890 1260 predictis
916 1222 1030 1251 contra
1062 1221 1115 1251 vel

124 1276 196 1315 post
223 1274 406 1316 hujusmodi
435 1275 693 1306 reservationem
726 1279 884 1312 nostram,
920 1287 977 1317 per
1001 1286 1113 1316 quem-

123 1340 258 1372 cumque
274 1331 328 1362 vel
348 1341 564 1372 quoscumque.
582 1333 692 1362 nostra
705 1332 757 1363 vel
769 1333 882 1372 quavis
892 1332 956 1363 alia
975 1334 1114 1363 auctori—

122 1389 190 1418 tate
199 1388 374 1428 contigerit
384 1388 586 1429 attemptari.
598 1388 787 1430 Nulli[etc.]
798 1391 909 1419 nostre
917 1390 1114 1420 reservatio-

127 1444 174 1474 nis
196 1446 228 1475 et
253 1445 492 1475 constitutionis
518 1447 586 1475 etc.
615 1445 728 1475 Datum
746 1445 899 1483 Viterbii,
930 1446 1022 1475 XVII
1045 1446 1110 1476 kal.

125 1501 267 1540 augusti.
287 1510 370 1530 anno
386 1501 496 1538 161110.
524 1514 536 1527 »1

2100 270 2164 301 695

1173 339 1422 376 communimus;
1456 349 1517 369 non
1549 339 1701 370 obstante
1728 339 1752 369 si
1773 339 1869 379 aliqui
1900 339 1932 369 in
1961 338 2099 369 ecclesia
2127 340 2160 368 et

1172 393 1292 424 diocesi
1326 395 1561 425 Grassensibus
1590 406 1687 435 super
1707 395 1889 436 provisione
1914 394 2062 425 facienda
2083 395 2159 435 ipsis

1172 449 1210 480 de
1229 451 1454 491 personatibus
1481 461 1537 481 seu
1558 451 1767 492 dignitatibus
1788 454 1820 482 et
1840 451 2010 492 prebendis
2030 454 2160 491 aposto-

1171 505 1268 536 licas¹
1291 507 1416 537 litteras
1430 507 1656 548 impetrarunt⁷
1675 507 1785 547 quibus
1806 507 1908 547 quoad
1921 507 2157 538 assecutionem

1172 563 1388 602 prepositure,
1411 564 1620 594 canonicatus
1639 565 1672 594 et
1703 563 1863 604 prebende
1885 563 2101 604 predictorum
2128 565 2161 593 te

1172 617 1318 648 volumus
1340 620 1508 650 anteferri.
1540 621 1604 650 Nos
1633 620 1730 650 etiam
1758 620 1883 650 irritum
1912 622 1944 650 et
1974 620 2071 650 inane
2106 619 2162 650 de-

1172 674 1335 704 cernimus
1353 676 1500 715 00100001
1521 676 1604 706 aliud
1626 676 1757 716 deipsis
1779 677 1994 716 prepositura.
2025 676 2157 706 canoni—

1173 733 1247 760 catu
1267 732 1300 760 et
1325 731 1498 771 prebenda,
1523 734 1633 762 nostra
1655 732 1706 762 vel
1727 733 1838 771 quavis
1868 733 1930 762 alia
1950 732 2157 769 auctoritate,

1173 785 1270 817 fuerit
1288 788 1528 827 attemptatum.
1552 788 1708 819 Tenorein
1742 790 1850 819 autem
1877 787 2012 828 predicti
2038 789 2158 819 instru—

1172 843 1271 873 menti
1293 844 1498 883 presentibus
1520 845 1615 875 inseri
1633 844 1779 881 fecimus,
1799 845 1848 884 qui
1873 844 1946 874 talis
1963 847 2012 875 est
2033 855 2037 876 :

1711 966 1835 996 Viterhe,
1849 966 1993 999 3011111161
2008 968 2085 992 1257.

1215 1066 1229 1077 (ι
1260 1051 1337 1081 Viro
1377 1051 1552 1081 venerabili
1586 1056 1618 1082 et
1657 1052 1759 1081 amico
1797 1052 1963 1082 rarissimo
1997 1053 2152 1092 magistro

1170 1120 1183 1133 «
1214 1107 1380 1138 Lcouardo
1400 1107 1439 1137 de
1460 1107 1628 1138 Turricula
1648 1108 1766 1138 domini
1784 1118 1864 1148 pape
1883 1108 2061 1148 capellano,
2082 1109 2155 1138 Jor-

1169 1177 1183 1189 «
1211 1163 1312 1194 danus
1329 1163 1476 1204 ejusdem
1501 1163 1620 1194 domini
1648 1164 1864 1195 subdiaconus
1893 1167 1924 1194 et
1952 1164 2096 1194 notarius
2126 1165 2156 1193 in

1140 1210 1141 1220 ¹
1168 1234 1182 1246 «
1210 1230 1288 1250 vero
1309 1220 1442 1250 salutari
1465 1219 1617 1251 salutem.
1640 1220 1871 1251 Sanctissimns
1892 1226 1983 1260 pater
2004 1222 2036 1251 et
2057 1220 2155 1251 domi·

1167 1289 1181 1304 «
1210 1287 1266 1306 uus
1283 1276 1482 1309 Alexander,
1505 1276 1613 1307 divina
1641 1277 1845 1318 providentia
1875 1279 1987 1307 sancte
2010 1277 2152 1307 Romane

1139 1328 1140 1345 l
1167 1346 1181 1359 «
1210 1332 1356 1363 Ecclesie
1368 1343 1511 1363 summus
1524 1334 1685 1373 pontifex,
1708 1334 1820 1364 volens
1843 1334 1933 1364 nobis
1948 1334 2086 1374 gratiam
2109 1334 2155 1363 t'a-

1167 1403 1180 1417 «
1209 1399 1285 1419 cere
1302 1390 1491 1429 specialem,
1515 1390 1605 1421 nobis
1620 1390 1693 1420 viva
1715 1400 1792 1421 voce
1812 1390 1967 1430 injunxit,
1984 1392 2018 1420 ut
2042 1400 2156 1430 prepo-

1138 1446 1139 1450 ’
1166 1459 1180 1471 «
1209 1446 1355 1481 situram,
1378 1446 1605 1476 canonicatum
1626 1450 1659 1477 et
1679 1446 1875 1487 prebendam
1891 1447 2082 1477 Grassensis
2101 1456 2156 1477 ec-

1138 1506 1139 1514 *
1166 1516 1179 1529 υ
1208 1502 1308 1532 clesie
1328 1512 1398 1531 cum
1413 1501 1559 1532 omnibus
1575 1502 1701 1543 juribus
1722 1505 1755 1533 et
1775 1503 1979 1543 pertinentiis
2000 1503 2078 1540 suis,
2096 1513 2155 1544 que

1166 1571 1179 1585 «
1205 1557 1400 1588 venerabilis
1443 1559 1535 1598 pater
1560 1558 1706 1589 dominus
1733 1558 1965 1589 Vicedominus
1992 1560 2151 1599 Aquensis

1137 1633 1138 1644 2
1165 1627 1179 1641 «
1207 1614 1331 1645 electus
1348 1617 1493 1655 tempore
1512 1625 1568 1645 sue
1588 1616 1795 1656 promotionis
1811 1615 1961 1648 habebat.
1982 1615 2150 1646 subintra-

190 1655 291 1682 2255
665 1655 788 1686 Viterbe,
807 1656 1038 1689 3011011611257.

155 1746 316 1773 Confirmat
344 1747 532 1773 collationem
555 1749 727 1774 eorumdem
745 1749 1107 1783 praepositurae‚canoni-

121 1796 204 1820 catus
213 1796 241 1820 et
253 1793 439 1828 praebendae
455 1795 623 1821 Grassensis
645 1796 787 1822 ecclesiae
805 1797 944 1831 magistro
959 1797 1108 1823 Leonardo

119 1841 154 1867 de
176 1841 329 1868 Turricula
343 1850 358 1868 a
377 1842 504 1868 Jordano
521 1842 702 1869 subdiacono
724 1846 752 1869 et
768 1845 884 1870 notario
904 1844 996 1877 ipsius
1016 1853 1108 1879 papae
1135 1861 1137 1869 1

120 1888 237 1915 factam.
256 1890 336 1916 (Rae.
354 1891 397 1920 25,
415 1898 439 1915 a.
459 1890 505 1920 111,
524 1898 548 1916 e.
568 1892 628 1921 662,
647 1891 665 1917 f.
683 1893 739 1919 86.»

164 2010 177 2021 a
202 1996 364 2038 Maqistro
385 1996 558 2029 Leonardo
579 1997 619 2042 de
640 1999 818 2030 Turricula
838 2000 1014 2042 capellano
1037 2011 1111 2031 nos-
1136 2037 1138 2047 Ι

121 2058 182 2091 tro,
203 2053 373 2096 preposito
395 2055 531 2087 ecclesie
555 2056 756 2087 Grassensz's.
781 2056 856 2087 Cum
869 2057 1008 2088 dilectus
1029 2058 1111 2088 filius

119 2110 276 2150 magister
299 2111 461 2143 Jordanus
499 2112 712 2144 subdiaconus
745 2115 777 2144 et
804 2114 949 2144 notarius
986 2116 1109 2153 noster,

118 2166 313 2198 auctoritate
336 2170 450 2199 nostra
467 2169 525 2199 sibi
539 2169 571 2200 in
585 2170 646 2200 hac
666 2172 758 2210 parte
772 2171 955 2201 commissa.
970 2171 1112 2212 preposi-

118 2227 237 2261 turam,
261 2226 486 2257 canonicatum
510 2228 542 2257 et
562 2226 758 2267 prebendam
788 2227 981 2258 Grassensis
1002 2228 1110 2259 66616-

120 2279 167 2309 sie
188 2289 258 2310 cum
279 2281 426 2312 omnibus
446 2282 575 2323 juribus
609 2285 642 2314 et
671 2284 876 2324 pertinentiis
901 2293 1025 2322 eorum,
1050 2294 1110 2324 que

119 2334 258 2366 dilectus
277 2336 387 2368 filius..
406 2338 566 2379 Aquensis
587 2339 710 2370 electus
736 2342 886 2381 tempore
906 2350 961 2371 sue
982 2350 1110 2381 promo-

117 2392 212 2422 tionis
230 2392 447 2431 habebat,tibi
464 2395 652 2433 contulerit,
672 2398 765 2436 teque
785 2406 940 2437 persuum
954 2396 1108 2427 birretum

117 2448 323 2479 investiverit
344 2449 383 2479 de
406 2450 542 2485 eisdem„
571 2462 632 2483 non
669 2452 819 2484 obstante
851 2453 935 2492 quod
971 2453 1110 2484 noudum

119 2503 262 2544 elapsum
285 2507 335 2536 est
355 2508 481 2547 tempus
503 2507 541 2538 de
562 2508 793 2539 consecrandis
821 2509 984 2550 episcopis
1015 2520 1030 2539 a
1059 2520 1111 2539 ca-
1135 2515 1137 2535 3

117 2570 199 2591 none
211 2560 396 2598 diffinitum,
420 2562 607 2595 decreverit
626 2565 888 2604 (1110(1116111111101
904 2568 937 2596 et
952 2566 1061 2602 inane,
1084 2565 1109 2595 si

117 2625 210 2647 secus
228 2617 266 2648 de
282 2618 435 2658 predictis
457 2620 672 2661 prepositura,
689 2622 881 2652 canonicatu
898 2624 929 2652 61
946 2622 1110 2662 prebenda
1135 2643 1136 2662 2

114 2682 172 2713 per
187 2683 420 2714 quemcumque
428 2676 604 2717 contigerit
617 2678 816 2718 attemptari,
834 2679 927 2719 prout
942 2678 971 2708 in
988 2679 1108 2709 instru-

114 2733 222 2761 mento
244 2730 366 2770 publico
385 2733 418 2762 et
434 2732 534 2773 ipsius
556 2734 671 2764 notarii
693 2734 797 2774 sigillo
814 2735 944 2776 signato
956 2734 1107 2765 confecto
1133 2749 1134 2756 1

114 2785 234 2816 exinde
256 2786 379 2827 plenius
404 2789 600 2826 continetur,
630 2800 699 2826 nos·‚
733 2790 796 2821 tuis
817 2791 1107 2831 supplicationibus

114 2841 272 2876 inclinati.
301 2844 435 2883 quodab
465 2844 576 2875 eodem
600 2847 726 2876 notario
758 2848 878 2877 facturn
912 2851 961 2877 est
991 2848 1022 2877 in
1046 2847 1104 2877 liar

1135 1919 1137 1930 1
1165 1910 1179 1923 «
1206 1897 1304 1927 ritate
1346 1897 1436 1928 vobis

115 2901 206 2937 parte
222 2900 327 2930 ratum
342 2899 500 2931 habentes
520 2904 553 2932 et
572 2906 713 2942 gratnm,
736 2903 765 2933 id
789 2903 984 2934 auctoritate
1008 2914 1103 2944 apos-
1131 2898 1132 2937 1

117 2953 212 2984 tolica
247 2955 472 2988 confirmamus
503 2962 536 2988 et
578 2959 740 2999 presentis
774 2959 885 3000 scripti
922 2960 1101 3000 patrocinio
1130 2948 1131 2964 *

1136 1687 1138 1698 1
1165 1683 1179 1698 «
1203 1671 1325 1712 scripta
1356 1671 1461 1702 forma
1485 1671 1973 1713 vobisauctoritateapostolica
1986 1672 2153 1703 conferre-

1136 1750 1137 1757 .
1166 1740 1180 1754 «
1209 1737 1288 1757 mus,
1315 1727 1379 1758 Nos
1395 1728 1496 1769 igitur
1512 1729 1762 1769 preposituram,
1785 1729 2010 1759 canonicatum
2030 1730 2062 1759 et
2084 1739 2154 1770 pre-

1136 1791 1137 1811 1
1166 1797 1180 1810 «
1205 1783 1340 1814 bendani
1362 1784 1507 1825 predicta
1529 1795 1600 1815 cum
1621 1784 1767 1815 omnibus
1784 1785 1911 1826 juribus
1932 1787 1965 1815 et
1986 1786 2152 1826 pertinen-

1165 1853 1179 1867 «
1204 1841 1257 1871 tiis
1279 1841 1344 1870 suis
1368 1842 1540 1871 commissa
1564 1841 1654 1871 nobis
1674 1842 1775 1882 ipsius
1796 1842 1914 1872 domini
1936 1852 2017 1883 pape
2044 1843 2153 1873 aucto—

1486 1898 1685 1928 conferimus
1728 1908 1848 1939 vosque
1894 1898 1933 1929 de
1972 1899 2050 1939 ipsis
2097 1908 2153 1939 per

1164 1966 1178 1981 «
1207 1953 1363 1984 birretum
1394 1956 1537 1985 nostrum
1570 1955 1813 1995 presentialiter
1850 1955 2053 1993 investimus,
2088 1965 2151 1984 non

1165 2024 1179 2037 «
1208 2009 1359 2041 obstante
1379 2010 1462 2050 quod
1483 2011 1622 2041 nondum
1644 2011 1786 2052 elapsum
1808 2012 1859 2042 est
1879 2012 2005 2052 tempus
2023 2011 2062 2041 de
2079 2022 2153 2042 con—

1167 2080 1179 2094 «
1208 2066 1376 2097 secr-andis
1393 2067 1551 2107 episcopis
1563 2077 1581 2098 a
1601 2077 1725 2098 canone
1739 2067 1922 2105 diffinitum⁷
1936 2067 2153 2098 decernentes

1167 2136 1180 2149 «
1207 2123 1334 2153 irritum
1359 2123 1512 2161 etinane,
1531 2124 1557 2153 si
1583 2134 1676 2154 secus
1696 2123 1735 2153 (le
1752 2124 1906 2164 predictis
1931 2124 2147 2164 prepositura„

1166 2192 1180 2206 «
1207 2179 1398 2210 canonicatu
1420 2181 1453 2209 et
1473 2180 1637 2220 prebenda
1657 2190 1831 2220 eorumque
1849 2181 2053 2221 pertinentiis
2075 2190 2151 2211 con-

1137 2258 1138 2275 ,
1165 2250 1177 2262 «
1207 2236 1319 2276 tigerit
1337 2237 1536 2277 attemptari.
1561 2237 1593 2266 ln
1615 2237 1706 2277 cujus
1727 2237 1774 2267 rei
1789 2237 2008 2267 testimonium
2030 2238 2150 2267 616611-

1136 2285 1138 2331 ]
1165 2306 1179 2319 «
1207 2292 1305 2323 telam
1338 2302 1473 2333 presens
1498 2293 1747 2324 instrumentum
1774 2303 1830 2334 per
1860 2303 1986 2324 manum
2015 2293 2151 2333 Galgani

1164 2362 1178 2374 «
1206 2347 1245 2378 de
1281 2349 1421 2384 Verulis,
1456 2349 1654 2380 auctoritate
1688 2352 1800 2380 sancte
1836 2351 1979 2380 Romane
2004 2349 2152 2380 Ecclesie

1164 2404 1318 2445 «publici
1357 2407 1473 2436 notarii
1501 2405 1619 2437 exinde
1651 2406 1717 2437 fieri
1750 2407 1883 2437 fecimus
1913 2407 2013 2436 nostri
2053 2406 2151 2446 sigilli

1164 2474 1177 2486 «
1206 2462 1403 2501 appensione
1428 2463 1595 2493 munitum,
1626 2463 1739 2493 Actum
1764 2462 1916 2500 Viterbii,
1944 2462 2149 2503 presentibus

1164 2530 1178 2543 «
1206 2518 1371 2558 magistris
1392 2518 1621 2549 Bartholomeo
1649 2519 1787 2558 Medico,
1819 2519 1964 2549 1011011116
1985 2521 2017 2549 61
2044 2518 2149 2549 Abba-

1164 2588 1177 2600 υ
1208 2580 1315 2604 moute
1331 2574 1582 2605 Sublacensibus
1597 2577 1629 2605 et
1645 2575 1924 2605 Bartholoniemle
1940 2575 2058 2605 Sancto
2070 2575 2145 2605 Vito

1163 2643 1176 2656 «ι
1206 2630 1416 2671 scriptoribus
1432 2631 1550 2662 domini
1570 2642 1661 2672 pape,
1687 2631 1824 2661 testibus
1845 2632 2032 2672 specialiter
2050 2641 2147 2661 voca—

1163 2700 1176 2712 «
1205 2686 1246 2716 tis
1265 2688 1297 2717 et
1318 2688 1454 2727 rogatis,
1474 2687 1526 2718 die
1540 2688 1626 2720 lunc.
1647 2688 1687 2718 111
1715 2687 1871 2718 kalendas
1891 2688 2035 2727 augusti,
2064 2698 2147 2718 anuo

1203 2741 1321 2772 domini
1348 2742 1564 2782 MCCJNH,
1588 2744 1792 2784 pontificatus
1824 2744 1940 2774 domini
1970 2744 2146 2774 Alexandri

1199 2809 1279 2839 pape
1303 2799 1372 2837 1111,
1395 2810 1478 2830 anno
1497 2801 1607 2837 tertio,
1629 2800 1803 2831 indictione
1826 2801 1898 2830 XV.
1920 2800 1960 2830 Et
1981 2810 2042 2839 ego
2072 2800 2148 2830 Gal-

1161 2811 1167 2824 ί

1160 2868 1173 2881 α
1202 2865 1304 2894 gauus
1323 2855 1363 2885 (16
1379 2856 1723 2889 Verulis,auctoritate
1742 2859 1854 2887 sancte
1877 2857 2022 2886 Romane
2039 2856 2147 2887 Eccle-

1187 2971 1208 2994 ¹.
1228 2971 1276 2994 Μκ.
1294 2979 1298 2993 1
1318 2972 1498 3002 aspostolicis.
