<?xml version="1.0" encoding="UTF-8"?>
<!DOCTYPE html PUBLIC "-//W3C//DTD XHTML 1.0 Transitional//EN"
    "http://www.w3.org/TR/xhtml1/DTD/xhtml1-transitional.dtd">
<html xmlns="http://www.w3.org/1999/xhtml" xml:lang="en" lang="en">
 <head>
  <title>
</title>
<meta http-equiv="Content-Type" content="text/html;charset=utf-8" />
  <meta name='ocr-system' content='tesseract 3.04.00' />
  <meta name='ocr-capabilities' content='ocr_page ocr_carea ocr_par ocr_line ocrx_word'/>
</head>
<body>
  <div class='ocr_page' id='page_1' title='image "./lesregistresdegr02cathuoft_0365.png"; bbox 0 0 2477 3512; ppageno 0'>
   <div class='ocr_carea' id='block_1_1' title="bbox 962 310 2247 351">
    <p class='ocr_par' dir='ltr' id='par_1_1' title="bbox 962 310 2247 351">
     <span class='ocr_line' id='line_1_1' title="bbox 962 310 2247 351; baseline -0.001 -8"><span class='ocrx_word' id='word_1_1' title='bbox 962 310 1240 351; x_wconf 84' lang='lat' dir='ltr'><strong>QUATRIEME</strong></span> <span class='ocrx_word' id='word_1_2' title='bbox 1255 310 1417 343; x_wconf 89' lang='lat' dir='ltr'><strong>ANNEE</strong></span> <span class='ocrx_word' id='word_1_3' title='bbox 2180 317 2247 350; x_wconf 82' lang='lat'><strong>829</strong></span> 
     </span>
    </p>
   </div>
   <div class='ocr_carea' id='block_1_2' title="bbox 205 410 1048 444">
    <p class='ocr_par' dir='ltr' id='par_1_2' title="bbox 205 410 1048 444">
     <span class='ocr_line' id='line_1_2' title="bbox 205 410 1048 444; baseline -0.001 -7"><span class='ocrx_word' id='word_1_4' title='bbox 205 411 296 437; x_wconf 84' lang='grc'><strong>2706</strong></span> <span class='ocrx_word' id='word_1_5' title='bbox 596 410 731 444; x_wconf 82' lang='lat' dir='ltr'><strong>Anagni‚</strong></span> <span class='ocrx_word' id='word_1_6' title='bbox 747 411 764 438; x_wconf 92' lang='lat'>3</span> <span class='ocrx_word' id='word_1_7' title='bbox 781 410 944 437; x_wconf 78' lang='lat' dir='ltr'><strong>decembre</strong></span> <span class='ocrx_word' id='word_1_8' title='bbox 962 410 1048 437; x_wconf 88' lang='grc'>1258.</span> 
     </span>
    </p>
   </div>
   <div class='ocr_carea' id='block_1_3' title="bbox 125 463 1132 615">
    <p class='ocr_par' dir='ltr' id='par_1_3' title="bbox 125 463 1132 615">
     <span class='ocr_line' id='line_1_3' title="bbox 166 463 1131 496; baseline 0 -6"><span class='ocrx_word' id='word_1_9' title='bbox 166 464 293 490; x_wconf 85' lang='lat' dir='ltr'>Eisdem</span> <span class='ocrx_word' id='word_1_10' title='bbox 309 464 453 490; x_wconf 88' lang='lat' dir='ltr'><strong>concedit</strong></span> <span class='ocrx_word' id='word_1_11' title='bbox 467 466 504 490; x_wconf 93' lang='lat' dir='ltr'><strong>ut</strong></span> <span class='ocrx_word' id='word_1_12' title='bbox 518 464 602 490; x_wconf 89' lang='lat' dir='ltr'><strong>viros</strong></span> <span class='ocrx_word' id='word_1_13' title='bbox 618 464 650 489; x_wconf 93' lang='lat' dir='ltr'><strong>et</strong></span> <span class='ocrx_word' id='word_1_14' title='bbox 665 463 808 489; x_wconf 89' lang='lat' dir='ltr'><strong>mulieres</strong></span> <span class='ocrx_word' id='word_1_15' title='bbox 825 463 879 496; x_wconf 87' lang='lat' dir='ltr'><strong>qui</strong></span> <span class='ocrx_word' id='word_1_16' title='bbox 895 470 926 489; x_wconf 88' lang='lat' dir='ltr'><strong>se</strong></span> <span class='ocrx_word' id='word_1_17' title='bbox 941 463 1131 490; x_wconf 89' lang='lat' dir='ltr'><strong>monasterio</strong></span> 
     </span>
     <span class='ocr_line' id='line_1_4' title="bbox 125 503 1131 537; baseline -0.001 -8"><span class='ocrx_word' id='word_1_18' title='bbox 125 503 320 535; x_wconf 88' lang='lat' dir='ltr'><strong>obtulerunt,</strong></span> <span class='ocrx_word' id='word_1_19' title='bbox 349 503 514 529; x_wconf 82' lang='lat' dir='ltr'>defendere</span> <span class='ocrx_word' id='word_1_20' title='bbox 541 510 596 537; x_wconf 91' lang='lat' dir='ltr'><strong>per</strong></span> <span class='ocrx_word' id='word_1_21' title='bbox 623 510 654 529; x_wconf 89' lang='lat' dir='ltr'><strong>se</strong></span> <span class='ocrx_word' id='word_1_22' title='bbox 682 503 787 536; x_wconf 86' lang='lat' dir='ltr'><strong>quoad</strong></span> <span class='ocrx_word' id='word_1_23' title='bbox 814 503 898 529; x_wconf 91' lang='lat' dir='ltr'><strong>bona</strong></span> <span class='ocrx_word' id='word_1_24' title='bbox 924 510 979 536; x_wconf 92' lang='lat' dir='ltr'><strong>per</strong></span> <span class='ocrx_word' id='word_1_25' title='bbox 1007 503 1131 529; x_wconf 90' lang='lat' dir='ltr'><strong>eosdem</strong></span> 
     </span>
     <span class='ocr_line' id='line_1_5' title="bbox 125 542 1132 576; baseline 0 -7"><span class='ocrx_word' id='word_1_26' title='bbox 125 543 233 569; x_wconf 91' lang='lat' dir='ltr'><strong>oblata</strong></span> <span class='ocrx_word' id='word_1_27' title='bbox 250 543 382 576; x_wconf 85' lang='lat' dir='ltr'><strong>possint,</strong></span> <span class='ocrx_word' id='word_1_28' title='bbox 401 543 628 569; x_wconf 88' lang='lat' dir='ltr'><strong>constitutione</strong></span> <span class='ocrx_word' id='word_1_29' title='bbox 639 542 811 575; x_wconf 90' lang='lat' dir='ltr'><strong>apostolica</strong></span> <span class='ocrx_word' id='word_1_30' title='bbox 822 542 979 568; x_wconf 84' lang='lat' dir='ltr'><strong>contraria</strong></span> <span class='ocrx_word' id='word_1_31' title='bbox 988 550 1051 568; x_wconf 89' lang='lat' dir='ltr'><strong>non</strong></span> <span class='ocrx_word' id='word_1_32' title='bbox 1062 543 1132 569; x_wconf 88' lang='lat' dir='ltr'><strong>obs-</strong></span> 
     </span>
     <span class='ocr_line' id='line_1_6' title="bbox 126 582 846 615; baseline -0.004 -6"><span class='ocrx_word' id='word_1_33' title='bbox 126 585 226 609; x_wconf 84' lang='lat' dir='ltr'>tante.</span> <span class='ocrx_word' id='word_1_34' title='bbox 247 582 345 614; x_wconf 72' lang='lat' dir='ltr'><strong>(Bm.</strong></span> <span class='ocrx_word' id='word_1_35' title='bbox 365 583 413 613; x_wconf 87' lang='lat'><strong>25,</strong></span> <span class='ocrx_word' id='word_1_36' title='bbox 434 583 456 608; x_wconf 83' lang='lat' dir='ltr'><strong>f.</strong></span> <span class='ocrx_word' id='word_1_37' title='bbox 480 582 547 613; x_wconf 85' lang='lat'><strong>161,</strong></span> <span class='ocrx_word' id='word_1_38' title='bbox 569 589 618 608; x_wconf 91' lang='lat' dir='ltr'><strong>an.</strong></span> <span class='ocrx_word' id='word_1_39' title='bbox 644 582 696 613; x_wconf 88' lang='lat' dir='ltr'><strong>IV,</strong></span> <span class='ocrx_word' id='word_1_40' title='bbox 718 589 743 608; x_wconf 87' lang='lat' dir='ltr'><strong>c.</strong></span> <span class='ocrx_word' id='word_1_41' title='bbox 765 582 846 615; x_wconf 92' lang='grc'><strong>262.)</strong></span> 
     </span>
    </p>
   </div>
   <div class='ocr_carea' id='block_1_4' title="bbox 120 680 1134 2131">
    <p class='ocr_par' dir='ltr' id='par_1_4' title="bbox 120 680 1134 2131">
     <span class='ocr_line' id='line_1_7' title="bbox 166 680 1133 719; baseline 0.001 -11"><span class='ocrx_word' id='word_1_42' title='bbox 166 693 178 708; x_wconf 67' lang='grc' dir='ltr'><strong>α</strong></span> <span class='ocrx_word' id='word_1_43' title='bbox 201 681 339 711; x_wconf 82' lang='lat' dir='ltr'>Eisdem.</span> <span class='ocrx_word' id='word_1_44' title='bbox 354 681 404 711; x_wconf 88' lang='lat' dir='ltr'><strong>Sic</strong></span> <span class='ocrx_word' id='word_1_45' title='bbox 414 690 470 719; x_wconf 91' lang='lat' dir='ltr'><strong>per</strong></span> <span class='ocrx_word' id='word_1_46' title='bbox 481 680 661 710; x_wconf 85' lang='lat' dir='ltr'><strong>devotionis</strong></span> <span class='ocrx_word' id='word_1_47' title='bbox 675 698 725 708; x_wconf 94' lang='lat'><strong>—.</strong></span> <span class='ocrx_word' id='word_1_48' title='bbox 741 680 822 710; x_wconf 92' lang='lat' dir='ltr'><strong>Sane</strong></span> <span class='ocrx_word' id='word_1_49' title='bbox 841 680 932 709; x_wconf 91' lang='lat' dir='ltr'><strong>nobis</strong></span> <span class='ocrx_word' id='word_1_50' title='bbox 953 680 1133 718; x_wconf 79' lang='lat' dir='ltr'><strong>significare</strong></span> 
     </span>
     <span class='ocr_line' id='line_1_8' title="bbox 124 732 1134 772; baseline 0 -10"><span class='ocrx_word' id='word_1_51' title='bbox 124 733 259 763; x_wconf 90' lang='lat' dir='ltr'><strong>curastis</strong></span> <span class='ocrx_word' id='word_1_52' title='bbox 285 733 372 772; x_wconf 90' lang='lat' dir='ltr'><strong>quod</strong></span> <span class='ocrx_word' id='word_1_53' title='bbox 398 732 542 762; x_wconf 87' lang='lat' dir='ltr'>nonnulli</span> <span class='ocrx_word' id='word_1_54' title='bbox 568 732 628 761; x_wconf 83' lang='lat' dir='ltr'><strong>viri</strong></span> <span class='ocrx_word' id='word_1_55' title='bbox 654 735 686 761; x_wconf 89' lang='lat' dir='ltr'><strong>et</strong></span> <span class='ocrx_word' id='word_1_56' title='bbox 712 732 869 766; x_wconf 90' lang='lat' dir='ltr'><strong>mulieres,</strong></span> <span class='ocrx_word' id='word_1_57' title='bbox 903 741 960 770; x_wconf 93' lang='lat' dir='ltr'><strong>pro</strong></span> <span class='ocrx_word' id='word_1_58' title='bbox 995 741 1051 762; x_wconf 92' lang='lat' dir='ltr'><strong>sua</strong></span> <span class='ocrx_word' id='word_1_59' title='bbox 1085 741 1134 762; x_wconf 89' lang='lat' dir='ltr'><strong>sa—</strong></span> 
     </span>
     <span class='ocr_line' id='line_1_9' title="bbox 124 784 1133 822; baseline 0 -8"><span class='ocrx_word' id='word_1_60' title='bbox 124 785 200 819; x_wconf 91' lang='lat' dir='ltr'><strong>lute,</strong></span> <span class='ocrx_word' id='word_1_61' title='bbox 215 785 396 814; x_wconf 88' lang='lat' dir='ltr'><strong>animarum</strong></span> <span class='ocrx_word' id='word_1_62' title='bbox 417 793 548 814; x_wconf 89' lang='lat' dir='ltr'><strong>suarum</strong></span> <span class='ocrx_word' id='word_1_63' title='bbox 568 784 709 813; x_wconf 92' lang='lat' dir='ltr'><strong>remedio</strong></span> <span class='ocrx_word' id='word_1_64' title='bbox 722 793 760 813; x_wconf 89' lang='lat' dir='ltr'><strong>ac</strong></span> <span class='ocrx_word' id='word_1_65' title='bbox 780 784 901 812; x_wconf 88' lang='lat' dir='ltr'><strong>intuitu</strong></span> <span class='ocrx_word' id='word_1_66' title='bbox 918 784 1059 822; x_wconf 86' lang='lat' dir='ltr'><strong>pietatis,</strong></span> <span class='ocrx_word' id='word_1_67' title='bbox 1078 785 1133 814; x_wconf 93' lang='lat' dir='ltr'><strong>ob-</strong></span> 
     </span>
     <span class='ocr_line' id='line_1_10' title="bbox 123 836 1132 869; baseline 0.001 -4"><span class='ocrx_word' id='word_1_68' title='bbox 123 836 269 866; x_wconf 87' lang='lat' dir='ltr'><strong>tulerunt</strong></span> <span class='ocrx_word' id='word_1_69' title='bbox 289 839 397 866; x_wconf 91' lang='lat' dir='ltr'><strong>vestro</strong></span> <span class='ocrx_word' id='word_1_70' title='bbox 419 836 614 866; x_wconf 90' lang='lat' dir='ltr'><strong>monasterio</strong></span> <span class='ocrx_word' id='word_1_71' title='bbox 637 845 669 865; x_wconf 94' lang='lat' dir='ltr'><strong>se</strong></span> <span class='ocrx_word' id='word_1_72' title='bbox 691 838 724 865; x_wconf 85' lang='lat' dir='ltr'><strong>et</strong></span> <span class='ocrx_word' id='word_1_73' title='bbox 745 845 812 869; x_wconf 87' lang='lat' dir='ltr'><strong>sua,</strong></span> <span class='ocrx_word' id='word_1_74' title='bbox 828 836 859 864; x_wconf 93' lang='lat' dir='ltr'><strong>in</strong></span> <span class='ocrx_word' id='word_1_75' title='bbox 875 836 939 864; x_wconf 91' lang='lat' dir='ltr'><strong>suis</strong></span> <span class='ocrx_word' id='word_1_76' title='bbox 953 838 1062 865; x_wconf 86' lang='lat' dir='ltr'><strong>tamen</strong></span> <span class='ocrx_word' id='word_1_77' title='bbox 1077 837 1132 866; x_wconf 92' lang='lat' dir='ltr'><strong>do-</strong></span> 
     </span>
     <span class='ocr_line' id='line_1_11' title="bbox 123 888 1131 926; baseline 0 -9"><span class='ocrx_word' id='word_1_78' title='bbox 123 888 228 918; x_wconf 91' lang='lat' dir='ltr'><strong>mibus</strong></span> <span class='ocrx_word' id='word_1_79' title='bbox 255 888 424 917; x_wconf 81' lang='lat' dir='ltr'><strong>usufructu</strong></span> <span class='ocrx_word' id='word_1_80' title='bbox 452 888 626 917; x_wconf 82' lang='lat' dir='ltr'><strong>dumtaxat</strong></span> <span class='ocrx_word' id='word_1_81' title='bbox 653 888 811 917; x_wconf 92' lang='lat' dir='ltr'><strong>bonorum</strong></span> <span class='ocrx_word' id='word_1_82' title='bbox 837 888 980 926; x_wconf 82' lang='lat' dir='ltr'><strong>ipsorum</strong></span> <span class='ocrx_word' id='word_1_83' title='bbox 1006 890 1131 917; x_wconf 87' lang='lat' dir='ltr'><strong>retento</strong></span> 
     </span>
     <span class='ocr_line' id='line_1_12' title="bbox 122 940 1131 978; baseline -0.001 -8"><span class='ocrx_word' id='word_1_84' title='bbox 122 940 164 970; x_wconf 91' lang='lat' dir='ltr'><strong>ad</strong></span> <span class='ocrx_word' id='word_1_85' title='bbox 205 942 329 970; x_wconf 89' lang='lat' dir='ltr'><strong>certum</strong></span> <span class='ocrx_word' id='word_1_86' title='bbox 368 942 497 978; x_wconf 90' lang='lat' dir='ltr'><strong>tempus</strong></span> <span class='ocrx_word' id='word_1_87' title='bbox 538 940 588 969; x_wconf 93' lang='lat' dir='ltr'><strong>vel</strong></span> <span class='ocrx_word' id='word_1_88' title='bbox 629 940 736 978; x_wconf 91' lang='lat' dir='ltr'><strong>quoad</strong></span> <span class='ocrx_word' id='word_1_89' title='bbox 776 940 918 968; x_wconf 82' lang='lat' dir='ltr'>vixerint</span> <span class='ocrx_word' id='word_1_90' title='bbox 965 941 1131 970; x_wconf 82' lang='lat' dir='ltr'><strong>moraturi.</strong></span> 
     </span>
     <span class='ocr_line' id='line_1_13' title="bbox 122 992 1132 1022; baseline 0.001 -1"><span class='ocrx_word' id='word_1_91' title='bbox 122 992 242 1021; x_wconf 92' lang='lat' dir='ltr'><strong>Verum</strong></span> <span class='ocrx_word' id='word_1_92' title='bbox 263 1001 336 1022; x_wconf 88' lang='lat' dir='ltr'><strong>curn</strong></span> <span class='ocrx_word' id='word_1_93' title='bbox 357 1002 414 1022; x_wconf 93' lang='lat' dir='ltr'><strong>nos</strong></span> <span class='ocrx_word' id='word_1_94' title='bbox 436 992 620 1022; x_wconf 87' lang='lat' dir='ltr'><strong>duxerimus</strong></span> <span class='ocrx_word' id='word_1_95' title='bbox 641 992 852 1021; x_wconf 86' lang='lat' dir='ltr'><strong>statuendum</strong></span> <span class='ocrx_word' id='word_1_96' title='bbox 874 994 911 1021; x_wconf 89' lang='lat' dir='ltr'><strong>ut</strong></span> <span class='ocrx_word' id='word_1_97' title='bbox 932 993 1010 1022; x_wconf 91' lang='lat' dir='ltr'><strong>nulli</strong></span> <span class='ocrx_word' id='word_1_98' title='bbox 1031 993 1132 1022; x_wconf 88' lang='lat' dir='ltr'><strong>oblati</strong></span> 
     </span>
     <span class='ocr_line' id='line_1_14' title="bbox 124 1044 1132 1083; baseline 0 -10"><span class='ocrx_word' id='word_1_99' title='bbox 124 1045 327 1074; x_wconf 87' lang='lat' dir='ltr'><strong>monasteriis</strong></span> <span class='ocrx_word' id='word_1_100' title='bbox 358 1045 409 1074; x_wconf 92' lang='lat' dir='ltr'><strong>vel</strong></span> <span class='ocrx_word' id='word_1_101' title='bbox 442 1044 591 1074; x_wconf 90' lang='lat' dir='ltr'>domibus</span> <span class='ocrx_word' id='word_1_102' title='bbox 622 1044 840 1083; x_wconf 87' lang='lat' dir='ltr'><strong>religiosorum</strong></span> <span class='ocrx_word' id='word_1_103' title='bbox 873 1045 1042 1082; x_wconf 89' lang='lat' dir='ltr'><strong>exemptis,</strong></span> <span class='ocrx_word' id='word_1_104' title='bbox 1076 1054 1132 1074; x_wconf 93' lang='lat' dir='ltr'><strong>nec</strong></span> 
     </span>
     <span class='ocr_line' id='line_1_15' title="bbox 124 1096 1131 1136; baseline 0.001 -10"><span class='ocrx_word' id='word_1_105' title='bbox 124 1096 168 1126; x_wconf 90' lang='lat' dir='ltr'><strong>hii</strong></span> <span class='ocrx_word' id='word_1_106' title='bbox 198 1097 252 1136; x_wconf 90' lang='lat' dir='ltr'><strong>qui</strong></span> <span class='ocrx_word' id='word_1_107' title='bbox 273 1097 317 1127; x_wconf 90' lang='lat' dir='ltr'><strong>eis</strong></span> <span class='ocrx_word' id='word_1_108' title='bbox 346 1097 445 1126; x_wconf 89' lang='lat' dir='ltr'><strong>etiam</strong></span> <span class='ocrx_word' id='word_1_109' title='bbox 466 1106 597 1126; x_wconf 91' lang='lat' dir='ltr'><strong>censum</strong></span> <span class='ocrx_word' id='word_1_110' title='bbox 619 1097 760 1131; x_wconf 88' lang='lat' dir='ltr'><strong>solvunt,</strong></span> <span class='ocrx_word' id='word_1_111' title='bbox 783 1099 915 1135; x_wconf 91' lang='lat' dir='ltr'><strong>propter</strong></span> <span class='ocrx_word' id='word_1_112' title='bbox 935 1097 1131 1127; x_wconf 89' lang='lat' dir='ltr'><strong>oblationem</strong></span> 
     </span>
     <span class='ocr_line' id='line_1_16' title="bbox 122 1148 1132 1187; baseline 0 -8"><span class='ocrx_word' id='word_1_113' title='bbox 122 1148 173 1179; x_wconf 90' lang='lat' dir='ltr'><strong>vel</strong></span> <span class='ocrx_word' id='word_1_114' title='bbox 198 1159 310 1179; x_wconf 91' lang='lat' dir='ltr'><strong>census</strong></span> <span class='ocrx_word' id='word_1_115' title='bbox 334 1149 528 1179; x_wconf 88' lang='lat' dir='ltr'><strong>solutionem</strong></span> <span class='ocrx_word' id='word_1_116' title='bbox 552 1150 738 1187; x_wconf 87' lang='lat' dir='ltr'><strong>hujusmodi</strong></span> <span class='ocrx_word' id='word_1_117' title='bbox 763 1159 781 1179; x_wconf 87' lang='lat' dir='ltr'><strong>a</strong></span> <span class='ocrx_word' id='word_1_118' title='bbox 806 1150 870 1179; x_wconf 92' lang='lat' dir='ltr'><strong>suis</strong></span> <span class='ocrx_word' id='word_1_119' title='bbox 895 1150 1062 1179; x_wconf 91' lang='lat' dir='ltr'><strong>ordinariis</strong></span> <span class='ocrx_word' id='word_1_120' title='bbox 1086 1151 1132 1179; x_wconf 90' lang='lat' dir='ltr'><strong>in-</strong></span> 
     </span>
     <span class='ocr_line' id='line_1_17' title="bbox 121 1202 1133 1241; baseline -0.001 -9"><span class='ocrx_word' id='word_1_121' title='bbox 121 1203 310 1241; x_wconf 72' lang='lat' dir='ltr'><strong>telligantur</strong></span> <span class='ocrx_word' id='word_1_122' title='bbox 341 1202 493 1241; x_wconf 87' lang='lat' dir='ltr'><strong>exempti,</strong></span> <span class='ocrx_word' id='word_1_123' title='bbox 515 1211 619 1241; x_wconf 89' lang='lat' dir='ltr'><strong>neque</strong></span> <span class='ocrx_word' id='word_1_124' title='bbox 639 1211 695 1241; x_wconf 87' lang='lat' dir='ltr'><strong>per</strong></span> <span class='ocrx_word' id='word_1_125' title='bbox 714 1202 799 1240; x_wconf 92' lang='lat' dir='ltr'><strong>ipsos</strong></span> <span class='ocrx_word' id='word_1_126' title='bbox 819 1202 979 1241; x_wconf 87' lang='lat' dir='ltr'><strong>religiosos</strong></span> <span class='ocrx_word' id='word_1_127' title='bbox 999 1205 1058 1232; x_wconf 88' lang='lat' dir='ltr'><strong>aut</strong></span> <span class='ocrx_word' id='word_1_128' title='bbox 1077 1212 1133 1241; x_wconf 91' lang='lat' dir='ltr'><strong>per</strong></span> 
     </span>
     <span class='ocr_line' id='line_1_18' title="bbox 122 1255 1133 1293; baseline -0.001 -8"><span class='ocrx_word' id='word_1_129' title='bbox 122 1258 364 1285; x_wconf 83' lang='lat' dir='ltr'><strong>conservatores</strong></span> <span class='ocrx_word' id='word_1_130' title='bbox 383 1255 427 1285; x_wconf 88' lang='lat' dir='ltr'><strong>eis</strong></span> <span class='ocrx_word' id='word_1_131' title='bbox 447 1265 465 1285; x_wconf 91' lang='lat' dir='ltr'><strong>a</strong></span> <span class='ocrx_word' id='word_1_132' title='bbox 487 1255 566 1285; x_wconf 87' lang='lat' dir='ltr'>Sede</span> <span class='ocrx_word' id='word_1_133' title='bbox 587 1255 772 1293; x_wconf 87' lang='lat' dir='ltr'><strong>Apostolica</strong></span> <span class='ocrx_word' id='word_1_134' title='bbox 794 1255 978 1293; x_wconf 84' lang='lat' dir='ltr'><strong>deputatos,</strong></span> <span class='ocrx_word' id='word_1_135' title='bbox 999 1256 1049 1285; x_wconf 91' lang='lat' dir='ltr'><strong>vel</strong></span> <span class='ocrx_word' id='word_1_136' title='bbox 1070 1256 1133 1293; x_wconf 88' lang='lat' dir='ltr'><strong>pri-</strong></span> 
     </span>
     <span class='ocr_line' id='line_1_19' title="bbox 121 1308 1131 1347; baseline 0.001 -10"><span class='ocrx_word' id='word_1_137' title='bbox 121 1308 310 1346; x_wconf 89' lang='lat' dir='ltr'><strong>vilegiorum</strong></span> <span class='ocrx_word' id='word_1_138' title='bbox 329 1317 460 1338; x_wconf 92' lang='lat' dir='ltr'><strong>suorum</strong></span> <span class='ocrx_word' id='word_1_139' title='bbox 479 1311 641 1347; x_wconf 88' lang='lat' dir='ltr'><strong>pretextu,</strong></span> <span class='ocrx_word' id='word_1_140' title='bbox 653 1308 777 1346; x_wconf 88' lang='lat' dir='ltr'><strong>possint</strong></span> <span class='ocrx_word' id='word_1_141' title='bbox 795 1310 854 1337; x_wconf 88' lang='lat' dir='ltr'><strong>aut</strong></span> <span class='ocrx_word' id='word_1_142' title='bbox 875 1308 1015 1337; x_wconf 89' lang='lat' dir='ltr'><strong>debeant</strong></span> <span class='ocrx_word' id='word_1_143' title='bbox 1033 1308 1131 1338; x_wconf 88' lang='lat' dir='ltr'><strong>etiam</strong></span> 
     </span>
     <span class='ocr_line' id='line_1_20' title="bbox 124 1361 1132 1400; baseline 0 -10"><span class='ocrx_word' id='word_1_144' title='bbox 124 1361 292 1395; x_wconf 83' lang='lat' dir='ltr'><strong>defensari,</strong></span> <span class='ocrx_word' id='word_1_145' title='bbox 326 1361 403 1400; x_wconf 89' lang='lat' dir='ltr'><strong>quin</strong></span> <span class='ocrx_word' id='word_1_146' title='bbox 424 1361 521 1390; x_wconf 90' lang='lat' dir='ltr'><strong>iidem</strong></span> <span class='ocrx_word' id='word_1_147' title='bbox 540 1361 693 1390; x_wconf 88' lang='lat' dir='ltr'><strong>ordinarii</strong></span> <span class='ocrx_word' id='word_1_148' title='bbox 712 1361 809 1390; x_wconf 90' lang='lat' dir='ltr'><strong>libere</strong></span> <span class='ocrx_word' id='word_1_149' title='bbox 835 1361 967 1390; x_wconf 89' lang='lat' dir='ltr'><strong>valeant</strong></span> <span class='ocrx_word' id='word_1_150' title='bbox 987 1361 1132 1391; x_wconf 91' lang='lat' dir='ltr'><strong>animad-</strong></span> 
     </span>
     <span class='ocr_line' id='line_1_21' title="bbox 121 1413 1131 1453; baseline -0.002 -9"><span class='ocrx_word' id='word_1_151' title='bbox 121 1416 246 1444; x_wconf 88' lang='lat' dir='ltr'><strong>vertere</strong></span> <span class='ocrx_word' id='word_1_152' title='bbox 259 1423 316 1453; x_wconf 93' lang='lat' dir='ltr'><strong>pro</strong></span> <span class='ocrx_word' id='word_1_153' title='bbox 338 1414 402 1444; x_wconf 92' lang='lat' dir='ltr'><strong>suis</strong></span> <span class='ocrx_word' id='word_1_154' title='bbox 425 1414 606 1443; x_wconf 84' lang='lat' dir='ltr'><strong>excessibus</strong></span> <span class='ocrx_word' id='word_1_155' title='bbox 620 1414 651 1443; x_wconf 91' lang='grc'><strong>111</strong></span> <span class='ocrx_word' id='word_1_156' title='bbox 666 1414 794 1443; x_wconf 87' lang='lat' dir='ltr'><strong>eosdem</strong></span> <span class='ocrx_word' id='word_1_157' title='bbox 807 1415 840 1442; x_wconf 87' lang='lat' dir='ltr'><strong>et</strong></span> <span class='ocrx_word' id='word_1_158' title='bbox 853 1422 906 1442; x_wconf 90' lang='lat' dir='ltr'><strong>eos</strong></span> <span class='ocrx_word' id='word_1_159' title='bbox 919 1422 1001 1451; x_wconf 90' lang='lat' dir='ltr'><strong>pena</strong></span> <span class='ocrx_word' id='word_1_160' title='bbox 1022 1413 1131 1443; x_wconf 86' lang='lat' dir='ltr'><strong>debita</strong></span> 
     </span>
     <span class='ocr_line' id='line_1_22' title="bbox 122 1465 1131 1505; baseline -0.002 -9"><span class='ocrx_word' id='word_1_161' title='bbox 122 1467 288 1505; x_wconf 89' lang='lat' dir='ltr'><strong>castigare,</strong></span> <span class='ocrx_word' id='word_1_162' title='bbox 321 1466 412 1495; x_wconf 91' lang='lat' dir='ltr'><strong>nobis</strong></span> <span class='ocrx_word' id='word_1_163' title='bbox 443 1465 607 1495; x_wconf 88' lang='lat' dir='ltr'><strong>humiliter</strong></span> <span class='ocrx_word' id='word_1_164' title='bbox 630 1465 834 1504; x_wconf 88' lang='lat' dir='ltr'><strong>supplicastis</strong></span> <span class='ocrx_word' id='word_1_165' title='bbox 854 1467 891 1494; x_wconf 92' lang='lat' dir='ltr'><strong>ut</strong></span> <span class='ocrx_word' id='word_1_166' title='bbox 907 1465 1000 1494; x_wconf 91' lang='lat' dir='ltr'><strong>vobis</strong></span> <span class='ocrx_word' id='word_1_167' title='bbox 1016 1466 1048 1494; x_wconf 91' lang='lat' dir='ltr'><strong>in</strong></span> <span class='ocrx_word' id='word_1_168' title='bbox 1072 1466 1131 1495; x_wconf 89' lang='lat' dir='ltr'><strong>hac</strong></span> 
     </span>
     <span class='ocr_line' id='line_1_23' title="bbox 122 1517 1131 1557; baseline -0.002 -9"><span class='ocrx_word' id='word_1_169' title='bbox 122 1521 214 1557; x_wconf 90' lang='lat' dir='ltr'><strong>parte</strong></span> <span class='ocrx_word' id='word_1_170' title='bbox 238 1518 408 1557; x_wconf 83' lang='lat' dir='ltr'><strong>specialem</strong></span> <span class='ocrx_word' id='word_1_171' title='bbox 431 1518 570 1556; x_wconf 85' lang='lat' dir='ltr'><strong>gratiam</strong></span> <span class='ocrx_word' id='word_1_172' title='bbox 594 1517 709 1552; x_wconf 87' lang='lat' dir='ltr'><strong>facere,</strong></span> <span class='ocrx_word' id='word_1_173' title='bbox 735 1527 774 1547; x_wconf 86' lang='lat' dir='ltr'><strong>ne</strong></span> <span class='ocrx_word' id='word_1_174' title='bbox 798 1519 950 1556; x_wconf 87' lang='lat' dir='ltr'><strong>pretextu</strong></span> <span class='ocrx_word' id='word_1_175' title='bbox 975 1517 1131 1546; x_wconf 90' lang='lat' dir='ltr'><strong>constitu-</strong></span> 
     </span>
     <span class='ocr_line' id='line_1_24' title="bbox 120 1570 1131 1609; baseline -0.003 -8"><span class='ocrx_word' id='word_1_176' title='bbox 120 1571 218 1601; x_wconf 89' lang='lat' dir='ltr'><strong>tionis</strong></span> <span class='ocrx_word' id='word_1_177' title='bbox 257 1571 357 1609; x_wconf 87' lang='lat' dir='ltr'><strong>ipsius</strong></span> <span class='ocrx_word' id='word_1_178' title='bbox 395 1570 628 1599; x_wconf 83' lang='lat' dir='ltr'><strong>monasterium</strong></span> <span class='ocrx_word' id='word_1_179' title='bbox 667 1572 812 1599; x_wconf 89' lang='lat' dir='ltr'><strong>vestrum</strong></span> <span class='ocrx_word' id='word_1_180' title='bbox 851 1570 994 1598; x_wconf 88' lang='lat' dir='ltr'><strong>incurrat</strong></span> <span class='ocrx_word' id='word_1_181' title='bbox 1034 1570 1131 1599; x_wconf 88' lang='lat' dir='ltr'><strong>detri-</strong></span> 
     </span>
     <span class='ocr_line' id='line_1_25' title="bbox 121 1622 1129 1661; baseline -0.002 -8"><span class='ocrx_word' id='word_1_182' title='bbox 121 1625 268 1653; x_wconf 84' lang='lat' dir='ltr'><strong>mentum</strong></span> <span class='ocrx_word' id='word_1_183' title='bbox 307 1622 446 1661; x_wconf 86' lang='lat' dir='ltr'><strong>gravius,</strong></span> <span class='ocrx_word' id='word_1_184' title='bbox 486 1622 525 1651; x_wconf 90' lang='lat' dir='ltr'><strong>de</strong></span> <span class='ocrx_word' id='word_1_185' title='bbox 563 1622 764 1660; x_wconf 83' lang='lat' dir='ltr'><strong>benignitate</strong></span> <span class='ocrx_word' id='word_1_186' title='bbox 802 1622 896 1651; x_wconf 88' lang='lat' dir='ltr'><strong>solita</strong></span> <span class='ocrx_word' id='word_1_187' title='bbox 936 1631 1129 1651; x_wconf 89' lang='lat' dir='ltr'><strong>curaremus.</strong></span> 
     </span>
     <span class='ocr_line' id='line_1_26' title="bbox 121 1674 1130 1714; baseline 0 -10"><span class='ocrx_word' id='word_1_188' title='bbox 121 1675 188 1705; x_wconf 94' lang='lat' dir='ltr'><strong>Nos</strong></span> <span class='ocrx_word' id='word_1_189' title='bbox 206 1674 317 1714; x_wconf 89' lang='lat' dir='ltr'><strong>itaque</strong></span> <span class='ocrx_word' id='word_1_190' title='bbox 334 1674 450 1703; x_wconf 87' lang='lat' dir='ltr'><strong>vestris</strong></span> <span class='ocrx_word' id='word_1_191' title='bbox 467 1674 614 1713; x_wconf 89' lang='lat' dir='ltr'><strong>precibus</strong></span> <span class='ocrx_word' id='word_1_192' title='bbox 632 1674 788 1708; x_wconf 85' lang='lat' dir='ltr'><strong>inclinati,</strong></span> <span class='ocrx_word' id='word_1_193' title='bbox 825 1674 1020 1704; x_wconf 88' lang='lat' dir='ltr'><strong>auctoritate</strong></span> <span class='ocrx_word' id='word_1_194' title='bbox 1038 1675 1130 1704; x_wconf 90' lang='lat' dir='ltr'><strong>vobis</strong></span> 
     </span>
     <span class='ocr_line' id='line_1_27' title="bbox 121 1726 1131 1765; baseline 0.001 -10"><span class='ocrx_word' id='word_1_195' title='bbox 121 1726 319 1765; x_wconf 90' lang='lat' dir='ltr'><strong>presentium</strong></span> <span class='ocrx_word' id='word_1_196' title='bbox 344 1726 547 1764; x_wconf 80' lang='lat' dir='ltr'><strong>indulgemus</strong></span> <span class='ocrx_word' id='word_1_197' title='bbox 574 1728 612 1756; x_wconf 86' lang='lat' dir='ltr'><strong>ut</strong></span> <span class='ocrx_word' id='word_1_198' title='bbox 638 1726 824 1765; x_wconf 85' lang='lat' dir='ltr'><strong>hujusmodi</strong></span> <span class='ocrx_word' id='word_1_199' title='bbox 851 1727 977 1756; x_wconf 89' lang='lat' dir='ltr'><strong>oblatos</strong></span> <span class='ocrx_word' id='word_1_200' title='bbox 1003 1735 1131 1756; x_wconf 89' lang='lat' dir='ltr'><strong>monas-</strong></span> 
     </span>
     <span class='ocr_line' id='line_1_28' title="bbox 121 1778 1130 1816; baseline 0.001 -9"><span class='ocrx_word' id='word_1_201' title='bbox 121 1779 203 1808; x_wconf 86' lang='lat' dir='ltr'><strong>terio</strong></span> <span class='ocrx_word' id='word_1_202' title='bbox 222 1781 330 1808; x_wconf 89' lang='lat' dir='ltr'><strong>vestro</strong></span> <span class='ocrx_word' id='word_1_203' title='bbox 351 1778 521 1807; x_wconf 85' lang='lat' dir='ltr'><strong>defendere</strong></span> <span class='ocrx_word' id='word_1_204' title='bbox 540 1787 598 1816; x_wconf 93' lang='lat' dir='ltr'><strong>per</strong></span> <span class='ocrx_word' id='word_1_205' title='bbox 616 1787 674 1808; x_wconf 92' lang='lat' dir='ltr'><strong>vos</strong></span> <span class='ocrx_word' id='word_1_206' title='bbox 694 1781 726 1808; x_wconf 90' lang='lat' dir='ltr'><strong>et</strong></span> <span class='ocrx_word' id='word_1_207' title='bbox 746 1781 986 1808; x_wconf 87' lang='lat' dir='ltr'><strong>conservatores</strong></span> <span class='ocrx_word' id='word_1_208' title='bbox 1006 1781 1130 1809; x_wconf 88' lang='lat' dir='ltr'><strong>vestros</strong></span> 
     </span>
     <span class='ocr_line' id='line_1_29' title="bbox 121 1831 1129 1870; baseline 0.001 -11"><span class='ocrx_word' id='word_1_209' title='bbox 121 1831 229 1870; x_wconf 92' lang='lat' dir='ltr'><strong>quoad</strong></span> <span class='ocrx_word' id='word_1_210' title='bbox 258 1831 342 1860; x_wconf 92' lang='lat' dir='ltr'><strong>bona</strong></span> <span class='ocrx_word' id='word_1_211' title='bbox 372 1839 429 1869; x_wconf 91' lang='lat' dir='ltr'><strong>per</strong></span> <span class='ocrx_word' id='word_1_212' title='bbox 456 1831 542 1868; x_wconf 91' lang='lat' dir='ltr'><strong>ipsos</strong></span> <span class='ocrx_word' id='word_1_213' title='bbox 571 1833 679 1860; x_wconf 89' lang='lat' dir='ltr'><strong>vestro</strong></span> <span class='ocrx_word' id='word_1_214' title='bbox 709 1831 905 1860; x_wconf 87' lang='lat' dir='ltr'><strong>monasterio</strong></span> <span class='ocrx_word' id='word_1_215' title='bbox 935 1831 980 1860; x_wconf 87' lang='lat' dir='ltr'><strong>sic</strong></span> <span class='ocrx_word' id='word_1_216' title='bbox 1009 1832 1129 1866; x_wconf 88' lang='lat' dir='ltr'><strong>oblata,</strong></span> 
     </span>
     <span class='ocr_line' id='line_1_30' title="bbox 120 1882 1130 1921; baseline -0.001 -8"><span class='ocrx_word' id='word_1_217' title='bbox 120 1883 218 1913; x_wconf 88' lang='lat' dir='ltr'><strong>libere</strong></span> <span class='ocrx_word' id='word_1_218' title='bbox 239 1882 386 1917; x_wconf 89' lang='lat' dir='ltr'><strong>valeatis,</strong></span> <span class='ocrx_word' id='word_1_219' title='bbox 409 1882 453 1912; x_wconf 91' lang='lat' dir='ltr'><strong>eis</strong></span> <span class='ocrx_word' id='word_1_220' title='bbox 476 1885 636 1921; x_wconf 90' lang='lat' dir='ltr'><strong>quantum</strong></span> <span class='ocrx_word' id='word_1_221' title='bbox 659 1883 700 1912; x_wconf 91' lang='lat' dir='ltr'><strong>ad</strong></span> <span class='ocrx_word' id='word_1_222' title='bbox 723 1883 807 1912; x_wconf 93' lang='lat' dir='ltr'><strong>bona</strong></span> <span class='ocrx_word' id='word_1_223' title='bbox 831 1883 975 1921; x_wconf 90' lang='lat' dir='ltr'><strong>predicta</strong></span> <span class='ocrx_word' id='word_1_224' title='bbox 998 1892 1055 1921; x_wconf 93' lang='lat' dir='ltr'><strong>pro</strong></span> <span class='ocrx_word' id='word_1_225' title='bbox 1078 1885 1130 1912; x_wconf 90' lang='lat' dir='ltr'><strong>tu-</strong></span> 
     </span>
     <span class='ocr_line' id='line_1_31' title="bbox 120 1935 1132 1974; baseline -0.001 -9"><span class='ocrx_word' id='word_1_226' title='bbox 120 1936 185 1965; x_wconf 89' lang='lat' dir='ltr'><strong>tela</strong></span> <span class='ocrx_word' id='word_1_227' title='bbox 205 1938 239 1965; x_wconf 90' lang='lat' dir='ltr'><strong>et</strong></span> <span class='ocrx_word' id='word_1_228' title='bbox 259 1935 443 1964; x_wconf 81' lang='lat' dir='ltr'><strong>defensione</strong></span> <span class='ocrx_word' id='word_1_229' title='bbox 461 1937 570 1964; x_wconf 90' lang='lat' dir='ltr'><strong>vestra</strong></span> <span class='ocrx_word' id='word_1_230' title='bbox 591 1935 737 1965; x_wconf 88' lang='lat' dir='ltr'><strong>decetero</strong></span> <span class='ocrx_word' id='word_1_231' title='bbox 764 1936 991 1974; x_wconf 87' lang='lat' dir='ltr'><strong>permansuris,</strong></span> <span class='ocrx_word' id='word_1_232' title='bbox 1014 1936 1132 1965; x_wconf 89' lang='lat' dir='ltr'><strong>consti-</strong></span> 
     </span>
     <span class='ocr_line' id='line_1_32' title="bbox 120 1986 1130 2024; baseline -0.001 -7"><span class='ocrx_word' id='word_1_233' title='bbox 120 1988 247 2017; x_wconf 89' lang='lat' dir='ltr'><strong>tutione</strong></span> <span class='ocrx_word' id='word_1_234' title='bbox 271 1996 334 2016; x_wconf 91' lang='lat' dir='ltr'><strong>non</strong></span> <span class='ocrx_word' id='word_1_235' title='bbox 358 1987 510 2016; x_wconf 88' lang='lat' dir='ltr'><strong>obstante</strong></span> <span class='ocrx_word' id='word_1_236' title='bbox 532 1986 688 2024; x_wconf 88' lang='lat' dir='ltr'><strong>predicta.</strong></span> <span class='ocrx_word' id='word_1_237' title='bbox 712 1987 799 2016; x_wconf 93' lang='lat' dir='ltr'><strong>Nulli</strong></span> <span class='ocrx_word' id='word_1_238' title='bbox 823 1989 931 2016; x_wconf 91' lang='lat' dir='ltr'><strong>nostre</strong></span> <span class='ocrx_word' id='word_1_239' title='bbox 954 1988 1130 2017; x_wconf 89' lang='lat' dir='ltr'><strong>concessio·</strong></span> 
     </span>
     <span class='ocr_line' id='line_1_33' title="bbox 121 2038 1131 2077; baseline 0.001 -9"><span class='ocrx_word' id='word_1_240' title='bbox 121 2040 169 2069; x_wconf 91' lang='lat' dir='ltr'><strong>nis</strong></span> <span class='ocrx_word' id='word_1_241' title='bbox 209 2042 270 2068; x_wconf 91' lang='lat' dir='ltr'><strong>etc.</strong></span> <span class='ocrx_word' id='word_1_242' title='bbox 307 2039 384 2068; x_wconf 91' lang='lat' dir='ltr'><strong>Dat.</strong></span> <span class='ocrx_word' id='word_1_243' title='bbox 416 2038 573 2077; x_wconf 87' lang='lat' dir='ltr'><strong>Anagnie‚</strong></span> <span class='ocrx_word' id='word_1_244' title='bbox 612 2039 661 2068; x_wconf 95' lang='lat' dir='ltr'><strong>III</strong></span> <span class='ocrx_word' id='word_1_245' title='bbox 694 2048 795 2068; x_wconf 92' lang='lat' dir='ltr'><strong>nonas</strong></span> <span class='ocrx_word' id='word_1_246' title='bbox 824 2039 1010 2073; x_wconf 86' lang='lat' dir='ltr'><strong>decembris,</strong></span> <span class='ocrx_word' id='word_1_247' title='bbox 1045 2048 1131 2070; x_wconf 91' lang='lat' dir='ltr'><strong>anno</strong></span> 
     </span>
     <span class='ocr_line' id='line_1_34' title="bbox 121 2095 247 2131; baseline 0 -10"><span class='ocrx_word' id='word_1_248' title='bbox 121 2095 247 2131; x_wconf 85' lang='lat' dir='ltr'><strong>quarto.</strong></span> 
     </span>
    </p>
   </div>
   <div class='ocr_carea' id='block_1_5' title="bbox 201 2296 1048 2330">
    <p class='ocr_par' dir='ltr' id='par_1_5' title="bbox 201 2296 1048 2330">
     <span class='ocr_line' id='line_1_35' title="bbox 201 2296 1048 2330; baseline 0 -8"><span class='ocrx_word' id='word_1_249' title='bbox 201 2297 291 2322; x_wconf 89' lang='grc'><strong>2707</strong></span> <span class='ocrx_word' id='word_1_250' title='bbox 598 2297 733 2330; x_wconf 83' lang='lat' dir='ltr'><strong>Anagni,</strong></span> <span class='ocrx_word' id='word_1_251' title='bbox 748 2297 764 2322; x_wconf 81' lang='grc'>4</span> <span class='ocrx_word' id='word_1_252' title='bbox 782 2296 945 2323; x_wconf 76' lang='lat' dir='ltr'><strong>decembre</strong></span> <span class='ocrx_word' id='word_1_253' title='bbox 961 2297 1048 2323; x_wconf 84' lang='lat'><strong>1258.</strong></span> 
     </span>
    </p>
   </div>
   <div class='ocr_carea' id='block_1_6' title="bbox 120 2348 1130 2460">
    <p class='ocr_par' dir='ltr' id='par_1_6' title="bbox 120 2348 1130 2460">
     <span class='ocr_line' id='line_1_36' title="bbox 161 2348 1130 2383; baseline 0.002 -8"><span class='ocrx_word' id='word_1_254' title='bbox 161 2348 280 2375; x_wconf 84' lang='lat' dir='ltr'><strong>Abbati</strong></span> <span class='ocrx_word' id='word_1_255' title='bbox 306 2349 445 2382; x_wconf 77' lang='lat' dir='ltr'><strong>eJusdem</strong></span> <span class='ocrx_word' id='word_1_256' title='bbox 472 2349 655 2376; x_wconf 87' lang='lat' dir='ltr'><strong>monasterii</strong></span> <span class='ocrx_word' id='word_1_257' title='bbox 681 2349 883 2383; x_wconf 88' lang='lat' dir='ltr'><strong>dispensandi</strong></span> <span class='ocrx_word' id='word_1_258' title='bbox 909 2357 1002 2382; x_wconf 90' lang='lat' dir='ltr'><strong>super</strong></span> <span class='ocrx_word' id='word_1_259' title='bbox 1027 2350 1130 2377; x_wconf 90' lang='lat' dir='ltr'><strong>obser-</strong></span> 
     </span>
     <span class='ocr_line' id='line_1_37' title="bbox 120 2388 1130 2422; baseline 0.003 -8"><span class='ocrx_word' id='word_1_260' title='bbox 120 2388 249 2414; x_wconf 86' lang='lat' dir='ltr'><strong>vatione</strong></span> <span class='ocrx_word' id='word_1_261' title='bbox 263 2390 456 2415; x_wconf 89' lang='lat' dir='ltr'><strong>statutorum</strong></span> <span class='ocrx_word' id='word_1_262' title='bbox 471 2396 489 2415; x_wconf 92' lang='lat' dir='ltr'><strong>a</strong></span> <span class='ocrx_word' id='word_1_263' title='bbox 504 2389 650 2422; x_wconf 80' lang='lat' dir='ltr'><strong>Gregorio</strong></span> <span class='ocrx_word' id='word_1_264' title='bbox 665 2396 747 2422; x_wconf 86' lang='lat' dir='ltr'><strong>papa</strong></span> <span class='ocrx_word' id='word_1_265' title='bbox 761 2389 918 2415; x_wconf 88' lang='lat' dir='ltr'><strong>editorum</strong></span> <span class='ocrx_word' id='word_1_266' title='bbox 944 2389 1130 2417; x_wconf 82' lang='lat' dir='ltr'><strong>facultatem</strong></span> 
     </span>
     <span class='ocr_line' id='line_1_38' title="bbox 122 2428 935 2460; baseline -0.001 -6"><span class='ocrx_word' id='word_1_267' title='bbox 122 2428 275 2454; x_wconf 89' lang='lat' dir='ltr'><strong>concedit.</strong></span> <span class='ocrx_word' id='word_1_268' title='bbox 296 2428 393 2460; x_wconf 70' lang='lat' dir='ltr'><strong>(Bm.</strong></span> <span class='ocrx_word' id='word_1_269' title='bbox 413 2429 461 2459; x_wconf 86' lang='lat'><strong>25,</strong></span> <span class='ocrx_word' id='word_1_270' title='bbox 480 2428 501 2454; x_wconf 87' lang='lat' dir='ltr'><strong>f.</strong></span> <span class='ocrx_word' id='word_1_271' title='bbox 523 2428 577 2455; x_wconf 85' lang='grc'><strong>161</strong></span> <span class='ocrx_word' id='word_1_272' title='bbox 598 2432 644 2460; x_wconf 91' lang='lat' dir='ltr'><strong>v0,</strong></span> <span class='ocrx_word' id='word_1_273' title='bbox 664 2436 714 2455; x_wconf 93' lang='lat' dir='ltr'><strong>an.</strong></span> <span class='ocrx_word' id='word_1_274' title='bbox 737 2428 789 2460; x_wconf 88' lang='lat' dir='ltr'><strong>IV,</strong></span> <span class='ocrx_word' id='word_1_275' title='bbox 809 2436 833 2454; x_wconf 88' lang='lat' dir='ltr'><strong>c.</strong></span> <span class='ocrx_word' id='word_1_276' title='bbox 854 2429 935 2460; x_wconf 83' lang='lat'><strong>263.)</strong></span> 
     </span>
    </p>
   </div>
   <div class='ocr_carea' id='block_1_7' title="bbox 118 2530 1130 3041">
    <p class='ocr_par' dir='ltr' id='par_1_7' title="bbox 118 2530 1130 3041">
     <span class='ocr_line' id='line_1_39' title="bbox 149 2530 1128 2568; baseline 0.003 -11"><span class='ocrx_word' id='word_1_277' title='bbox 149 2541 193 2564; x_wconf 76' lang='lat'><strong>«..‚</strong></span> <span class='ocrx_word' id='word_1_278' title='bbox 206 2530 312 2560; x_wconf 80' lang='lat' dir='ltr'><strong>abbati</strong></span> <span class='ocrx_word' id='word_1_279' title='bbox 320 2530 455 2568; x_wconf 80' lang='lat' dir='ltr'><strong>ejusdem</strong></span> <span class='ocrx_word' id='word_1_280' title='bbox 465 2531 655 2560; x_wconf 82' lang='lat' dir='ltr'><strong>monasterii.</strong></span> <span class='ocrx_word' id='word_1_281' title='bbox 665 2531 833 2560; x_wconf 89' lang='lat' dir='ltr'><strong>Habemur</strong></span> <span class='ocrx_word' id='word_1_282' title='bbox 842 2533 898 2560; x_wconf 87' lang='lat' dir='ltr'><strong>tue</strong></span> <span class='ocrx_word' id='word_1_283' title='bbox 907 2531 1128 2561; x_wconf 73' lang='lat' dir='ltr'><strong>devotionis--.</strong></span> 
     </span>
     <span class='ocr_line' id='line_1_40' title="bbox 120 2581 1130 2621; baseline 0.002 -10"><span class='ocrx_word' id='word_1_284' title='bbox 120 2581 199 2611; x_wconf 90' lang='lat' dir='ltr'><strong>Cum</strong></span> <span class='ocrx_word' id='word_1_285' title='bbox 227 2582 334 2621; x_wconf 86' lang='lat' dir='ltr'><strong>igitur,</strong></span> <span class='ocrx_word' id='word_1_286' title='bbox 364 2582 447 2612; x_wconf 85' lang='lat' dir='ltr'><strong>sicut</strong></span> <span class='ocrx_word' id='word_1_287' title='bbox 475 2583 566 2612; x_wconf 91' lang='lat' dir='ltr'><strong>nobis</strong></span> <span class='ocrx_word' id='word_1_288' title='bbox 594 2583 774 2621; x_wconf 85' lang='lat' dir='ltr'><strong>significare</strong></span> <span class='ocrx_word' id='word_1_289' title='bbox 803 2583 934 2617; x_wconf 82' lang='lat' dir='ltr'><strong>curasti,</strong></span> <span class='ocrx_word' id='word_1_290' title='bbox 963 2583 995 2612; x_wconf 94' lang='lat' dir='ltr'><strong>in</strong></span> <span class='ocrx_word' id='word_1_291' title='bbox 1025 2586 1130 2613; x_wconf 87' lang='lat' dir='ltr'><strong>statu-</strong></span> 
     </span>
     <span class='ocr_line' id='line_1_41' title="bbox 121 2635 1129 2674; baseline 0.002 -10"><span class='ocrx_word' id='word_1_292' title='bbox 121 2635 161 2664; x_wconf 79' lang='lat' dir='ltr'><strong>tis</strong></span> <span class='ocrx_word' id='word_1_293' title='bbox 195 2635 294 2665; x_wconf 86' lang='lat' dir='ltr'><strong>felicis</strong></span> <span class='ocrx_word' id='word_1_294' title='bbox 329 2635 559 2665; x_wconf 91' lang='lat' dir='ltr'><strong>recordationis</strong></span> <span class='ocrx_word' id='word_1_295' title='bbox 595 2635 736 2674; x_wconf 83' lang='lat' dir='ltr'><strong>Gregorii</strong></span> <span class='ocrx_word' id='word_1_296' title='bbox 771 2645 864 2674; x_wconf 88' lang='lat' dir='ltr'><strong>pape,</strong></span> <span class='ocrx_word' id='word_1_297' title='bbox 900 2636 1129 2674; x_wconf 89' lang='lat' dir='ltr'><strong>predecessoris</strong></span> 
     </span>
     <span class='ocr_line' id='line_1_42' title="bbox 120 2688 1130 2726; baseline 0.001 -9"><span class='ocrx_word' id='word_1_298' title='bbox 120 2688 231 2721; x_wconf 90' lang='lat' dir='ltr'><strong>nostri,</strong></span> <span class='ocrx_word' id='word_1_299' title='bbox 258 2697 353 2726; x_wconf 90' lang='lat' dir='ltr'><strong>super</strong></span> <span class='ocrx_word' id='word_1_300' title='bbox 378 2691 467 2717; x_wconf 87' lang='lat' dir='ltr'><strong>statu</strong></span> <span class='ocrx_word' id='word_1_301' title='bbox 494 2688 762 2718; x_wconf 86' lang='lat' dir='ltr'><strong>monasteriorum</strong></span> <span class='ocrx_word' id='word_1_302' title='bbox 789 2688 908 2718; x_wconf 86' lang='lat' dir='ltr'><strong>ordinis</strong></span> <span class='ocrx_word' id='word_1_303' title='bbox 936 2688 1045 2718; x_wconf 88' lang='lat' dir='ltr'><strong>Sancti</strong></span> <span class='ocrx_word' id='word_1_304' title='bbox 1069 2689 1130 2718; x_wconf 87' lang='lat' dir='ltr'><strong>Be-</strong></span> 
     </span>
     <span class='ocr_line' id='line_1_43' title="bbox 120 2741 1129 2780; baseline 0.001 -10"><span class='ocrx_word' id='word_1_305' title='bbox 120 2741 239 2770; x_wconf 90' lang='lat' dir='ltr'><strong>nedicti</strong></span> <span class='ocrx_word' id='word_1_306' title='bbox 257 2741 362 2775; x_wconf 89' lang='lat' dir='ltr'><strong>editis,</strong></span> <span class='ocrx_word' id='word_1_307' title='bbox 381 2741 446 2770; x_wconf 88' lang='lat' dir='ltr'><strong>sint</strong></span> <span class='ocrx_word' id='word_1_308' title='bbox 464 2741 617 2771; x_wconf 88' lang='lat' dir='ltr'><strong>nonnulla</strong></span> <span class='ocrx_word' id='word_1_309' title='bbox 636 2741 681 2771; x_wconf 90' lang='lat' dir='ltr'><strong>sic</strong></span> <span class='ocrx_word' id='word_1_310' title='bbox 698 2741 807 2779; x_wconf 87' lang='lat' dir='ltr'><strong>gravia</strong></span> <span class='ocrx_word' id='word_1_311' title='bbox 827 2742 912 2780; x_wconf 90' lang='lat' dir='ltr'><strong>quod</strong></span> <span class='ocrx_word' id='word_1_312' title='bbox 931 2741 987 2770; x_wconf 86' lang='lat' dir='ltr'><strong>vix</strong></span> <span class='ocrx_word' id='word_1_313' title='bbox 1005 2742 1129 2780; x_wconf 90' lang='lat' dir='ltr'><strong>possint</strong></span> 
     </span>
     <span class='ocr_line' id='line_1_44' title="bbox 119 2793 1130 2832; baseline -0.001 -9"><span class='ocrx_word' id='word_1_314' title='bbox 119 2803 175 2832; x_wconf 90' lang='lat' dir='ltr'><strong>per</strong></span> <span class='ocrx_word' id='word_1_315' title='bbox 201 2794 375 2824; x_wconf 88' lang='lat' dir='ltr'><strong>monachos</strong></span> <span class='ocrx_word' id='word_1_316' title='bbox 403 2793 480 2823; x_wconf 89' lang='lat' dir='ltr'><strong>dicti</strong></span> <span class='ocrx_word' id='word_1_317' title='bbox 507 2793 626 2823; x_wconf 90' lang='lat' dir='ltr'><strong>ordinis</strong></span> <span class='ocrx_word' id='word_1_318' title='bbox 653 2794 826 2827; x_wconf 90' lang='lat' dir='ltr'><strong>observari,</strong></span> <span class='ocrx_word' id='word_1_319' title='bbox 847 2794 938 2823; x_wconf 90' lang='lat' dir='ltr'><strong>nobis</strong></span> <span class='ocrx_word' id='word_1_320' title='bbox 966 2793 1130 2823; x_wconf 89' lang='lat' dir='ltr'><strong>humiliter</strong></span> 
     </span>
     <span class='ocr_line' id='line_1_45' title="bbox 119 2845 1129 2884; baseline 0 -10"><span class='ocrx_word' id='word_1_321' title='bbox 119 2846 307 2884; x_wconf 81' lang='lat' dir='ltr'><strong>supplicasti</strong></span> <span class='ocrx_word' id='word_1_322' title='bbox 331 2849 368 2875; x_wconf 89' lang='lat' dir='ltr'><strong>ut</strong></span> <span class='ocrx_word' id='word_1_323' title='bbox 390 2845 559 2884; x_wconf 86' lang='lat' dir='ltr'><strong>providere</strong></span> <span class='ocrx_word' id='word_1_324' title='bbox 582 2854 677 2883; x_wconf 91' lang='lat' dir='ltr'><strong>super</strong></span> <span class='ocrx_word' id='word_1_325' title='bbox 700 2846 759 2875; x_wconf 92' lang='lat' dir='ltr'><strong>hoc</strong></span> <span class='ocrx_word' id='word_1_326' title='bbox 782 2845 847 2874; x_wconf 91' lang='lat' dir='ltr'><strong>tuis</strong></span> <span class='ocrx_word' id='word_1_327' title='bbox 870 2846 1036 2875; x_wconf 86' lang='lat' dir='ltr'><strong>monachis</strong></span> <span class='ocrx_word' id='word_1_328' title='bbox 1080 2854 1129 2875; x_wconf 89' lang='lat' dir='ltr'><strong>sa-</strong></span> 
     </span>
     <span class='ocr_line' id='line_1_46' title="bbox 123 2898 1128 2937; baseline -0.001 -9"><span class='ocrx_word' id='word_1_329' title='bbox 123 2899 255 2928; x_wconf 86' lang='lat' dir='ltr'><strong>lubriter</strong></span> <span class='ocrx_word' id='word_1_330' title='bbox 281 2899 319 2928; x_wconf 91' lang='lat' dir='ltr'><strong>de</strong></span> <span class='ocrx_word' id='word_1_331' title='bbox 346 2899 467 2937; x_wconf 89' lang='lat' dir='ltr'><strong>pietate</strong></span> <span class='ocrx_word' id='word_1_332' title='bbox 494 2898 586 2927; x_wconf 82' lang='lat' dir='ltr'><strong>solita</strong></span> <span class='ocrx_word' id='word_1_333' title='bbox 615 2907 808 2928; x_wconf 88' lang='lat' dir='ltr'><strong>curaremus.</strong></span> <span class='ocrx_word' id='word_1_334' title='bbox 837 2898 902 2928; x_wconf 92' lang='lat' dir='ltr'><strong>Nos</strong></span> <span class='ocrx_word' id='word_1_335' title='bbox 929 2898 1036 2937; x_wconf 84' lang='lat' dir='ltr'><strong>igitur,</strong></span> <span class='ocrx_word' id='word_1_336' title='bbox 1064 2898 1128 2927; x_wconf 91' lang='lat' dir='ltr'><strong>tuis</strong></span> 
     </span>
     <span class='ocr_line' id='line_1_47' title="bbox 120 2950 1127 2989; baseline -0.001 -9"><span class='ocrx_word' id='word_1_337' title='bbox 120 2951 266 2989; x_wconf 87' lang='lat' dir='ltr'><strong>precibus</strong></span> <span class='ocrx_word' id='word_1_338' title='bbox 315 2950 536 2981; x_wconf 82' lang='lat' dir='ltr'><strong>favorabiliter</strong></span> <span class='ocrx_word' id='word_1_339' title='bbox 581 2953 770 2985; x_wconf 86' lang='lat' dir='ltr'><strong>annuentes,</strong></span> <span class='ocrx_word' id='word_1_340' title='bbox 816 2950 1020 2988; x_wconf 89' lang='lat' dir='ltr'><strong>dispensandi</strong></span> <span class='ocrx_word' id='word_1_341' title='bbox 1055 2959 1127 2979; x_wconf 89' lang='lat' dir='ltr'><strong>curn</strong></span> 
     </span>
     <span class='ocr_line' id='line_1_48' title="bbox 118 3003 1127 3041; baseline -0.001 -8"><span class='ocrx_word' id='word_1_342' title='bbox 118 3004 285 3034; x_wconf 85' lang='lat' dir='ltr'><strong>monachis</strong></span> <span class='ocrx_word' id='word_1_343' title='bbox 309 3003 447 3033; x_wconf 89' lang='lat' dir='ltr'><strong>subditis</strong></span> <span class='ocrx_word' id='word_1_344' title='bbox 470 3003 536 3032; x_wconf 90' lang='lat' dir='ltr'><strong>tuis</strong></span> <span class='ocrx_word' id='word_1_345' title='bbox 560 3012 655 3041; x_wconf 91' lang='lat' dir='ltr'><strong>super</strong></span> <span class='ocrx_word' id='word_1_346' title='bbox 679 3003 903 3032; x_wconf 89' lang='lat' dir='ltr'><strong>observatione</strong></span> <span class='ocrx_word' id='word_1_347' title='bbox 927 3005 1127 3032; x_wconf 88' lang='lat' dir='ltr'><strong>statutorum</strong></span> 
     </span>
    </p>
   </div>
   <div class='ocr_carea' id='block_1_8' title="bbox 1184 1372 1188 1887">
    <p class='ocr_par' dir='ltr' id='par_1_8' title="bbox 1184 1372 1188 1887">
     <span class='ocr_line' id='line_1_49' title="bbox 1184 1372 1188 1887; baseline 0 0"><span class='ocrx_word' id='word_1_348' title='bbox 1184 1372 1188 1887; x_wconf 95' lang='lat' dir='ltr'><strong> </strong></span> 
     </span>
    </p>
   </div>
   <div class='ocr_carea' id='block_1_9' title="bbox 1237 408 2249 762">
    <p class='ocr_par' dir='ltr' id='par_1_9' title="bbox 1237 408 2249 762">
     <span class='ocr_line' id='line_1_50' title="bbox 1238 408 2245 448; baseline 0.006 -11"><span class='ocrx_word' id='word_1_349' title='bbox 1238 408 1391 447; x_wconf 87' lang='lat' dir='ltr'><strong>ipsorum,</strong></span> <span class='ocrx_word' id='word_1_350' title='bbox 1421 419 1482 448; x_wconf 89' lang='lat' dir='ltr'><strong>que</strong></span> <span class='ocrx_word' id='word_1_351' title='bbox 1511 411 1549 439; x_wconf 93' lang='lat' dir='ltr'><strong>de</strong></span> <span class='ocrx_word' id='word_1_352' title='bbox 1577 411 1759 440; x_wconf 89' lang='lat' dir='ltr'><strong>substantia</strong></span> <span class='ocrx_word' id='word_1_353' title='bbox 1788 411 1907 441; x_wconf 91' lang='lat' dir='ltr'><strong>ordinis</strong></span> <span class='ocrx_word' id='word_1_354' title='bbox 1935 420 1999 441; x_wconf 93' lang='lat' dir='ltr'><strong>non</strong></span> <span class='ocrx_word' id='word_1_355' title='bbox 2027 412 2179 447; x_wconf 84' lang='lat' dir='ltr'><strong>existant,</strong></span> <span class='ocrx_word' id='word_1_356' title='bbox 2208 423 2245 443; x_wconf 89' lang='lat' dir='ltr'><strong>ac</strong></span> 
     </span>
     <span class='ocr_line' id='line_1_51' title="bbox 1238 461 2248 502; baseline 0.004 -12"><span class='ocrx_word' id='word_1_357' title='bbox 1238 461 1446 500; x_wconf 86' lang='lat' dir='ltr'><strong>impendendi</strong></span> <span class='ocrx_word' id='word_1_358' title='bbox 1471 462 1514 491; x_wconf 92' lang='lat' dir='ltr'><strong>eis</strong></span> <span class='ocrx_word' id='word_1_359' title='bbox 1540 463 1595 501; x_wconf 92' lang='lat' dir='ltr'><strong>qui</strong></span> <span class='ocrx_word' id='word_1_360' title='bbox 1619 463 1740 492; x_wconf 77' lang='lat' dir='ltr'><strong>fuerint</strong></span> <span class='ocrx_word' id='word_1_361' title='bbox 1764 464 1875 493; x_wconf 90' lang='lat' dir='ltr'><strong>eadem</strong></span> <span class='ocrx_word' id='word_1_362' title='bbox 1901 466 2026 493; x_wconf 89' lang='lat' dir='ltr'><strong>statuta</strong></span> <span class='ocrx_word' id='word_1_363' title='bbox 2060 465 2248 502; x_wconf 82' lang='lat' dir='ltr'><strong>transgressi</strong></span> 
     </span>
     <span class='ocr_line' id='line_1_52' title="bbox 1241 514 2249 554; baseline 0.003 -11"><span class='ocrx_word' id='word_1_364' title='bbox 1241 514 1454 552; x_wconf 86' lang='lat' dir='ltr'><strong>penitentiam</strong></span> <span class='ocrx_word' id='word_1_365' title='bbox 1473 515 1657 549; x_wconf 86' lang='lat' dir='ltr'><strong>salutarem,</strong></span> <span class='ocrx_word' id='word_1_366' title='bbox 1680 516 1856 545; x_wconf 89' lang='lat' dir='ltr'><strong>dummodo</strong></span> <span class='ocrx_word' id='word_1_367' title='bbox 1883 516 1960 545; x_wconf 91' lang='lat' dir='ltr'><strong>alias</strong></span> <span class='ocrx_word' id='word_1_368' title='bbox 1988 526 2044 554; x_wconf 89' lang='lat' dir='ltr'><strong>per</strong></span> <span class='ocrx_word' id='word_1_369' title='bbox 2077 526 2130 546; x_wconf 90' lang='lat' dir='ltr'><strong>eos</strong></span> <span class='ocrx_word' id='word_1_370' title='bbox 2155 517 2249 546; x_wconf 89' lang='lat' dir='ltr'><strong>Beati</strong></span> 
     </span>
     <span class='ocr_line' id='line_1_53' title="bbox 1237 567 2249 606; baseline 0.002 -10"><span class='ocrx_word' id='word_1_371' title='bbox 1237 567 1404 597; x_wconf 88' lang='lat' dir='ltr'><strong>Benedicti</strong></span> <span class='ocrx_word' id='word_1_372' title='bbox 1434 568 1540 606; x_wconf 85' lang='lat' dir='ltr'><strong>regula</strong></span> <span class='ocrx_word' id='word_1_373' title='bbox 1570 568 1774 598; x_wconf 88' lang='lat' dir='ltr'><strong>laudabiliter</strong></span> <span class='ocrx_word' id='word_1_374' title='bbox 1804 569 2001 602; x_wconf 90' lang='lat' dir='ltr'><strong>observetur,</strong></span> <span class='ocrx_word' id='word_1_375' title='bbox 2031 569 2164 598; x_wconf 90' lang='lat' dir='ltr'><strong>liberam</strong></span> <span class='ocrx_word' id='word_1_376' title='bbox 2190 570 2249 598; x_wconf 93' lang='lat' dir='ltr'><strong>tibi</strong></span> 
     </span>
     <span class='ocr_line' id='line_1_54' title="bbox 1239 621 2247 658; baseline 0.001 -9"><span class='ocrx_word' id='word_1_377' title='bbox 1239 621 1435 650; x_wconf 89' lang='lat' dir='ltr'><strong>auctoritate</strong></span> <span class='ocrx_word' id='word_1_378' title='bbox 1465 621 1662 658; x_wconf 88' lang='lat' dir='ltr'><strong>presentium</strong></span> <span class='ocrx_word' id='word_1_379' title='bbox 1693 621 1897 650; x_wconf 86' lang='lat' dir='ltr'><strong>concedimus</strong></span> <span class='ocrx_word' id='word_1_380' title='bbox 1928 621 2129 651; x_wconf 82' lang='lat' dir='ltr'><strong>facultatem.</strong></span> <span class='ocrx_word' id='word_1_381' title='bbox 2161 622 2247 650; x_wconf 93' lang='lat' dir='ltr'><strong>Nulli</strong></span> 
     </span>
     <span class='ocr_line' id='line_1_55' title="bbox 1240 673 2249 712; baseline 0.001 -10"><span class='ocrx_word' id='word_1_382' title='bbox 1240 676 1347 702; x_wconf 89' lang='lat' dir='ltr'><strong>nostre</strong></span> <span class='ocrx_word' id='word_1_383' title='bbox 1387 673 1597 702; x_wconf 88' lang='lat' dir='ltr'><strong>concessionis</strong></span> <span class='ocrx_word' id='word_1_384' title='bbox 1648 675 1708 702; x_wconf 88' lang='lat' dir='ltr'><strong>etc.</strong></span> <span class='ocrx_word' id='word_1_385' title='bbox 1752 674 1827 703; x_wconf 89' lang='lat' dir='ltr'><strong>Dat.</strong></span> <span class='ocrx_word' id='word_1_386' title='bbox 1868 675 2023 712; x_wconf 85' lang='lat' dir='ltr'><strong>Anagnie‚</strong></span> <span class='ocrx_word' id='word_1_387' title='bbox 2068 674 2098 703; x_wconf 92' lang='lat' dir='ltr'><strong>II</strong></span> <span class='ocrx_word' id='word_1_388' title='bbox 2147 683 2249 703; x_wconf 89' lang='lat' dir='ltr'><strong>nonas</strong></span> 
     </span>
     <span class='ocr_line' id='line_1_56' title="bbox 1241 725 1740 762; baseline -0.004 -8"><span class='ocrx_word' id='word_1_389' title='bbox 1241 725 1427 759; x_wconf 88' lang='lat' dir='ltr'><strong>decembris,</strong></span> <span class='ocrx_word' id='word_1_390' title='bbox 1457 734 1541 754; x_wconf 93' lang='lat' dir='ltr'><strong>anno</strong></span> <span class='ocrx_word' id='word_1_391' title='bbox 1571 727 1697 762; x_wconf 91' lang='lat' dir='ltr'><strong>quarto.</strong></span> <span class='ocrx_word' id='word_1_392' title='bbox 1729 738 1740 751; x_wconf 66' lang='lat' dir='ltr'><em>n</em></span> 
     </span>
    </p>
   </div>
   <div class='ocr_carea' id='block_1_10' title="bbox 1320 915 2163 948">
    <p class='ocr_par' dir='ltr' id='par_1_10' title="bbox 1320 915 2163 948">
     <span class='ocr_line' id='line_1_57' title="bbox 1320 915 2163 948; baseline -0.002 -6"><span class='ocrx_word' id='word_1_393' title='bbox 1320 917 1409 943; x_wconf 88' lang='grc'><strong>2708</strong></span> <span class='ocrx_word' id='word_1_394' title='bbox 1717 916 1851 948; x_wconf 85' lang='lat' dir='ltr'><strong>Anagni‚</strong></span> <span class='ocrx_word' id='word_1_395' title='bbox 1866 915 1883 940; x_wconf 79' lang='lat'>4</span> <span class='ocrx_word' id='word_1_396' title='bbox 1900 915 2061 941; x_wconf 77' lang='lat' dir='ltr'><strong>decembre</strong></span> <span class='ocrx_word' id='word_1_397' title='bbox 2077 916 2163 942; x_wconf 84' lang='lat'><strong>1258.</strong></span> 
     </span>
    </p>
   </div>
   <div class='ocr_carea' id='block_1_11' title="bbox 1240 968 2250 1082">
    <p class='ocr_par' dir='ltr' id='par_1_11' title="bbox 1240 968 2250 1082">
     <span class='ocr_line' id='line_1_58' title="bbox 1281 968 2250 1001; baseline 0 -6"><span class='ocrx_word' id='word_1_398' title='bbox 1281 969 1393 995; x_wconf 88' lang='lat' dir='ltr'><strong>Eidem</strong></span> <span class='ocrx_word' id='word_1_399' title='bbox 1431 969 1540 995; x_wconf 89' lang='lat' dir='ltr'><strong>abbati</strong></span> <span class='ocrx_word' id='word_1_400' title='bbox 1578 968 1796 995; x_wconf 88' lang='lat' dir='ltr'><strong>commutandi</strong></span> <span class='ocrx_word' id='word_1_401' title='bbox 1834 975 1950 1001; x_wconf 90' lang='lat' dir='ltr'><strong>poenas</strong></span> <span class='ocrx_word' id='word_1_402' title='bbox 1987 969 2149 994; x_wconf 89' lang='lat' dir='ltr'><strong>monachis</strong></span> <span class='ocrx_word' id='word_1_403' title='bbox 2187 970 2250 995; x_wconf 91' lang='lat' dir='ltr'><strong>suis</strong></span> 
     </span>
     <span class='ocr_line' id='line_1_59' title="bbox 1240 1007 2250 1042; baseline -0.002 -7"><span class='ocrx_word' id='word_1_404' title='bbox 1240 1009 1345 1042; x_wconf 88' lang='lat' dir='ltr'><strong>eisque</strong></span> <span class='ocrx_word' id='word_1_405' title='bbox 1359 1009 1512 1042; x_wconf 84' lang='lat' dir='ltr'><strong>quasdam</strong></span> <span class='ocrx_word' id='word_1_406' title='bbox 1526 1008 1775 1041; x_wconf 88' lang='lat' dir='ltr'><strong>dispensationes</strong></span> <span class='ocrx_word' id='word_1_407' title='bbox 1789 1007 1885 1033; x_wconf 88' lang='lat' dir='ltr'><strong>dandi</strong></span> <span class='ocrx_word' id='word_1_408' title='bbox 1897 1007 2083 1033; x_wconf 81' lang='lat' dir='ltr'><strong>facultatem</strong></span> <span class='ocrx_word' id='word_1_409' title='bbox 2097 1009 2250 1035; x_wconf 85' lang='lat' dir='ltr'><strong>concedit.</strong></span> 
     </span>
     <span class='ocr_line' id='line_1_60' title="bbox 1240 1047 1918 1082; baseline -0.006 -7"><span class='ocrx_word' id='word_1_410' title='bbox 1240 1048 1337 1082; x_wconf 68' lang='grc' dir='ltr'><strong>(ΗΕΘ.</strong></span> <span class='ocrx_word' id='word_1_411' title='bbox 1362 1049 1410 1080; x_wconf 88' lang='grc'><strong>25,</strong></span> <span class='ocrx_word' id='word_1_412' title='bbox 1434 1048 1455 1073; x_wconf 85' lang='grc'><strong>1.</strong></span> <span class='ocrx_word' id='word_1_413' title='bbox 1482 1048 1536 1074; x_wconf 89' lang='grc'><strong>161</strong></span> <span class='ocrx_word' id='word_1_414' title='bbox 1562 1051 1608 1078; x_wconf 71' lang='lat' dir='ltr'><strong>VO,</strong></span> <span class='ocrx_word' id='word_1_415' title='bbox 1633 1055 1682 1073; x_wconf 88' lang='lat' dir='ltr'><strong>an.</strong></span> <span class='ocrx_word' id='word_1_416' title='bbox 1711 1047 1762 1078; x_wconf 87' lang='lat' dir='ltr'><strong>IV,</strong></span> <span class='ocrx_word' id='word_1_417' title='bbox 1787 1054 1811 1073; x_wconf 90' lang='lat' dir='ltr'><strong>c.</strong></span> <span class='ocrx_word' id='word_1_418' title='bbox 1837 1047 1918 1079; x_wconf 84' lang='lat'><strong>265.)</strong></span> 
     </span>
    </p>
   </div>
   <div class='ocr_carea' id='block_1_12' title="bbox 1238 1136 2253 1802">
    <p class='ocr_par' dir='ltr' id='par_1_12' title="bbox 1238 1136 2253 1802">
     <span class='ocr_line' id='line_1_61' title="bbox 1282 1136 2251 1175; baseline -0.001 -8"><span class='ocrx_word' id='word_1_419' title='bbox 1282 1150 1293 1164; x_wconf 86' lang='lat'>«</span> <span class='ocrx_word' id='word_1_420' title='bbox 1312 1138 1423 1167; x_wconf 83' lang='lat' dir='ltr'><strong>Eidem</strong></span> <span class='ocrx_word' id='word_1_421' title='bbox 1444 1137 1560 1166; x_wconf 76' lang='lat' dir='ltr'><strong>abbati.</strong></span> <span class='ocrx_word' id='word_1_422' title='bbox 1581 1137 1653 1166; x_wconf 89' lang='lat' dir='ltr'><strong>Hiis</strong></span> <span class='ocrx_word' id='word_1_423' title='bbox 1672 1146 1734 1175; x_wconf 89' lang='lat' dir='ltr'><strong>que</strong></span> <span class='ocrx_word' id='word_1_424' title='bbox 1754 1136 1814 1165; x_wconf 91' lang='lat' dir='ltr'><strong>tibi</strong></span> <span class='ocrx_word' id='word_1_425' title='bbox 1834 1136 1959 1174; x_wconf 88' lang='lat' dir='ltr'><strong>placida</strong></span> <span class='ocrx_word' id='word_1_426' title='bbox 1979 1138 2011 1165; x_wconf 90' lang='lat' dir='ltr'><strong>et</strong></span> <span class='ocrx_word' id='word_1_427' title='bbox 2030 1136 2094 1165; x_wconf 91' lang='lat' dir='ltr'><strong>tuis</strong></span> <span class='ocrx_word' id='word_1_428' title='bbox 2114 1137 2251 1166; x_wconf 90' lang='lat' dir='ltr'><strong>subditis</strong></span> 
     </span>
     <span class='ocr_line' id='line_1_62' title="bbox 1239 1188 2244 1229; baseline -0.003 -10"><span class='ocrx_word' id='word_1_429' title='bbox 1239 1190 1408 1229; x_wconf 82' lang='lat' dir='ltr'><strong>profutura</strong></span> <span class='ocrx_word' id='word_1_430' title='bbox 1435 1189 1583 1219; x_wconf 87' lang='lat' dir='ltr'><strong>novimus</strong></span> <span class='ocrx_word' id='word_1_431' title='bbox 1609 1189 1745 1218; x_wconf 89' lang='lat' dir='ltr'><strong>libenter</strong></span> <span class='ocrx_word' id='word_1_432' title='bbox 1769 1188 1937 1226; x_wconf 88' lang='lat' dir='ltr'><strong>apostolici</strong></span> <span class='ocrx_word' id='word_1_433' title='bbox 1962 1188 2082 1217; x_wconf 86' lang='lat' dir='ltr'><strong>favoris</strong></span> <span class='ocrx_word' id='word_1_434' title='bbox 2106 1188 2244 1226; x_wconf 87' lang='lat' dir='ltr'><strong>gratiam</strong></span> 
     </span>
     <span class='ocr_line' id='line_1_63' title="bbox 1238 1240 2246 1281; baseline -0.004 -9"><span class='ocrx_word' id='word_1_435' title='bbox 1238 1242 1450 1281; x_wconf 87' lang='lat' dir='ltr'><strong>impertimur.</strong></span> <span class='ocrx_word' id='word_1_436' title='bbox 1478 1242 1562 1271; x_wconf 90' lang='lat' dir='ltr'><strong>Hinc</strong></span> <span class='ocrx_word' id='word_1_437' title='bbox 1587 1243 1635 1270; x_wconf 89' lang='lat' dir='ltr'><strong>est</strong></span> <span class='ocrx_word' id='word_1_438' title='bbox 1661 1241 1747 1279; x_wconf 90' lang='lat' dir='ltr'><strong>quod</strong></span> <span class='ocrx_word' id='word_1_439' title='bbox 1774 1250 1841 1274; x_wconf 78' lang='lat' dir='ltr'><strong>nos,</strong></span> <span class='ocrx_word' id='word_1_440' title='bbox 1867 1241 1932 1269; x_wconf 91' lang='lat' dir='ltr'><strong>tuis</strong></span> <span class='ocrx_word' id='word_1_441' title='bbox 1957 1240 2246 1278; x_wconf 87' lang='lat' dir='ltr'><strong>supplicationibus</strong></span> 
     </span>
     <span class='ocr_line' id='line_1_64' title="bbox 1239 1293 2251 1333; baseline -0.004 -8"><span class='ocrx_word' id='word_1_442' title='bbox 1239 1295 1407 1333; x_wconf 86' lang='lat' dir='ltr'><strong>benignius</strong></span> <span class='ocrx_word' id='word_1_443' title='bbox 1435 1296 1624 1327; x_wconf 88' lang='lat' dir='ltr'><strong>annuentes,</strong></span> <span class='ocrx_word' id='word_1_444' title='bbox 1664 1293 1886 1323; x_wconf 91' lang='lat' dir='ltr'><strong>commutandi</strong></span> <span class='ocrx_word' id='word_1_445' title='bbox 1923 1301 2032 1331; x_wconf 88' lang='lat' dir='ltr'><strong>penas,</strong></span> <span class='ocrx_word' id='word_1_446' title='bbox 2070 1293 2095 1321; x_wconf 93' lang='lat' dir='ltr'><strong>si</strong></span> <span class='ocrx_word' id='word_1_447' title='bbox 2141 1295 2251 1322; x_wconf 89' lang='lat' dir='ltr'><strong>tamen</strong></span> 
     </span>
     <span class='ocr_line' id='line_1_65' title="bbox 1239 1345 2253 1387; baseline -0.004 -9"><span class='ocrx_word' id='word_1_448' title='bbox 1239 1356 1352 1387; x_wconf 85' lang='lat' dir='ltr'><strong>graves</strong></span> <span class='ocrx_word' id='word_1_449' title='bbox 1374 1356 1437 1377; x_wconf 89' lang='lat' dir='ltr'><strong>non</strong></span> <span class='ocrx_word' id='word_1_450' title='bbox 1459 1347 1533 1381; x_wconf 90' lang='lat' dir='ltr'><strong>sint,</strong></span> <span class='ocrx_word' id='word_1_451' title='bbox 1556 1346 1721 1375; x_wconf 90' lang='lat' dir='ltr'><strong>monachis</strong></span> <span class='ocrx_word' id='word_1_452' title='bbox 1741 1346 1817 1379; x_wconf 89' lang='lat' dir='ltr'><strong>tuis,</strong></span> <span class='ocrx_word' id='word_1_453' title='bbox 1847 1346 1873 1375; x_wconf 93' lang='lat' dir='ltr'><strong>si</strong></span> <span class='ocrx_word' id='word_1_454' title='bbox 1894 1345 2111 1375; x_wconf 88' lang='lat' dir='ltr'><strong>commiserint</strong></span> <span class='ocrx_word' id='word_1_455' title='bbox 2143 1346 2253 1375; x_wconf 89' lang='lat' dir='ltr'><strong>taliter</strong></span> 
     </span>
     <span class='ocr_line' id='line_1_66' title="bbox 1240 1398 2249 1436; baseline -0.003 -6"><span class='ocrx_word' id='word_1_456' title='bbox 1240 1401 1290 1430; x_wconf 89' lang='lat' dir='ltr'><strong>vel</strong></span> <span class='ocrx_word' id='word_1_457' title='bbox 1318 1400 1527 1429; x_wconf 89' lang='lat' dir='ltr'><strong>committant</strong></span> <span class='ocrx_word' id='word_1_458' title='bbox 1552 1399 1601 1427; x_wconf 89' lang='lat' dir='ltr'><strong>vel</strong></span> <span class='ocrx_word' id='word_1_459' title='bbox 1629 1398 1785 1427; x_wconf 88' lang='lat' dir='ltr'><strong>sustinere</strong></span> <span class='ocrx_word' id='word_1_460' title='bbox 1813 1399 1952 1427; x_wconf 88' lang='lat' dir='ltr'><strong>debeant</strong></span> <span class='ocrx_word' id='word_1_461' title='bbox 1978 1406 2076 1436; x_wconf 89' lang='lat' dir='ltr'><strong>penas</strong></span> <span class='ocrx_word' id='word_1_462' title='bbox 2103 1398 2249 1436; x_wconf 90' lang='lat' dir='ltr'><strong>adjectas</strong></span> 
     </span>
     <span class='ocr_line' id='line_1_67' title="bbox 1239 1450 2253 1491; baseline -0.004 -9"><span class='ocrx_word' id='word_1_463' title='bbox 1239 1453 1272 1482; x_wconf 92' lang='lat' dir='ltr'><strong>in</strong></span> <span class='ocrx_word' id='word_1_464' title='bbox 1284 1452 1471 1491; x_wconf 89' lang='lat' dir='ltr'><strong>Apostolice</strong></span> <span class='ocrx_word' id='word_1_465' title='bbox 1487 1451 1578 1481; x_wconf 91' lang='lat' dir='ltr'><strong>Sedis</strong></span> <span class='ocrx_word' id='word_1_466' title='bbox 1593 1451 1738 1485; x_wconf 84' lang='lat' dir='ltr'><strong>statutis,</strong></span> <span class='ocrx_word' id='word_1_467' title='bbox 1750 1459 1787 1480; x_wconf 88' lang='lat' dir='ltr'><strong>ac</strong></span> <span class='ocrx_word' id='word_1_468' title='bbox 1802 1450 2011 1488; x_wconf 89' lang='lat' dir='ltr'><strong>dispensandi</strong></span> <span class='ocrx_word' id='word_1_469' title='bbox 2023 1458 2095 1479; x_wconf 90' lang='lat' dir='ltr'><strong>cum</strong></span> <span class='ocrx_word' id='word_1_470' title='bbox 2107 1450 2150 1479; x_wconf 92' lang='lat' dir='ltr'><strong>eis</strong></span> <span class='ocrx_word' id='word_1_471' title='bbox 2159 1459 2253 1488; x_wconf 91' lang='lat' dir='ltr'><strong>super</strong></span> 
     </span>
     <span class='ocr_line' id='line_1_68' title="bbox 1241 1501 2250 1540; baseline -0.004 -6"><span class='ocrx_word' id='word_1_472' title='bbox 1241 1504 1466 1534; x_wconf 78' lang='lat' dir='ltr'><strong>observatione</strong></span> <span class='ocrx_word' id='word_1_473' title='bbox 1497 1504 1697 1532; x_wconf 69' lang='lat' dir='ltr'><strong>statutorum</strong></span> <span class='ocrx_word' id='word_1_474' title='bbox 1728 1502 1871 1540; x_wconf 89' lang='lat' dir='ltr'><strong>ipsorum</strong></span> <span class='ocrx_word' id='word_1_475' title='bbox 1903 1510 1965 1539; x_wconf 88' lang='lat' dir='ltr'><strong>que</strong></span> <span class='ocrx_word' id='word_1_476' title='bbox 1997 1502 2034 1530; x_wconf 91' lang='lat' dir='ltr'><strong>de</strong></span> <span class='ocrx_word' id='word_1_477' title='bbox 2066 1501 2250 1531; x_wconf 88' lang='lat' dir='ltr'><strong>substantia</strong></span> 
     </span>
     <span class='ocr_line' id='line_1_69' title="bbox 1240 1554 2252 1592; baseline -0.003 -5"><span class='ocrx_word' id='word_1_478' title='bbox 1240 1557 1359 1587; x_wconf 82' lang='lat' dir='ltr'><strong>ordinis</strong></span> <span class='ocrx_word' id='word_1_479' title='bbox 1388 1565 1451 1585; x_wconf 93' lang='lat' dir='ltr'><strong>non</strong></span> <span class='ocrx_word' id='word_1_480' title='bbox 1490 1555 1646 1589; x_wconf 86' lang='lat' dir='ltr'><strong>existunt,</strong></span> <span class='ocrx_word' id='word_1_481' title='bbox 1676 1564 1799 1584; x_wconf 86' lang='lat' dir='ltr'><strong>necnon</strong></span> <span class='ocrx_word' id='word_1_482' title='bbox 1840 1563 1935 1592; x_wconf 92' lang='lat' dir='ltr'><strong>super</strong></span> <span class='ocrx_word' id='word_1_483' title='bbox 1962 1554 2252 1592; x_wconf 86' lang='lat' dir='ltr'><strong>irregularitatibus</strong></span> 
     </span>
     <span class='ocr_line' id='line_1_70' title="bbox 1239 1605 2252 1648; baseline -0.005 -9"><span class='ocrx_word' id='word_1_484' title='bbox 1239 1609 1348 1648; x_wconf 89' lang='lat' dir='ltr'><strong>siquas</strong></span> <span class='ocrx_word' id='word_1_485' title='bbox 1370 1608 1445 1637; x_wconf 90' lang='lat' dir='ltr'><strong>inde</strong></span> <span class='ocrx_word' id='word_1_486' title='bbox 1468 1606 1699 1640; x_wconf 88' lang='lat' dir='ltr'><strong>contraxerint,</strong></span> <span class='ocrx_word' id='word_1_487' title='bbox 1723 1607 1857 1636; x_wconf 90' lang='lat' dir='ltr'><strong>liberam</strong></span> <span class='ocrx_word' id='word_1_488' title='bbox 1879 1607 1950 1639; x_wconf 88' lang='lat' dir='ltr'><strong>tibi,</strong></span> <span class='ocrx_word' id='word_1_489' title='bbox 1975 1606 2151 1635; x_wconf 90' lang='lat' dir='ltr'><strong>dummodo</strong></span> <span class='ocrx_word' id='word_1_490' title='bbox 2174 1605 2252 1635; x_wconf 89' lang='lat' dir='ltr'><strong>alias</strong></span> 
     </span>
     <span class='ocr_line' id='line_1_71' title="bbox 1239 1658 2251 1700; baseline -0.004 -9"><span class='ocrx_word' id='word_1_491' title='bbox 1239 1671 1295 1700; x_wconf 92' lang='lat' dir='ltr'><strong>per</strong></span> <span class='ocrx_word' id='word_1_492' title='bbox 1313 1670 1366 1690; x_wconf 88' lang='lat' dir='ltr'><strong>eos</strong></span> <span class='ocrx_word' id='word_1_493' title='bbox 1383 1660 1477 1690; x_wconf 85' lang='lat' dir='ltr'><strong>Beati</strong></span> <span class='ocrx_word' id='word_1_494' title='bbox 1500 1659 1669 1688; x_wconf 84' lang='lat' dir='ltr'><strong>Benedicti</strong></span> <span class='ocrx_word' id='word_1_495' title='bbox 1694 1659 1801 1697; x_wconf 75' lang='lat' dir='ltr'><strong>regula</strong></span> <span class='ocrx_word' id='word_1_496' title='bbox 1827 1658 2033 1688; x_wconf 86' lang='lat' dir='ltr'><strong>laudabiliter</strong></span> <span class='ocrx_word' id='word_1_497' title='bbox 2051 1659 2251 1693; x_wconf 87' lang='lat' dir='ltr'><strong>observetur,</strong></span> 
     </span>
     <span class='ocr_line' id='line_1_72' title="bbox 1239 1711 2251 1750; baseline -0.005 -6"><span class='ocrx_word' id='word_1_498' title='bbox 1239 1714 1435 1744; x_wconf 85' lang='lat' dir='ltr'><strong>auctoritate</strong></span> <span class='ocrx_word' id='word_1_499' title='bbox 1472 1712 1532 1742; x_wconf 86' lang='lat' dir='ltr'><strong>tibi</strong></span> <span class='ocrx_word' id='word_1_500' title='bbox 1570 1712 1767 1750; x_wconf 88' lang='lat' dir='ltr'><strong>presentium</strong></span> <span class='ocrx_word' id='word_1_501' title='bbox 1806 1711 2010 1741; x_wconf 88' lang='lat' dir='ltr'><strong>concedimus</strong></span> <span class='ocrx_word' id='word_1_502' title='bbox 2047 1711 2251 1740; x_wconf 83' lang='lat' dir='ltr'><strong>facultatem-</strong></span> 
     </span>
     <span class='ocr_line' id='line_1_73' title="bbox 1238 1764 2090 1802; baseline -0.007 -5"><span class='ocrx_word' id='word_1_503' title='bbox 1238 1767 1326 1796; x_wconf 92' lang='lat' dir='ltr'><strong>Nulli</strong></span> <span class='ocrx_word' id='word_1_504' title='bbox 1349 1768 1457 1796; x_wconf 89' lang='lat' dir='ltr'><strong>nostre</strong></span> <span class='ocrx_word' id='word_1_505' title='bbox 1480 1764 1691 1794; x_wconf 88' lang='lat' dir='ltr'><strong>concessionis</strong></span> <span class='ocrx_word' id='word_1_506' title='bbox 1714 1767 1774 1793; x_wconf 89' lang='lat' dir='ltr'><strong>etc.</strong></span> <span class='ocrx_word' id='word_1_507' title='bbox 1799 1765 1865 1793; x_wconf 84' lang='lat' dir='ltr'><strong>Dat</strong></span> <span class='ocrx_word' id='word_1_508' title='bbox 1888 1766 1925 1793; x_wconf 88' lang='lat' dir='ltr'><strong>ut</strong></span> <span class='ocrx_word' id='word_1_509' title='bbox 1947 1772 2054 1802; x_wconf 87' lang='lat' dir='ltr'><strong>supra.</strong></span> <span class='ocrx_word' id='word_1_510' title='bbox 2079 1775 2090 1789; x_wconf 70' lang='grc' dir='ltr'><strong>υ</strong></span> 
     </span>
    </p>
   </div>
   <div class='ocr_carea' id='block_1_13' title="bbox 1321 1941 2171 1975">
    <p class='ocr_par' dir='ltr' id='par_1_13' title="bbox 1321 1941 2171 1975">
     <span class='ocr_line' id='line_1_74' title="bbox 1321 1941 2171 1975; baseline -0.005 -5"><span class='ocrx_word' id='word_1_511' title='bbox 1321 1944 1413 1970; x_wconf 85' lang='grc'><strong>2709</strong></span> <span class='ocrx_word' id='word_1_512' title='bbox 1728 1942 1863 1975; x_wconf 86' lang='lat' dir='ltr'><strong>Anagni,</strong></span> <span class='ocrx_word' id='word_1_513' title='bbox 1876 1942 1893 1968; x_wconf 90' lang='lat'>2</span> <span class='ocrx_word' id='word_1_514' title='bbox 1907 1941 2070 1968; x_wconf 79' lang='lat' dir='ltr'><strong>decembre</strong></span> <span class='ocrx_word' id='word_1_515' title='bbox 2083 1941 2171 1967; x_wconf 83' lang='lat'><strong>1258.</strong></span> 
     </span>
    </p>
   </div>
   <div class='ocr_carea' id='block_1_14' title="bbox 1239 1994 2252 2267">
    <p class='ocr_par' dir='ltr' id='par_1_14' title="bbox 1239 1994 2252 2267">
     <span class='ocr_line' id='line_1_75' title="bbox 1282 1994 2252 2024; baseline -0.004 -1"><span class='ocrx_word' id='word_1_516' title='bbox 1282 1998 1311 2024; x_wconf 89' lang='lat' dir='ltr'><strong>S.</strong></span> <span class='ocrx_word' id='word_1_517' title='bbox 1333 1997 1444 2023; x_wconf 89' lang='lat' dir='ltr'><strong>Felicis</strong></span> <span class='ocrx_word' id='word_1_518' title='bbox 1462 1996 1669 2023; x_wconf 90' lang='lat' dir='ltr'><strong>Bononiensis</strong></span> <span class='ocrx_word' id='word_1_519' title='bbox 1686 1997 1717 2022; x_wconf 91' lang='lat' dir='ltr'><strong>et</strong></span> <span class='ocrx_word' id='word_1_520' title='bbox 1735 1995 1764 2021; x_wconf 91' lang='lat' dir='ltr'><strong>S.</strong></span> <span class='ocrx_word' id='word_1_521' title='bbox 1785 1995 1870 2021; x_wconf 84' lang='lat' dir='ltr'><strong>Petri</strong></span> <span class='ocrx_word' id='word_1_522' title='bbox 1891 1995 1928 2020; x_wconf 90' lang='lat' dir='ltr'><strong>de</strong></span> <span class='ocrx_word' id='word_1_523' title='bbox 1948 1994 2075 2020; x_wconf 90' lang='lat' dir='ltr'><strong>Perusio</strong></span> <span class='ocrx_word' id='word_1_524' title='bbox 2095 1995 2252 2020; x_wconf 90' lang='lat' dir='ltr'><strong>monaste-</strong></span> 
     </span>
     <span class='ocr_line' id='line_1_76' title="bbox 1241 2033 2252 2066; baseline -0.004 -3"><span class='ocrx_word' id='word_1_525' title='bbox 1241 2037 1358 2063; x_wconf 90' lang='lat' dir='ltr'><strong>riorum</strong></span> <span class='ocrx_word' id='word_1_526' title='bbox 1379 2036 1549 2063; x_wconf 88' lang='lat' dir='ltr'><strong>abbatibus</strong></span> <span class='ocrx_word' id='word_1_527' title='bbox 1564 2036 1698 2062; x_wconf 87' lang='lat' dir='ltr'><strong>mandat</strong></span> <span class='ocrx_word' id='word_1_528' title='bbox 1712 2037 1747 2061; x_wconf 90' lang='lat' dir='ltr'><strong>ut</strong></span> <span class='ocrx_word' id='word_1_529' title='bbox 1763 2035 1905 2065; x_wconf 84' lang='lat' dir='ltr'><strong>abbates,</strong></span> <span class='ocrx_word' id='word_1_530' title='bbox 1922 2034 2110 2065; x_wconf 87' lang='lat' dir='ltr'><strong>abbatissas,</strong></span> <span class='ocrx_word' id='word_1_531' title='bbox 2135 2033 2252 2066; x_wconf 90' lang='lat' dir='ltr'><strong>priores</strong></span> 
     </span>
     <span class='ocr_line' id='line_1_77' title="bbox 1241 2072 2252 2111; baseline -0.005 -8"><span class='ocrx_word' id='word_1_532' title='bbox 1241 2078 1273 2103; x_wconf 89' lang='lat' dir='ltr'><strong>et</strong></span> <span class='ocrx_word' id='word_1_533' title='bbox 1288 2078 1473 2106; x_wconf 80' lang='lat' dir='ltr'><strong>conventus,</strong></span> <span class='ocrx_word' id='word_1_534' title='bbox 1492 2076 1604 2102; x_wconf 81' lang='lat' dir='ltr'><strong>fratres</strong></span> <span class='ocrx_word' id='word_1_535' title='bbox 1623 2076 1654 2101; x_wconf 89' lang='lat' dir='ltr'><strong>et</strong></span> <span class='ocrx_word' id='word_1_536' title='bbox 1678 2081 1797 2111; x_wconf 83' lang='lat' dir='ltr'><strong>sorores</strong></span> <span class='ocrx_word' id='word_1_537' title='bbox 1816 2073 2063 2101; x_wconf 89' lang='lat' dir='ltr'><strong>Camaldulensis</strong></span> <span class='ocrx_word' id='word_1_538' title='bbox 2085 2073 2202 2099; x_wconf 91' lang='lat' dir='ltr'><strong>ordinis</strong></span> <span class='ocrx_word' id='word_1_539' title='bbox 2220 2072 2252 2099; x_wconf 93' lang='lat' dir='ltr'><strong>in</strong></span> 
     </span>
     <span class='ocr_line' id='line_1_78' title="bbox 1240 2112 2251 2150; baseline -0.004 -8"><span class='ocrx_word' id='word_1_540' title='bbox 1240 2117 1380 2150; x_wconf 91' lang='lat' dir='ltr'><strong>personis</strong></span> <span class='ocrx_word' id='word_1_541' title='bbox 1412 2116 1462 2142; x_wconf 81' lang='lat' dir='ltr'><strong>vel</strong></span> <span class='ocrx_word' id='word_1_542' title='bbox 1494 2116 1584 2142; x_wconf 88' lang='lat' dir='ltr'><strong>bonis</strong></span> <span class='ocrx_word' id='word_1_543' title='bbox 1612 2115 1675 2141; x_wconf 89' lang='lat' dir='ltr'><strong>suis</strong></span> <span class='ocrx_word' id='word_1_544' title='bbox 1704 2115 1813 2141; x_wconf 88' lang='lat' dir='ltr'><strong>contra</strong></span> <span class='ocrx_word' id='word_1_545' title='bbox 1853 2113 1977 2139; x_wconf 89' lang='lat' dir='ltr'><strong>indulta</strong></span> <span class='ocrx_word' id='word_1_546' title='bbox 2016 2112 2251 2147; x_wconf 83' lang='lat' dir='ltr'><strong>privilegiorum</strong></span> 
     </span>
     <span class='ocr_line' id='line_1_79' title="bbox 1242 2152 2251 2189; baseline -0.004 -7"><span class='ocrx_word' id='word_1_547' title='bbox 1242 2156 1329 2183; x_wconf 86' lang='lat' dir='ltr'><strong>Sedis</strong></span> <span class='ocrx_word' id='word_1_548' title='bbox 1357 2155 1558 2189; x_wconf 84' lang='lat' dir='ltr'><strong>Apostolicae</strong></span> <span class='ocrx_word' id='word_1_549' title='bbox 1588 2155 1626 2181; x_wconf 87' lang='lat' dir='ltr'><strong>ab</strong></span> <span class='ocrx_word' id='word_1_550' title='bbox 1657 2154 1816 2187; x_wconf 84' lang='lat' dir='ltr'><strong>aliquibus</strong></span> <span class='ocrx_word' id='word_1_551' title='bbox 1845 2153 1984 2179; x_wconf 86' lang='lat' dir='ltr'><strong>indebite</strong></span> <span class='ocrx_word' id='word_1_552' title='bbox 2008 2152 2166 2179; x_wconf 88' lang='lat' dir='ltr'><strong>molestari</strong></span> <span class='ocrx_word' id='word_1_553' title='bbox 2188 2159 2251 2178; x_wconf 92' lang='lat' dir='ltr'><strong>non</strong></span> 
     </span>
     <span class='ocr_line' id='line_1_80' title="bbox 1240 2191 2252 2229; baseline -0.004 -8"><span class='ocrx_word' id='word_1_554' title='bbox 1240 2196 1440 2229; x_wconf 85' lang='lat' dir='ltr'><strong>permittant.</strong></span> <span class='ocrx_word' id='word_1_555' title='bbox 1471 2195 1568 2227; x_wconf 72' lang='lat' dir='ltr'><strong>(REG.</strong></span> <span class='ocrx_word' id='word_1_556' title='bbox 1587 2194 1635 2225; x_wconf 83' lang='lat'><strong>25,</strong></span> <span class='ocrx_word' id='word_1_557' title='bbox 1654 2194 1674 2219; x_wconf 87' lang='lat' dir='ltr'><strong>f.</strong></span> <span class='ocrx_word' id='word_1_558' title='bbox 1696 2194 1749 2220; x_wconf 92' lang='grc'><strong>161</strong></span> <span class='ocrx_word' id='word_1_559' title='bbox 1777 2197 1822 2225; x_wconf 86' lang='lat' dir='ltr'><strong>v0,</strong></span> <span class='ocrx_word' id='word_1_560' title='bbox 1850 2200 1899 2219; x_wconf 88' lang='lat' dir='ltr'><strong>an.</strong></span> <span class='ocrx_word' id='word_1_561' title='bbox 1929 2193 1981 2224; x_wconf 88' lang='lat' dir='ltr'><strong>IV,</strong></span> <span class='ocrx_word' id='word_1_562' title='bbox 2008 2200 2033 2218; x_wconf 88' lang='lat' dir='ltr'><strong>c.</strong></span> <span class='ocrx_word' id='word_1_563' title='bbox 2064 2192 2140 2223; x_wconf 82' lang='lat'>265;</span> <span class='ocrx_word' id='word_1_564' title='bbox 2171 2191 2252 2218; x_wconf 76' lang='lat' dir='ltr'><strong>Por-</strong></span> 
     </span>
     <span class='ocr_line' id='line_1_81' title="bbox 1239 2235 1482 2267; baseline -0.008 -6"><span class='ocrx_word' id='word_1_565' title='bbox 1239 2242 1343 2261; x_wconf 73' lang='lat' dir='ltr'><strong>&#39;rHAsT</strong></span> <span class='ocrx_word' id='word_1_566' title='bbox 1362 2235 1482 2267; x_wconf 77' lang='grc'><strong>17424.)</strong></span> 
     </span>
    </p>
   </div>
   <div class='ocr_carea' id='block_1_15' title="bbox 1238 2333 2251 2480">
    <p class='ocr_par' dir='ltr' id='par_1_15' title="bbox 1238 2333 2251 2480">
     <span class='ocr_line' id='line_1_82' title="bbox 1281 2333 2251 2371; baseline -0.002 -7"><span class='ocrx_word' id='word_1_567' title='bbox 1281 2350 1337 2371; x_wconf 80' lang='grc'><strong>«..,</strong></span> <span class='ocrx_word' id='word_1_568' title='bbox 1357 2337 1464 2367; x_wconf 82' lang='lat' dir='ltr'><strong>Sancti</strong></span> <span class='ocrx_word' id='word_1_569' title='bbox 1492 2337 1607 2366; x_wconf 84' lang='lat' dir='ltr'><strong>Felicis</strong></span> <span class='ocrx_word' id='word_1_570' title='bbox 1635 2336 1844 2365; x_wconf 80' lang='lat' dir='ltr'><strong>Bononiensis</strong></span> <span class='ocrx_word' id='word_1_571' title='bbox 1872 2337 1941 2368; x_wconf 80' lang='lat' dir='ltr'><strong>et‚..‚</strong></span> <span class='ocrx_word' id='word_1_572' title='bbox 1971 2334 2077 2364; x_wconf 82' lang='lat' dir='ltr'><strong>Sancti</strong></span> <span class='ocrx_word' id='word_1_573' title='bbox 2104 2333 2189 2363; x_wconf 83' lang='lat' dir='ltr'><strong>Petri</strong></span> <span class='ocrx_word' id='word_1_574' title='bbox 2215 2333 2251 2362; x_wconf 85' lang='lat' dir='ltr'><strong>de</strong></span> 
     </span>
     <span class='ocr_line' id='line_1_83' title="bbox 1238 2386 2251 2425; baseline -0.005 -6"><span class='ocrx_word' id='word_1_575' title='bbox 1238 2390 1369 2420; x_wconf 77' lang='lat' dir='ltr'><strong>Petusio</strong></span> <span class='ocrx_word' id='word_1_576' title='bbox 1405 2389 1660 2419; x_wconf 78' lang='lat' dir='ltr'><strong>monasteriorum</strong></span> <span class='ocrx_word' id='word_1_577' title='bbox 1700 2388 1876 2417; x_wconf 83' lang='lat' dir='ltr'><strong>abbatibus.</strong></span> <span class='ocrx_word' id='word_1_578' title='bbox 1914 2387 1979 2417; x_wconf 91' lang='lat' dir='ltr'><strong>Sub</strong></span> <span class='ocrx_word' id='word_1_579' title='bbox 2006 2386 2164 2425; x_wconf 91' lang='lat' dir='ltr'><strong>religionis</strong></span> <span class='ocrx_word' id='word_1_580' title='bbox 2195 2386 2251 2414; x_wconf 87' lang='lat' dir='ltr'><strong>ha-</strong></span> 
     </span>
     <span class='ocr_line' id='line_1_84' title="bbox 1239 2439 2249 2480; baseline -0.005 -8"><span class='ocrx_word' id='word_1_581' title='bbox 1239 2443 1309 2472; x_wconf 86' lang='lat' dir='ltr'><strong>bitu</strong></span> <span class='ocrx_word' id='word_1_582' title='bbox 1347 2459 1397 2472; x_wconf 88' lang='lat'><strong>--.</strong></span> <span class='ocrx_word' id='word_1_583' title='bbox 1428 2443 1504 2472; x_wconf 87' lang='lat' dir='ltr'><strong>Dat.</strong></span> <span class='ocrx_word' id='word_1_584' title='bbox 1538 2442 1692 2480; x_wconf 82' lang='lat' dir='ltr'><strong>Anagnie,</strong></span> <span class='ocrx_word' id='word_1_585' title='bbox 1725 2441 1791 2470; x_wconf 89' lang='lat'><strong>1111</strong></span> <span class='ocrx_word' id='word_1_586' title='bbox 1819 2450 1919 2470; x_wconf 83' lang='lat' dir='ltr'><strong>nonas</strong></span> <span class='ocrx_word' id='word_1_587' title='bbox 1948 2439 2133 2471; x_wconf 78' lang='lat' dir='ltr'><strong>decembris.</strong></span> <span class='ocrx_word' id='word_1_588' title='bbox 2165 2447 2249 2467; x_wconf 85' lang='lat' dir='ltr'><strong>anno</strong></span> 
     </span>
    </p>
   </div>
   <div class='ocr_carea' id='block_1_16' title="bbox 1239 2498 1390 2534">
    <p class='ocr_par' dir='ltr' id='par_1_16' title="bbox 1239 2498 1390 2534">
     <span class='ocr_line' id='line_1_85' title="bbox 1239 2498 1390 2534; baseline 0 -10"><span class='ocrx_word' id='word_1_589' title='bbox 1239 2498 1366 2534; x_wconf 87' lang='lat' dir='ltr'><strong>quarto.</strong></span> <span class='ocrx_word' id='word_1_590' title='bbox 1379 2507 1390 2521; x_wconf 68' lang='lat' dir='ltr'>n</span> 
     </span>
    </p>
   </div>
   <div class='ocr_carea' id='block_1_17' title="bbox 1318 2672 2166 2706">
    <p class='ocr_par' dir='ltr' id='par_1_17' title="bbox 1318 2672 2166 2706">
     <span class='ocr_line' id='line_1_86' title="bbox 1318 2672 2166 2706; baseline -0.005 -5"><span class='ocrx_word' id='word_1_591' title='bbox 1318 2676 1377 2701; x_wconf 91' lang='grc'><strong>271</strong></span> <span class='ocrx_word' id='word_1_592' title='bbox 1387 2676 1407 2702; x_wconf 91' lang='grc'><strong>0</strong></span> <span class='ocrx_word' id='word_1_593' title='bbox 1704 2673 1839 2706; x_wconf 77' lang='lat' dir='ltr'><strong>Anagni,</strong></span> <span class='ocrx_word' id='word_1_594' title='bbox 1853 2673 1887 2698; x_wconf 92' lang='lat'><strong>11</strong></span> <span class='ocrx_word' id='word_1_595' title='bbox 1904 2672 2066 2698; x_wconf 80' lang='lat' dir='ltr'><strong>decembre</strong></span> <span class='ocrx_word' id='word_1_596' title='bbox 2080 2672 2166 2698; x_wconf 83' lang='lat'><strong>1258.</strong></span> 
     </span>
    </p>
   </div>
   <div class='ocr_carea' id='block_1_18' title="bbox 1235 2723 2248 3038">
    <p class='ocr_par' dir='ltr' id='par_1_18' title="bbox 1235 2723 2248 3038">
     <span class='ocr_line' id='line_1_87' title="bbox 1279 2723 2247 2762; baseline -0.006 -7"><span class='ocrx_word' id='word_1_597' title='bbox 1279 2729 1427 2762; x_wconf 87' lang='lat' dir='ltr'><strong>Magistro</strong></span> <span class='ocrx_word' id='word_1_598' title='bbox 1454 2729 1485 2754; x_wconf 87' lang='lat' dir='ltr'><strong>et</strong></span> <span class='ocrx_word' id='word_1_599' title='bbox 1511 2728 1660 2754; x_wconf 84' lang='lat' dir='ltr'><strong>fratribus</strong></span> <span class='ocrx_word' id='word_1_600' title='bbox 1686 2725 1851 2759; x_wconf 87' lang='lat' dir='ltr'><strong>hospitalis</strong></span> <span class='ocrx_word' id='word_1_601' title='bbox 1866 2725 1895 2751; x_wconf 86' lang='lat' dir='ltr'><strong>S.</strong></span> <span class='ocrx_word' id='word_1_602' title='bbox 1910 2724 2044 2758; x_wconf 88' lang='lat' dir='ltr'><strong>Spiritus</strong></span> <span class='ocrx_word' id='word_1_603' title='bbox 2058 2724 2087 2750; x_wconf 92' lang='lat' dir='ltr'><strong>in</strong></span> <span class='ocrx_word' id='word_1_604' title='bbox 2103 2723 2197 2750; x_wconf 86' lang='lat' dir='ltr'><strong>Saxia</strong></span> <span class='ocrx_word' id='word_1_605' title='bbox 2210 2724 2247 2749; x_wconf 83' lang='lat' dir='ltr'><strong>de</strong></span> 
     </span>
     <span class='ocr_line' id='line_1_88' title="bbox 1239 2763 2248 2799; baseline -0.007 -4"><span class='ocrx_word' id='word_1_606' title='bbox 1239 2768 1322 2795; x_wconf 91' lang='lat' dir='ltr'><strong>Urbe</strong></span> <span class='ocrx_word' id='word_1_607' title='bbox 1343 2768 1483 2799; x_wconf 71' lang='lat' dir='ltr'><strong>indulget</strong></span> <span class='ocrx_word' id='word_1_608' title='bbox 1504 2770 1536 2793; x_wconf 88' lang='lat' dir='ltr'><strong>ut</strong></span> <span class='ocrx_word' id='word_1_609' title='bbox 1559 2768 1596 2793; x_wconf 80' lang='lat' dir='ltr'><strong>de</strong></span> <span class='ocrx_word' id='word_1_610' title='bbox 1616 2766 1720 2796; x_wconf 83' lang='lat' dir='ltr'><strong>blado,</strong></span> <span class='ocrx_word' id='word_1_611' title='bbox 1736 2766 1820 2797; x_wconf 88' lang='lat' dir='ltr'><strong>vino,</strong></span> <span class='ocrx_word' id='word_1_612' title='bbox 1834 2764 1932 2796; x_wconf 86' lang='lat' dir='ltr'><strong>lectis,</strong></span> <span class='ocrx_word' id='word_1_613' title='bbox 1947 2764 2058 2798; x_wconf 84' lang='lat' dir='ltr'><strong>pannis</strong></span> <span class='ocrx_word' id='word_1_614' title='bbox 2077 2764 2109 2789; x_wconf 91' lang='lat' dir='ltr'><strong>et</strong></span> <span class='ocrx_word' id='word_1_615' title='bbox 2129 2763 2248 2789; x_wconf 83' lang='lat' dir='ltr'><strong>anima-</strong></span> 
     </span>
     <span class='ocr_line' id='line_1_89' title="bbox 1235 2803 2247 2841; baseline -0.007 -7"><span class='ocrx_word' id='word_1_616' title='bbox 1235 2808 1318 2834; x_wconf 91' lang='lat' dir='ltr'><strong>libus</strong></span> <span class='ocrx_word' id='word_1_617' title='bbox 1336 2815 1416 2841; x_wconf 82' lang='lat' dir='ltr'><strong>quae</strong></span> <span class='ocrx_word' id='word_1_618' title='bbox 1433 2807 1540 2833; x_wconf 79' lang='lat' dir='ltr'><strong>fideles</strong></span> <span class='ocrx_word' id='word_1_619' title='bbox 1558 2807 1601 2832; x_wconf 86' lang='lat' dir='ltr'><strong>eis</strong></span> <span class='ocrx_word' id='word_1_620' title='bbox 1619 2807 1657 2832; x_wconf 87' lang='lat' dir='ltr'><strong>ad</strong></span> <span class='ocrx_word' id='word_1_621' title='bbox 1676 2813 1749 2831; x_wconf 88' lang='lat' dir='ltr'><strong>usus</strong></span> <span class='ocrx_word' id='word_1_622' title='bbox 1767 2811 1940 2838; x_wconf 83' lang='lat' dir='ltr'><strong>pauperum</strong></span> <span class='ocrx_word' id='word_1_623' title='bbox 1958 2803 2123 2837; x_wconf 76' lang='lat' dir='ltr'><strong>hospitalis</strong></span> <span class='ocrx_word' id='word_1_624' title='bbox 2140 2809 2247 2828; x_wconf 90' lang='lat' dir='ltr'><strong>eorum</strong></span> 
     </span>
     <span class='ocr_line' id='line_1_90' title="bbox 1237 2842 2247 2878; baseline -0.007 -4"><span class='ocrx_word' id='word_1_625' title='bbox 1237 2848 1269 2873; x_wconf 92' lang='lat' dir='ltr'><strong>in</strong></span> <span class='ocrx_word' id='word_1_626' title='bbox 1289 2848 1401 2874; x_wconf 84' lang='lat' dir='ltr'><strong>ultima</strong></span> <span class='ocrx_word' id='word_1_627' title='bbox 1421 2847 1587 2873; x_wconf 79' lang='lat' dir='ltr'><strong>voluntate</strong></span> <span class='ocrx_word' id='word_1_628' title='bbox 1607 2845 1798 2878; x_wconf 80' lang='lat' dir='ltr'><strong>relinquunt,</strong></span> <span class='ocrx_word' id='word_1_629' title='bbox 1831 2844 1907 2870; x_wconf 90' lang='lat' dir='ltr'><strong>nulli</strong></span> <span class='ocrx_word' id='word_1_630' title='bbox 1935 2844 2102 2869; x_wconf 81' lang='lat' dir='ltr'><strong>teneantur</strong></span> <span class='ocrx_word' id='word_1_631' title='bbox 2122 2842 2247 2868; x_wconf 90' lang='lat' dir='ltr'><strong>canoni-</strong></span> 
     </span>
     <span class='ocr_line' id='line_1_91' title="bbox 1238 2882 2246 2921; baseline -0.006 -8"><span class='ocrx_word' id='word_1_632' title='bbox 1238 2894 1307 2913; x_wconf 91' lang='lat' dir='ltr'><strong>cam</strong></span> <span class='ocrx_word' id='word_1_633' title='bbox 1328 2887 1505 2921; x_wconf 86' lang='lat' dir='ltr'><strong>portionem</strong></span> <span class='ocrx_word' id='word_1_634' title='bbox 1528 2893 1580 2911; x_wconf 84' lang='lat' dir='ltr'><strong>seu</strong></span> <span class='ocrx_word' id='word_1_635' title='bbox 1600 2885 1759 2919; x_wconf 85' lang='lat' dir='ltr'><strong>justitiam</strong></span> <span class='ocrx_word' id='word_1_636' title='bbox 1774 2883 1930 2914; x_wconf 86' lang='lat' dir='ltr'><strong>exhibere,</strong></span> <span class='ocrx_word' id='word_1_637' title='bbox 1946 2890 2053 2909; x_wconf 88' lang='lat' dir='ltr'><strong>omnes</strong></span> <span class='ocrx_word' id='word_1_638' title='bbox 2074 2882 2246 2908; x_wconf 89' lang='lat' dir='ltr'><strong>sententias</strong></span> 
     </span>
     <span class='ocr_line' id='line_1_92' title="bbox 1238 2921 2246 2958; baseline -0.007 -5"><span class='ocrx_word' id='word_1_639' title='bbox 1238 2925 1583 2955; x_wconf 85' lang='lat' dir='ltr'><strong>excommunicationis,</strong></span> <span class='ocrx_word' id='word_1_640' title='bbox 1620 2924 1831 2958; x_wconf 84' lang='lat' dir='ltr'><strong>suspensionis</strong></span> <span class='ocrx_word' id='word_1_641' title='bbox 1867 2924 1897 2949; x_wconf 89' lang='lat' dir='ltr'><strong>et</strong></span> <span class='ocrx_word' id='word_1_642' title='bbox 1932 2922 2092 2948; x_wconf 85' lang='lat' dir='ltr'><strong>interdicti</strong></span> <span class='ocrx_word' id='word_1_643' title='bbox 2128 2921 2160 2947; x_wconf 92' lang='lat' dir='ltr'><strong>in</strong></span> <span class='ocrx_word' id='word_1_644' title='bbox 2195 2929 2246 2947; x_wconf 83' lang='lat' dir='ltr'><strong>eos</strong></span> 
     </span>
     <span class='ocr_line' id='line_1_93' title="bbox 1237 2961 2243 2996; baseline -0.004 -3"><span class='ocrx_word' id='word_1_645' title='bbox 1237 2966 1297 2993; x_wconf 85' lang='lat' dir='ltr'><strong>hac</strong></span> <span class='ocrx_word' id='word_1_646' title='bbox 1311 2966 1472 2993; x_wconf 82' lang='lat' dir='ltr'><strong>occasione</strong></span> <span class='ocrx_word' id='word_1_647' title='bbox 1488 2965 1578 2996; x_wconf 85' lang='lat' dir='ltr'><strong>latas,</strong></span> <span class='ocrx_word' id='word_1_648' title='bbox 1595 2965 1698 2990; x_wconf 88' lang='lat' dir='ltr'><strong>irritas</strong></span> <span class='ocrx_word' id='word_1_649' title='bbox 1715 2964 1891 2989; x_wconf 84' lang='lat' dir='ltr'><strong>decernens.</strong></span> <span class='ocrx_word' id='word_1_650' title='bbox 1909 2962 2005 2994; x_wconf 69' lang='grc' dir='ltr'><strong>(ΒΕΘ.</strong></span> <span class='ocrx_word' id='word_1_651' title='bbox 2023 2961 2070 2992; x_wconf 84' lang='grc'><strong>25,</strong></span> <span class='ocrx_word' id='word_1_652' title='bbox 2086 2961 2107 2986; x_wconf 89' lang='grc'><strong>1.</strong></span> <span class='ocrx_word' id='word_1_653' title='bbox 2126 2961 2182 2987; x_wconf 85' lang='grc'><strong>162</strong></span> <span class='ocrx_word' id='word_1_654' title='bbox 2198 2965 2243 2989; x_wconf 84' lang='lat' dir='ltr'><strong>v&#39;’.</strong></span> 
     </span>
     <span class='ocr_line' id='line_1_94' title="bbox 1237 3005 1542 3038; baseline -0.007 -6"><span class='ocrx_word' id='word_1_655' title='bbox 1237 3013 1286 3032; x_wconf 87' lang='lat' dir='ltr'><strong>an.</strong></span> <span class='ocrx_word' id='word_1_656' title='bbox 1322 3006 1373 3037; x_wconf 89' lang='lat' dir='ltr'><strong>IV,</strong></span> <span class='ocrx_word' id='word_1_657' title='bbox 1404 3013 1429 3031; x_wconf 87' lang='lat' dir='ltr'><strong>c.</strong></span> <span class='ocrx_word' id='word_1_658' title='bbox 1461 3005 1542 3038; x_wconf 89' lang='grc'><strong>266.)</strong></span> 
     </span>
    </p>
   </div>
  </div>
 </body>
</html>
