2477 3512
210 253 252 284 Δ16
908 254 1175 287 REGISTRES
1201 255 1554 288 D'ALEXANDRE
1583 257 1631 289 IV

299 358 386 382 2904
751 358 884 391 Anagni,
911 358 944 383 15
968 358 1031 384 mai
1054 358 1140 385 1250.

260 410 487 443 Mlarssaiilael,
529 411 704 437 comitissae
750 411 910 437 l³lau<lriae
951 413 978 436 et
1025 411 1222 444 Hayuoniae,

219 455 355 487 indulget
387 457 430 483 ut,
464 455 609 487 'luamdiu
637 455 666 480 in
699 455 849 481 viduitate
877 455 1093 488 permanserit,
1122 456 1224 482 nullus

219 499 378 531 delegatus
402 500 436 525 A.
462 500 546 524 Sedis
570 499 667 532 possit
691 499 719 525 in
744 507 908 532 personam
931 507 1019 525 suam
1042 507 1222 525 excommu-

218 543 382 569 nicationis
413 544 488 569 tcrre
518 544 706 569 sententiam
737 545 768 569 et
798 545 895 569 terras
925 550 1099 576 supponere
1129 543 1223 570 inter-

218 587 312 617 dicto,
345 587 462 619 absque
496 587 620 620 speciali
653 588 815 618 mamiato,
848 588 927 614 sicut
961 587 991 613 in
1023 587 1223 620 praecedenti

216 638 240 657 c.
265 632 321 657 11⁸
342 632 391 664 (11¹²
412 632 503 664 2879)
524 632 581 658 sub
603 632 678 658 data
700 641 711 654 «
733 632 821 657 nonis
842 631 947 665 aprilis
970 641 990 663 n,
1011 631 1042 657 in
1064 631 1223 658 differenti

216 677 321 701 autem
350 676 442 701 modo
470 675 640 708 ablataque
667 676 697 702 in
726 676 788 702 tine
817 676 853 702 de
880 676 1044 709 septennio
1072 675 1220 702 clausula.

215 720 312 752 (Bi-zo.
333 719 381 750 25,
402 719 421 745 t.
443 720 511 751 210,
531 727 580 746 an.
604 720 639 751 V,
659 727 684 746 c.
708 720 787 753 140.)

261 811 272 826 ι(
293 798 411 830 Nobili
431 798 566 831 mulieri
587 800 640 831 M.
662 800 829 831 comitisse
848 800 1013 832 Flana'rie
1032 802 1059 831 et
1081 801 1219 841 Iloyno<

214 851 280 883 nie.
323 852 557 891 Exigentibus
599 855 657 885 tue
698 853 898 884 devotionis
939 853 1083 889 meritis,
1126 854 1219 885 votis

215 905 284 936 tuis
314 904 463 936 libenter
492 906 681 937 annuimus
711 910 746 937 et
776 907 966 948 petitiones
997 909 1077 938 tuas
1107 916 1218 948 quan—

214 960 290 989 tum
313 968 391 989 eum
416 959 489 989 Deo
512 969 708 1000 possumus
733 960 975 991 favorabiliter
995 960 1216 992 exaudimus.

216 1010 261 1041 Ut
286 1011 402 1051 igitur,
428 1012 472 1043 al>
497 1012 728 1044 incommodis
751 1013 937 1044 viduitatis
962 1024 1029 1055 que
1053 1013 1215 1051 sustines,

213 1064 371 1105 specialis
400 1065 601 1106 Apostolice,
632 1066 728 1097 Sedis
757 1066 867 1107 gratie
900 1067 1004 1098 modo
1033 1067 1067 1097 in
1097 1067 1216 1108 aliquo

212 1117 414 1154 subleveris,
441 1128 512 1155 uos,
538 1119 596 1159 qui
622 1122 740 1160 patres
764 1120 1003 1160 orphanorum
1023 1122 1058 1151 et
1080 1119 1216 1161 judices

211 1170 399 1202 viduarum
434 1182 554 1203 sumus
587 1172 690 1212 juxta
727 1172 874 1204 verbum
910 1173 1156 1214 propheticum
1195 1183 1213 1205 a

212 1223 364 1255 Domino
399 1225 595 1261 constituti,
633 1228 665 1256 te
700 1225 820 1257 favore
854 1226 1017 1257 benivolo
1052 1226 1216 1268 prosequi

212 1277 403 1318 cupientes,
445 1278 508 1308 tibi
550 1278 763 1310 auctoritaie
805 1279 1020 1320 presentium
1060 1280 1217 1320 indulge—

211 1339 289 1361 mus
318 1333 358 1362 ut
387 1330 501 1362 nullus
531 1331 711 1372 delegatus
740 1332 792 1363 vel
823 1332 1074 1373 subdelegatus
1102 1333 1146 1364 ab
1176 1343 1215 1364 eo

211 1386 377 1415 executor
402 1394 461 1415 seu
488 1384 595 1415 etiam
623 1388 851 1416 conservator
876 1386 1091 1417 auctoritate
1118 1386 1216 1418 Sedis

210 1436 411 1477 Apostolice
456 1437 510 1468 vel
556 1437 752 1477 legatorum
798 1439 916 1479 ipsius,
964 1440 1135 1480 quamdiu
1181 1439 1214 1471 in

212 1489 386 1521 viduitate
410 1490 651 1531 permanseris,
677 1491 785 1532 possit
810 1492 844 1522 in
868 1502 1053 1533 personam
1076 1502 1216 1524 excom-

212 1542 470 1579 municationis,
499 1546 532 1574 et
561 1544 594 1574 in
625 1547 735 1575 terras
765 1547 842 1575 tuas
872 1544 1049 1577 interdicti
1076 1548 1215 1577 senten-

213 1595 278 1626 tias
312 1596 532 1636 promulgare
567 1597 700 1637 absque
735 1597 876 1638 speciali
913 1599 1082 1629 mandato
1118 1599 1214 1630 Sedis

210 1647 367 1687 ejusdem
392 1649 541 1680 iaciente
565 1649 704 1690 plenam
729 1653 763 1681 et
785 1660 987 1691 expressam
1011 1652 1053 1682 (le
1076 1652 1213 1683 indulto

211 1700 412 1741 hujusmodi
460 1702 687 1733 mentionem.
738 1703 808 1733 Nos
854 1704 947 1734 enim
995 1705 1213 1737 decernimus

210 1754 345 1785 irritum
375 1757 407 1785 et
437 1754 540 1785 inane
568 1755 593 1785 si
623 1757 715 1796 quod
745 1759 868 1788 eontra
896 1757 1024 1788 indulti
1054 1760 1211 1790 tenorem

209 1807 409 1847 hujusmodi
432 1818 449 1838 a
471 1818 648 1849 quoquem
669 1809 855 1850 contigerit
876 1811 1096 1852 attemptari.
1119 1811 1212 1843 Nulli

210 1863 326 1891 nostre
366 1861 599 1891 concessionis
639 1864 674 1892 et
714 1862 980 1894 constitutionis
1019 1867 1086 1895 etc.
1129 1864 1212 1896 Dat.

208 1913 377 1952 Anagnie,
402 1913 517 1944 idibus
541 1914 634 1951 maii,
659 1924 752 1946 anno
775 1916 913 1956 quinto.
938 1929 949 1944 »

285 2046 375 2071 2905
732 2049 867 2082 Anagni‚
892 2049 929 2076 13
950 2050 1019 2083 juin
1044 2050 1130 2078 1259.

246 2098 371 2125 Deeano
394 2101 423 2125 et
446 2101 626 2133 praeposito
649 2101 794 2128 ecclesiae
818 2102 846 2129 S.
871 2102 1043 2130 Phareildis
1067 2104 1212 2131 Gauden-

204 2143 254 2174 sis,
275 2150 312 2169 ne
332 2144 526 2176 praedictam
545 2145 739 2172 comitissam
759 2146 935 2179 Flandriae,
952 2148 1103 2181 quamdiu
1116 2149 1212 2176 vidua

204 2186 308 2218 tuerit,
329 2190 437 2214 contra
457 2191 597 2215 tenorem
616 2189 883 2223 indulgentiarum
902 2192 960 2225 ipsi
980 2200 997 2218 a
1017 2192 1094 2219 Sede
1113 2193 1212 2227 Apos-

204 2231 297 2257 tolica
324 2239 553 2265 concessarum,
579 2234 618 2260 ab
645 2234 802 2268 aliquibus
827 2236 986 2262 molestari
1012 2238 1210 2270 permittant.

203 2276 299 2308 (HEG.
320 2276 368 2307 25,
389 2277 408 2302 t.
429 2277 497 2308 210,
518 2285 566 2304 an.
589 2278 624 2309 V,
644 2286 669 2304 c.
692 2279 745 2305 141
768 2287 863 2306 manu
883 2281 1072 2314 recentiori.)

250 2369 261 2383 α
285 2381 304 2387 ..
347 2356 469 2388 decano
491 2360 542 2389 et..
565 2360 737 2400 preposito
759 2360 891 2392 ecclesie
914 2362 1034 2393 Sancte
1055 2363 1209 2395 Pliareil-

204 2409 256 2439 ctis
301 2410 500 2447 tituuicnsis,
542 2412 765 2443 'tornacensis
802 2414 955 2446 diocesis.
995 2417 1081 2447 (lum
1118 2417 1205 2449 sicut

203 2462 236 2492 in
262 2481 315 2493 ῳ.
344 2463 424 2493 Dat.
450 2465 618 2505 Anagnia
645 2465 762 2497 idibus
791 2467 890 2507 junii,
917 2478 1009 2499 anuo
1035 2469 1170 2510 quinto.
1198 2486 1209 2498 ι»

280 2588 368 2614 2906
679 2592 813 2626 Anagni,
836 2594 873 2620 27
895 2594 1017 2627 janvier
1040 2596 1126 2622 1259.

243 2641 409 2669 Personam
435 2644 596 2676 praefatae
622 2645 799 2672 comitissae
827 2647 990 2674 Flaudriae
1016 2656 1087 2675 cum
1113 2650 1206 2675 comi>

201 2686 331 2718 tatibus,
363 2687 454 2719 villis,
487 2689 586 2720 terris,
617 2689 739 2722 juribus
771 2693 801 2717 et
831 2691 1101 2724 jurisdictionibus
1132 2694 1205 2726 suis,

200 2731 257 2756 sub
286 2731 486 2764 Apostolicae
517 2733 603 2759 Sedis
633 2735 828 2767 protectione
858 2737 997 2770 suscipit.
1029 2738 1125 2770 (Rea.
1157 2739 1205 2770 25,

200 2774 219 2800 t.
245 2774 303 2801 210
326 2778 372 2807 v0,
396 2783 445 2802 an.
471 2776 506 2808 Y,
531 2784 555 2803 c.
582 2778 660 2809 142;
685 2778 907 2812 Ronemmuo,
931 2783 953 2807 t.
982 2781 1040 2814 111,
1064 2786 1100 2808 n⁰
1124 2782 1206 2816 490.)

248 2867 259 2882 «
277 2855 397 2886 Nobili
415 2856 551 2888 mulieri
569 2858 622 2889 M.
643 2859 809 2890 comitisse
827 2859 991 2892 Flandric
1008 2871 1046 2893 ac
1062 2862 1204 2903 Hayno—

204 2907 268 2938 nie.
308 2908 448 2940 Efficax
486 2912 545 2941 tue
583 2912 781 2943 devotionis
818 2932 871 2945 —.
912 2914 994 2946 Dat.
1032 2915 1201 2956 Anagnie,

205 2960 248 2990 x'l
275 2961 341 2992 lull.
368 2962 544 2999 februarii,
571 2973 662 2994 anno
689 2965 824 3005 quinte.
852 2980 863 2993 n

1385 359 1474 386 2907
1868 363 2002 397 Anagnl,
2025 363 2042 390 5
2071 364 2146 391 ,Juin
2171 363 2259 392 1259.

1360 414 1508 447 Magistro
1528 415 1643 442 Poncio
1660 415 1697 442 ‹le
1714 416 1742 442 S.
1767 416 1860 443 ,Justo
1883 416 2024 451 indulget
2046 419 2082 444 ut
2104 418 2226 445 nullum
2241 425 2332 453 prae-

1322 461 1476 495 Judicium
1500 460 1622 487 ratione
1646 460 1850 487 canonicatus
1880 460 2094 489 Narbonensis
2124 462 2183 489 sibi
2214 462 2330 495 collati,

1322 506 1380 532 sibi
1402 504 1498 536 possit
1520 504 1668 537 generari.
1690 504 1786 537 (Res.
1809 504 1857 536 25,
1879 505 1899 532 t.
1921 505 1979 532 210
2000 509 2046 538 νο,
2067 513 2118 534 an.
2140 506 2176 539 V,
2197 514 2223 534 c.
2246 507 2328 542 143.)

1368 618 1378 629 ι-
1404 603 1570 644 Maqistro
1593 603 1719 635 Poncio
1739 603 1778 634 de
1799 603 1920 635 Sancto
1941 604 2052 640 -lusto,
2074 604 2197 637 doctori
2218 605 2326 637 decre-

1323 662 1442 695 torum,
1478 658 1638 690 ‹anonim›
1672 658 1902 690 Narbonem-i.
1938 659 1992 690 Ex
2025 660 2110 692 serie
2145 663 2204 692 tue
2238 661 2327 703 peti-

1326 714 1430 747 tionis
1458 714 1656 756 accepimus
1685 714 1778 755 quod
1807 714 1889 745 olim
1918 714 2008 746 iuter
2036 717 2069 747 te
2097 718 2132 747 et
2159 716 2328 750 dilectum

1322 770 1432 801 silium
1455 769 1662 810 magistrum
1683 769 1888 809 Gregorium
1909 769 1950 800 (le
1972 770 2101 802 Sancto
2122 771 2325 810 Laurentio,

1321 825 1541 866 capellanum
1572 828 1604 856 et
1639 824 1812 866 pliisicmn
1845 827 2015 862 nostrum,
2048 836 2153 868 super
2183 837 2325 869 precen-

1323 880 1410 912 toria
1435 879 1643 911 Biterrensis
1667 879 1808 911 ecclesie
1834 880 1981 912 materia
2007 881 2202 922 questionis
2225 892 2326 915 exor-

1322 938 1369 972 ta,
1395 936 1538 967 tandem
1563 935 1711 967 dilectus
1733 935 1826 966 iilius
1849 938 1968 967 noster
1992 936 2033 967 R.
2059 936 2178 969 Sancti
2200 938 2324 979 Angeli

1322 991 1490 1022 diaconus
1527 990 1725 1027 cardinalis,
1764 1000 1868 1031 quem
1906 990 1941 1022 in
1978 1001 2084 1024 causa
2122 992 2326 1034 hujusmodi

1321 1032 1556 1079 concessimus
1573 1045 1734 1088 partibus
1749 1045 1962 1083 auditorem,
1980 1047 2191 1089 auditisque
2206 1051 2327 1090 partes

1321 1112 1513 1144 proponere
1558 1101 1758 1138 voluerunt,
1804 1102 2062 1143 precentoriam
2106 1102 2220 1144 ipsam
2264 1113 2327 1146 per

1320 1157 1551 1189 diffinitivam
1579 1156 1795 1189 sententiam
1821 1157 2003 1198 capellano
2030 1157 2253 1199 adjudicavit
2278 1159 2326 1191 ei-

1320 1213 1410 1250 dem,
1444 1212 1578 1254 tibique
1611 1212 1652 1243 de
1684 1211 1825 1253 speciali
1857 1212 2027 1244 mandato
2060 1215 2180 1245 nostro
2210 1213 2324 1247 eidem

1319 1268 1486 1300 cardinali
1522 1268 1604 1299 viva
1640 1277 1725 1299 voce
1761 1267 1866 1303 lacto,
1903 1268 2153 1300 canonicatum
2188 1269 2325 1302 Narbo-

1321 1324 1436 1355 nensis
1468 1323 1610 1355 ecclesia
1644 1322 1793 1354 eontulit
1826 1325 1862 1354 et
1896 1322 1959 1354 tibi
1992 1323 2034 1354 de
2066 1323 2123 1355 illo
2155 1324 2323 1366 providit,

1319 1382 1354 1411 et
1389 1378 1601 1410 venerabilis
1637 1378 1745 1409 frater
1780 1380 1922 1409 noster..
1959 1378 2252 1421 archiepiscopus,
2289 1382 2326 1412 et

1319 1434 1437 1466 dilecti
1458 1434 1519 1465 filii
1540 1433 1736 1475 capitulum
1759 1433 2015 1470 Narbonenses,
2037 1436 2072 1465 te
2093 1435 2323 1476 postmodum

1319 1492 1523 1531 receperunt
1546 1489 1578 1520 in
1599 1488 1808 1520 canonicum
1828 1491 1863 1519 et
1881 1488 1916 1520 in
1936 1488 2093 1520 fratrem.
2114 1489 2187 1521 Nos
2205 1489 2322 1531 igitur,

1319 1545 1388 1576 tuis
1426 1544 1564 1576 devotis
1602 1544 1763 1586 precibus
1800 1543 1974 1580 inclinati,
2013 1547 2053 1575 ut
2090 1554 2151 1586 per
2186 1545 2325 1578 litteras

1319 1600 1530 1642 apostolicas
1560 1602 1641 1641 post
1671 1598 1896 1631 collationem
1926 1602 1961 1630 ct
1990 1599 2228 1641 provisionem
2257 1600 2324 1633 tibi

1318 1656 1432 1687 factas
1460 1656 1501 1687 de
1529 1655 1741 1687 canonicatu
1768 1654 1927 1696 predicto
1955 1664 1974 1686 a
2003 1654 2090 1687 Sede
2117 1655 2322 1697 Apostolica

1317 1721 1422 1753 super
1460 1711 1561 1752 cujus
1599 1709 1798 1751 receptione
1837 1718 1876 1741 ac
1915 1710 2116 1751 provisione
2153 1711 2189 1742 in
2228 1711 2323 1744 dicta

1317 1766 1539 1798 Narbonensi
1570 1765 1714 1797 ecclesia
1744 1765 1966 1806 impetratas,
1999 1766 2241 1808 cujuscunque
2271 1769 2322 1799 te-

1316 1822 1409 1854 noris
1435 1821 1605 1858 existant,
1634 1820 1687 1852 vel
1715 1821 1823 1852 etiam
1850 1821 2104 1864 impetrandas,
2133 1822 2250 1863 quoad
2277 1823 2322 1855 ad

1315 1878 1532 1910 secutionem
1566 1876 1654 1915 (sic)
1685 1876 1861 1917 prebende
1894 1877 1958 1908 tibi
1988 1876 2106 1908 debite
2134 1877 2170 1909 in
2197 1877 2322 1910 eadem

1315 1933 1458 1964 ecclesia
1491 1932 1626 1963 nullum
1646 1931 1709 1962 tibi
1730 1931 1966 1973 prejudicium
1985 1935 2180 1973 generetur,
2200 1935 2322 1965 aucto-

1314 1988 1420 2020 ritate
1461 1987 1526 2018 tibi
1566 1987 1782 2029 presentium
1821 1987 2055 2028 indulgemus,
2096 1987 2161 2019 nisi
2200 1988 2321 2021 eedem

1314 2044 1430 2075 littere
1460 2042 1682 2084 impetrande
1712 2042 1754 2073 de
1783 2052 1931 2083 persona
1960 2045 2034 2079 tua,
2065 2042 2252 2075 collatione
2279 2053 2321 2076 ac

1314 2099 1500 2140 provisone
1527 2097 1693 2139 predictis
1719 2107 1757 2129 ac
1784 2097 1922 2129 indulto
1949 2097 2153 2138 hujusmodi
2178 2097 2320 2140 plenam

1315 2157 1349 2185 et
1386 2164 1587 2195 expressam
1624 2153 1769 2184 iecerint
1806 2153 2034 2184 mentionem.
2072 2153 2166 2185 Nulli
2202 2156 2320 2187 nostre

1314 2209 1547 2241 concessionis
1572 2212 1638 2240 etc.
1667 2209 1750 2240 Dat.
1777 2208 1946 2248 Auagnie,
1975 2208 2075 2240 nonis
2098 2208 2198 2249 Junii,
2226 2219 2319 2242 anno

1314 2265 1449 2306 quinto.
1478 2277 1489 2292 u

1389 2471 1477 2496 2908
1888 2469 2024 2502 Anagni,
2050 2468 2086 2495 18
2104 2469 2209 2502 juillet
2229 2468 2316 2496 1259.

1348 2525 1436 2551 Adae
1466 2524 1550 2550 dicto
1581 2523 1793 2555 cambellano,
1824 2523 1927 2555 militi,
1958 2522 2143 2549 Senonensis
2173 2521 2315 2555 diocesis,

1308 2571 1392 2598 Petri
1424 2570 1611 2597 cambellani
1634 2569 1783 2596 Franciae
1805 2569 1905 2601 fratri,
1928 2569 2089 2603 dispensat
2111 2570 2147 2596 ut
2168 2568 2313 2601 Mariam,

1306 2617 1448 2644 relictam
1463 2617 1597 2643 Auberti
1621 2617 1658 2643 de
1683 2616 1838 2649 Hangest,
1862 2615 1980 2648 militis,
2004 2614 2224 2643 Ambianensis
2249 2615 2315 2642 dio-

1307 2664 1393 2696 cesis,
1416 2671 1545 2690 uxorem
1568 2664 1679 2690 ducere
1701 2663 1810 2696 possit,
1833 2669 1896 2689 non
1917 2662 2065 2689 obstante
2087 2662 2173 2696 quod
2193 2661 2314 2689 Auber-

1306 2713 1358 2737 tus
1387 2710 1507 2737 dictum
1534 2710 1638 2736 Adam
1667 2711 1780 2743 quarta
1809 2708 2103 2742 consanguimitatis
2130 2708 2212 2736 linea
2240 2715 2313 2735 con-

1306 2758 1450 2791 tingeret.
1469 2757 1566 2789 (Rae.
1585 2756 1633 2787 25,
1652 2756 1671 2782 t.
1691 2756 1749 2782 210
1765 2759 1813 2787 νῦ,
1830 2762 1880 2782 an.
1901 2755 1936 2786 V,
1954 2761 1978 2781 c.
2000 2755 2080 2788 144.)

1352 2869 1365 2885 «
1391 2856 1465 2888 Aue
1491 2856 1576 2888 (licto
1606 2854 1834 2891 Cambcllano,
1861 2852 1977 2891 militi,
2007 2853 2213 2886 Senonensis
2240 2854 2312 2886 ‹lio-

1305 2912 1399 2944 cesis.
1444 2911 1632 2943 Sinceritas
1675 2911 1887 2942 devotorum
1930 2908 2083 2940 Ecclesie
2125 2927 2180 2941 ——.
2224 2910 2310 2942 Dat.

1303 2968 1473 3009 Anagnie‚
1503 2968 1569 2999 XV
1597 2967 1665 3000 kal.
1693 2965 1846 3007 augusti,
1874 2972 1967 2995 anno
1995 2963 2132 3005 quinto.
2161 2978 2174 2994 »

2440 3138 2461 3190 «ΕΚ
