2477 3512
346 231 362 259 Τ

345 324 357 335 ιι
383 309 530 349 hospitali
548 311 666 340 Sancte
682 310 782 340 Marie
798 311 911 342 domus
930 312 1200 345 'l‘heutonicorum
1215 320 1249 346 et.
1266 315 1330 347 fra·
1356 316 1357 342 ἶ

383 364 483 395 tribus
499 364 643 405 ejusdem
661 365 772 396 domus
792 370 894 398 totum
913 373 945 397 et
961 379 1001 399 ex
1024 369 1152 410 integro
1177 369 1328 403 Cholmen
1355 383 1357 387 ·

369 230 410 260 20

343 437 354 447 ιι
386 421 583 452 territorimn
607 432 677 452 cuin
694 422 838 453 omnibus
857 423 922 454 suis
943 424 1326 467 atti1ientiis,abeoloco,

341 491 353 501 ιι
385 476 434 507 ubi
464 477 641 508 Drawanza
663 478 832 518 egreditur
859 480 1015 511 terminos
1046 481 1181 512 Prnscie
1209 486 1239 513 et
1271 493 1328 524 per
1354 485 1355 489 ’

342 548 354 559 ιι
383 533 550 564 decessum
563 533 707 575 ejusdem
719 534 856 566 llnminis
869 546 969 575 usque
981 537 1010 567 in
1026 537 1177 574 Wizlam,
1187 540 1259 570 etin
1269 539 1325 570 de-

341 605 353 615 ιι
382 600 475 620 cessu
499 589 604 621 Wizle
624 601 721 630 usque
743 591 780 621 ad
803 594 913 624 Usam.
938 597 966 623 ot
992 603 1048 634 per
1069 604 1239 625 ascensum
1261 596 1325 627 Ose

341 660 353 671 ιι
385 656 482 686 usque
500 646 537 676 ad
561 647 715 677 terminos
739 648 889 682 Prnscie,
912 649 942 679 in
960 659 1072 680 veram
1082 656 1115 681 et
1136 654 1323 692 perpetuam

385 703 612 744 proprietatem
627 704 855 744 possidendum
867 705 1042 747 plenojure
1053 708 1218 738 cumomni
1229 707 1324 739 liber<

384 762 460 796 tate,
484 760 589 789 fructu
611 764 641 789 rt
661 759 814 795 utilitate.
839 763 938 792 totam
950 765 1068 793 terram
1086 774 1155 793 cum
1184 765 1274 804 aquis
1293 775 1324 794 a-

339 830 351 840 ιι
381 826 578 855 quarumque
600 816 802 854 decursibus,
832 818 972 858 stagnis,
997 818 1176 859 paludibus.
1207 821 1323 851 monti—

338 886 350 897 ‹·
382 872 448 908 bus,
473 871 621 909 vallibus⁷
646 873 792 911 saltibus,
823 874 1018 906 nemoribus.
1046 875 1146 913 silvis,
1169 876 1321 909 arbustis.

336 999 349 1011 ((

381 929 495 969 pratis.
515 929 655 969 pascuis,
688 930 832 960 omnibus
859 931 954 961 cultis
980 938 1010 961 el
1041 932 1182 967 incultis,
1212 932 1270 962 viis
1292 936 1324 963 et

379 985 484 1023 inviis,
508 995 578 1015 cum
602 986 739 1016 oninium
762 996 872 1017 eorum
894 986 996 1018 libera
1013 994 1046 1018 ct
1063 988 1155 1029 plena
1183 990 1324 1020 utilitate

337 1057 348 1065 ‹·
378 1052 414 1071 ac
439 1042 557 1080 fructu,
575 1052 636 1082 que
656 1043 684 1072 in
702 1043 855 1083 predictis
876 1044 1022 1074 omnibus
1039 1048 1114 1075 sunt
1130 1045 1180 1076 vel
1202 1046 1324 1077 fuerint

335 1113 347 1123 ιι
380 1099 522 1133 iuventa,
542 1099 729 1139 apparentia
761 1099 811 1130 vel
831 1099 971 1135 occulta,
988 1107 1018 1130 el
1049 1101 1236 1142 specialiter
1254 1103 1323 1133 sive

335 1170 347 1181 ιι
378 1165 486 1185 aurum
507 1155 575 1185 sive
601 1158 783 1193 argentum,
806 1156 856 1186 vel
887 1155 950 1186 alia
970 1167 1168 1198 quecumspni¹
1195 1159 1323 1199 species

335 1227 345 1236 ιι
377 1212 440 1241 eris
460 1211 507 1241 vel
530 1211 732 1242 metallorum
749 1214 803 1242 aut
819 1222 1022 1251 gemmarum
1037 1214 1156 1247 fontes.
1174 1215 1222 1245 vel
1240 1226 1322 1247 vene

335 1283 347 1293 «
378 1268 455 1298 salis
477 1272 509 1298 et
529 1268 679 1308 quicquid
704 1269 830 1299 omnino
847 1269 874 1298 in
893 1272 981 1300 terra
1008 1270 1061 1301 vel
1083 1281 1192 1311 supra,
1221 1272 1272 1302 vel
1292 1272 1321 1302 in

335 1339 347 1350 ιι
377 1325 468 1364 aquis
492 1324 667 1354 viventium
700 1325 808 1363 fuerit,
836 1328 984 1357 castores
1017 1330 1047 1358 et
1084 1336 1195 1358 omnes
1224 1338 1323 1359 vona-

335 1396 346 1406 ιι
377 1381 481 1411 tiones
521 1391 720 1421 quarumque
762 1382 915 1414 ferarum.

958 1383 1154 1424 piscationes
1198 1394 1322 1425 quoque

375 1437 508 1478 piscium
545 1438 683 1468 omnium
713 1448 869 1479 generum
902 1449 973 1469 cum
1008 1440 1084 1480 ipsis
1120 1440 1210 1480 aquis
1248 1451 1321 1481 pre-

374 1493 469 1524 dict-is
509 1499 542 1524 ot
575 1495 658 1524 omni
699 1505 808 1525 earnm
849 1501 1005 1536 proventu
1042 1503 1072 1527 et
1114 1496 1256 1527 utilitate
1290 1497 1319 1527 in

375 1550 619 1591 piscatimiibus,
643 1551 790 1591 navigiis,
809 1552 983 1593 passagiis,
1013 1552 1175 1593 pontibus.
1200 1553 1320 1584 inolen-

333 1622 344 1633 ιι
373 1606 457 1637 dinis
478 1611 509 1637 et
531 1607 654 1642 insulis,
672 1618 743 1638 cum
760 1607 857 1639 villis.
876 1609 1006 1646 castris,
1027 1608 1142 1650 opidis,
1160 1610 1317 1650 grangiiS,

374 1663 463 1700 foris⁷
482 1663 802 1704 1n011etis‚p0‹lagiis,
819 1664 979 1695 theloneis
997 1668 1161 1696 terrarum
1173 1668 1207 1696 et
1222 1676 1319 1706 aqua-

373 1730 440 1750 rum
462 1722 494 1750 et
514 1720 642 1751 omnino
658 1730 728 1751 cmn
746 1720 893 1751 omnibus
906 1721 1070 1752 content-is
1094 1721 1179 1752 intra
1200 1722 1318 1753 limites

323 1790 335 1801 ιι
366 1776 530 1817 predictos
547 1783 578 1807 et
600 1776 693 1817 pleno
709 1777 784 1817 jure
799 1787 837 1808 ac
858 1777 985 1817 integra
1004 1777 1157 1808 libertate
1173 1778 1315 1819 ipsorum

323 1848 334 1857 ‹·
365 1833 466 1863 etiam
478 1832 647 1863 limitatum
664 1833 890 1872 sinequalibet
903 1833 1125 1865 diminutione.
1142 1844 1213 1864 cum
1231 1835 1314 1865 omni

323 1903 335 1914 ιι
365 1889 488 1920 honore
510 1892 542 1920 et
566 1889 805 1930 jurisdictione,
832 1890 978 1931 perfecto
1007 1896 1034 1920 et
1061 1900 1136 1921 vero
1162 1890 1312 1925 dominio,

329 1960 334 1969 ι
366 1945 568 1986 proprietate
591 1956 626 1976 ac·
654 1947 861 1987 possessione
881 1947 1020 1977 onmium
1042 1946 1259 1987 predictorum
1281 1949 1312 1978 et
1340 1942 1341 1948 ¹

323 2017 334 2026 ··
365 2002 502 2032 aliorum
524 2003 676 2040 munium,
700 2013 760 2043 que
782 1992 824 2033 in*
839 2002 1020 2043 privilegiis
1042 2002 1249 2043 largitionum
1284 2005 1313 2034 in

321 2072 333 2083 ιι
361 2058 555 2089 favorabiles
568 2059 727 2099 quaslibet
746 2069 913 2100 personas,
932 2059 984 2090 vel
1001 2059 1082 2095 loca,
1106 2059 1136 2089 in
1151 2059 1310 2092 favorem.
1337 2056 1339 2064 ⁴

323 2130 335 2141 ιι
365 2115 533 2146 comodum
555 2119 587 2146 et
613 2115 774 2145 cautelam
802 2126 925 2153 eorum,
951 2115 1064 2156 quibus
1085 2116 1309 2153 conferuntur,

321 2186 333 2197 ιι
362 2170 522 2202 conscribi
537 2171 643 2202 solent
666 2176 720 2202 aut
741 2178 889 2212 possunt.
911 2172 955 2202 ita
981 2176 1012 2202 ut
1035 2172 1225 2202 beneficium
1241 2182 1311 2203 mee

322 2242 335 2253 ιι
365 2227 545 2258 collationis
562 2227 777 2269 largissimam
800 2228 838 2258 ad
859 2238 953 2258 omne
976 2232 1188 2266 commodum,
1212 2228 1311 2259 liono-

325 2298 336 2308 ιι
367 2294 439 2314 rein
456 2286 489 2314 ct
510 2284 683 2315 utilitatem
709 2283 823 2314 domus
837 2287 871 2315 et
893 2284 1029 2315 fratrum
1053 2284 1237 2315 eorumdem
1260 2295 1311 2315 re—

323 2356 334 2365 ιι
364 2340 462 2380 cipiat
480 2341 792 2381 interpretationem.
817 2340 915 2371 nichil
930 2340 1168 2381 prorsusjnris,
1186 2340 1310 2372 utilita—

322 2411 334 2421 ιι
366 2397 417 2434 tis,
446 2395 626 2434 advocatie,
655 2398 857 2437 patronatus,
892 2397 940 2427 vel
971 2396 1143 2437 cujuslibet
1175 2396 1310 2428 alterius

322 2468 333 2478 ιι
360 2452 601 2493 jurisdictionis
629 2454 682 2483 aut
719 2453 905 2494 potestatis,
947 2463 1145 2493 quocumque
1182 2453 1309 2484 nomine

321 2524 333 2535 «
363 2510 488 2539 censeri
521 2509 635 2550 possit,
664 2509 713 2539 vel
739 2508 910 2550 appellari,
945 2508 1223 2546 milii,licredibus
1258 2509 1308 2540 vel

328 2582 332 2590 ι
362 2565 606 2596 successoribus
626 2566 705 2595 meis
725 2566 756 2596 in
775 2565 922 2596 omnihus
938 2565 1146 2606 supradictis.
1164 2565 1217 2596 vel
1232 2576 1308 2605 quo-

328 2637 331 2647 ‹
362 2621 439 2652 libet
467 2632 576 2652 eorum
606 2622 749 2652 retinens
771 2628 825 2652 aut
844 2632 1031 2653 reservans,
1060 2621 1117 2652 sed
1138 2622 1243 2652 omnia
1269 2632 1307 2652 ea

320 2692 332 2703 ιι
362 2688 431 2708 cum
451 2678 654 2708 libertatibus
668 2681 701 2708 et
721 2678 815 2719 pleno
836 2680 868 2709 et
887 2678 1016 2719 integro
1032 2678 1116 2717 jure,
1138 2678 1206 2708 sinc
1222 2678 1307 2708 omni

319 2751 331 2760 ιι
360 2734 444 2771 (1ω10,
469 2734 593 2769 fraude,
612 2735 761 2775 captione
778 2745 815 2765 ac
835 2734 1054 2776 captiositate,
1081 2734 1148 2765 sine
1169 2734 1306 2765 diminu-

318 2806 331 2817 «
361 2791 446 2821 tione
463 2800 498 2821 ac
521 2791 735 2829 coartatione,
758 2801 828 2821 cum
847 2789 931 2821 bona
951 2795 984 2821 et
1009 2790 1209 2821 exuberante
1229 2790 1302 2828 fide,
1330 2820 1333 2825 ,

318 2863 329 2871 ιι
359 2851 390 2877 et
408 2846 590 2887 largissimo
606 2847 786 2885 intellectu,
803 2847 909 2877 domui
924 2848 955 2877 et
976 2846 1130 2876 fratribus
1148 2856 1304 2876 memora·

317 2919 329 2927 ιι
360 2903 399 2933 tis
425 2903 544 2933 ‹zonmli
572 2906 604 2933 et
632 2903 749 2933 collata
775 2912 984 2943 recognosco.
1016 2912 1078 2933 inc.
1109 2902 1247 2933 heredes
1272 2907 1303 2933 et
1330 2893 1331 2933 l

1384 330 1397 342 (ι

1383 388 1395 400 υ

1045 234 1112 265 RE(
1121 235 1280 267 usTRES
1305 236 1609 269 D’ALEXANDRE
1635 239 1674 269 lx·

1427 322 1548 348 terram
1575 327 1676 348 meam
1706 318 1853 357 obligans
1879 324 1913 350 et
1939 320 2041 350 teneri
2069 321 2181 352 volens
2201 322 2241 352 ‹le
2269 333 2367 354 ovec-

1427 374 1525 404 tione.
1540 374 1850 414 l'retereaquioquid
1859 374 1898 406 de
1908 376 2053 416 personis
2064 376 2113 408 vel
2127 376 2215 409 bonis
2228 380 2365 410 oninium

1382 444 1395 455 ιι
1425 430 1678 461 sarracenorum
1703 431 1937 470 captivatione,
1973 431 2218 474 depredatione,
2255 439 2367 467 extor-

1381 500 1394 512 (ι

1424 487 1525 518 sione.
1539 488 1749 529 occupatione
1764 488 2034 530 etsubjugationc
2047 489 2207 522 mobilium
2229 493 2298 523 sive
2310 493 2365 524 irn-

1380 558 1393 569 ιι
1418 543 1594 580 mobilium,
1605 550 1764 575 terrarum
1775 545 1824 575 vel
1837 554 2004 584 aquarum,
2017 553 2112 586 atque
2121 548 2260 578 oninium
2275 549 2305 579 in
2319 550 2365 580 eis

1379 615 1391 625 ιι
1422 602 1663 638 contentorum,
1676 600 1816 641 quolibet
1834 601 1927 632 modo
1942 602 2061 633 fratres
2078 602 2215 644 predicti
2233 604 2365 645 adipisci

1379 671 1391 682 ιι
1423 657 1597 697 potuerint,
1617 667 1688 687 cum
1705 658 1789 688 omni
1810 663 1842 688 et
1858 658 1988 698 integro
2003 658 2076 699 jure
2091 668 2129 689 ac
2146 659 2298 691 libertate
2312 671 2365 692 su-

1420 713 1526 753 perins
1547 714 1703 754 premisse
1725 713 1920 752 donationis,
1943 714 2028 744 nulla
2060 725 2192 756 prorsus
2223 716 2365 748 domina-

1377 784 1390 794 «
1420 770 1517 800 tione.
1536 770 1702 800 coartione
1724 770 2017 811 velimpedimento
2035 771 2112 812 ipsis
2140 782 2157 802 a
2185 782 2247 811 me,
2270 773 2364 804 here-

1419 825 1510 856 dibus
1531 826 1610 857 meis
1631 826 1681 857 vel
1718 826 1858 866 quolibet
1885 827 1958 861 alio,
1985 837 2078 867 quem
2109 838 2166 859 nos
2192 829 2364 870 prohibere

1378 897 1391 908 ιι
1416 882 1466 913 vel
1495 887 1645 913 coartare
1673 884 1844 924 possimus,
1870 883 2046 924 prestando
2079 885 2127 914 vcl
2162 886 2364 926 procurando

1378 951 1391 965 (t

1419 938 1543 970 eisdem
1568 940 1734 970 concessi¹
1757 950 1828 970 cum
1851 950 1926 971 vera
1949 941 2148 982 proprietate
2170 946 2203 973 et
2219 943 2365 984 perfecto

1377 1010 1388 1019 ιι
1418 994 1558 1025 dominio
1598 996 1705 1036 quiete
1733 996 1974 1037 possidemlum,
1996 1000 2026 1027 et
2058 997 2088 1027 in
2114 997 2172 1028 hoc
2200 1000 2362 1033 consensi.

1377 1064 1382 1076 t

1377 1122 1389 1135 (ι

1377 1179 1382 1191 ι

1377 1235 1382 1248 (

1378 1292 1389 1304 ι,

1377 1348 1390 1360 (ι

1377 1404 1390 1418 t(

1375 1463 1388 1476 (ι

1374 1519 1386 1532 11

1374 1575 1387 1589 t(

1385 1065 1389 1076 ι
1419 1061 1489 1082 cum
1514 1052 1623 1083 uxoris
1651 1063 1734 1089 mee,
1764 1052 1899 1083 tiliorum
1931 1063 2086 1093 meorum,
2125 1055 2362 1096 episcoporum,

1419 1107 1572 1139 baronum
1594 1114 1627 1139 et
1647 1112 1835 1149 magnatum
1857 1113 1945 1140 terre
1967 1121 2036 1141 nice,
2050 1122 2222 1147 consensu,
2251 1117 2364 1144 contra

1385 1178 1389 1189 ι
1419 1174 1545 1195 omnem
1564 1165 1723 1196 hominem
1740 1165 1778 1196 aul
1804 1166 2064 1197 observationem
2086 1171 2116 1198 et
2142 1168 2363 1200 defensionem

1385 1235 1389 1245 .
1421 1222 1561 1252 omnium
1586 1221 1844 1263 supradictorum
1881 1222 2055 1254 secundum
2083 1234 2178 1255 omne
2208 1235 2303 1266 posse
2333 1233 2365 1257 et

1420 1280 1505 1309 totas
1525 1278 1612 1308 vires
1634 1289 1721 1309 meas
1742 1279 1863 1310 eisdem
1879 1280 2088 1311 consiliumet
2110 1280 2263 1312 auxilium
2285 1282 2365 1313 bona

1419 1334 1482 1364 fide
1502 1334 1639 1365 firmiter
1653 1336 1858 1376 promittens.
1881 1346 1994 1367 omnes
2023 1336 2161 1367 heredes
2183 1341 2215 1368 et
2231 1347 2364 1369 succes-

1419 1400 1510 1422 sores
1534 1402 1623 1423 meos
1644 1395 1676 1422 et
1700 1399 1805 1423 terras
1827 1402 1916 1423 meas
1940 1393 2088 1433 obligans
2112 1404 2237 1425 mecum
2263 1398 2297 1425 et
2312 1405 2365 1425 as-

1419 1449 1569 1489 tringens
1590 1448 1628 1479 ad
1646 1448 1920 1483 ratihabitionem,
1943 1449 2202 1481 observationem
2231 1453 2263 1482 et
2289 1461 2365 1482 con-

1416 1505 1860 1543 servationem,donationem
1868 1507 2122 1540 ,concessionem
2133 1506 2363 1544 obligationum

1412 1567 1445 1593 ct
1472 1563 1719 1603 promissionum
1743 1563 1882 1593 omnium
1910 1563 2168 1604 supradictorum
2203 1573 2209 1594 1
2246 1564 2365 1594 fratres

1374 1634 1387 1645 ιι
1410 1629 1535 1659 quoqne
1551 1619 1686 1660 predicti
1709 1618 1790 1650 bona
1810 1618 1871 1650 fide
1887 1620 2143 1661 repromiserunt
2172 1619 2247 1650 milii
2268 1620 2364 1650 liere-

1373 1690 1387 1702 t(

1415 1675 1572 1716 (libusque
1598 1676 1679 1706 meis
1706 1675 1883 1706 secundnm
1908 1676 1963 1707 Dei
1984 1676 2138 1706 honorem
2160 1680 2193 1706 ct
2216 1676 2363 1707 timorem

1372 1748 1384 1758 ιι
1413 1734 1527 1764 contra
1544 1732 1707 1763 prutenos
1733 1735 1765 1762 et
1791 1732 1869 1763 alios
1901 1732 2098 1763 Sarracenos
2119 1732 2209 1763 nobis
2227 1737 2358 1763 conter-

1371 1802 1383 1816 (1

1371 1860 1383 1871 (ι

1371 1916 1384 1930 Ι(

1368 1974 1380 1985 «ι

1412 1789 1515 1820 minos
1531 1790 1651 1819 terram
1669 1794 1810 1819 nostram
1827 1789 2067 1829 impugnantes,
2084 1788 2233 1828 quamdiu
2249 1789 2359 1819 hostes

1409 1845 1481 1877 fidei
1515 1848 1589 1876 sunt
1619 1850 1651 1877 et
1678 1846 1797 1876 inimici
1824 1845 1929 1876 cultus
1955 1845 2086 1876 Christi.

1413 1902 1484 1933 sine
1500 1901 1572 1933 dolo
1593 1912 1630 1932 ac
1651 1901 1779 1932 fictione
1797 1912 1859 1933 una
1871 1902 2032 1933 nobiscum
2047 1902 2130 1933 omni
2141 1905 2287 1943 tempore
2298 1902 2356 1932 ini-

1410 1959 1518 1990 litare.
1539 1959 1585 1990 Ne
1606 1959 1706 1999 igitur
1717 1958 1907 1990 donationes
1921 1962 1953 1989 et
1967 1958 2195 1989 concessiones
2211 1957 2355 2000 predicte

2127 1846 2296 1878 assistere,
2325 1852 2358 1875 et,

1367 2031 1379 2042 ιι
1409 2016 1529 2047 celebri
1544 2016 1641 2057 digne
1661 2016 1816 2047 memoria
1840 2021 1905 2046 tam
1932 2015 2028 2046 utiles
2045 2024 2139 2055 quam
2166 2015 2356 2046 necessarie

1367 2087 1379 2099 «ι

1366 2143 1379 2155 (1

1405 2083 1465 2103 nou
1487 2073 1587 2103 solum
1607 2073 1776 2104 securitati
1797 2072 1934 2103 fidelium
1949 2072 1979 2102 in
2000 2071 2145 2109 polonia,
2163 2071 2215 2111 qui
2235 2081 2354 2112 graves

1409 2129 1669 2171 impugnationes
1694 2135 1725 2160 et
1755 2129 1984 2170 oppressiones
2012 2128 2051 2158 ab
2068 2127 2213 2158 hostibus
2234 2126 2352 2158 Christi

1366 2201 1377 2211 ιι
1402 2185 1592 2226 jamdudum
1611 2186 1884 2222 sustinuerunt,in
1906 2185 2048 2226 presenti
2065 2183 2283 2225 proficientes,
2297 2193 2354 2214 ve-

1365 2255 1378 2269 t(

1365 2313 1370 2326 (

1365 2370 1369 2383 1

1364 2427 1370 2439 1

1364 2483 1377 2496 (⁴

1363 2539 1367 2551 1

1362 2595 1368 2608 (

1361 2651 1367 2663 ί

1360 2709 1374 2722 (ί

1407 2253 1476 2273 rum
1495 2243 1591 2274 etiam
1607 2243 1830 2284 propagationi
1851 2244 1883 2273 et
1914 2241 2111 2282 ampliationi
2141 2243 2352 2271 sacrosancte

1373 2314 1378 2325 ι
1407 2298 1662 2337 fideicatholice,
1674 2299 1811 2330 utetiam
1822 2299 1908 2339 ipsos
1921 2297 2080 2335 infideles,
2089 2307 2222 2338 quorum
2233 2295 2350 2328 exinde

1373 2371 1377 2381 ‹
1403 2358 1554 2397 speratur
1569 2356 1753 2393 conversio,
1778 2365 1836 2396 pei·
1858 2355 1912 2385 Dei
1946 2354 2084 2395 gratiam
2105 2353 2273 2394 profuture
2292 2352 2350 2383 lia-

1373 2428 1378 2439 ι
1412 2412 1509 2443 beant
1530 2413 1559 2442 in
1580 2412 1785 2446 oblivionem,
1813 2417 1865 2442 aut
1895 2411 2125 2452 cujuscumque
2154 2408 2347 2440 calliditate.

1404 2469 1490 2506 dolo,
1524 2469 1681 2503 versutia,
1706 2469 1836 2499 sinistra
1870 2467 2139 2508 interpretatione
2171 2465 2346 2497 debilitari.

1371 2540 1375 2550 ι
1406 2525 1560 2566 perverti,
1596 2525 1715 2564 frangi.
1749 2524 1860 2555 violari
1890 2524 2018 2554 valcant
2051 2522 2101 2553 vel
2123 2522 2256 2559 irritari,
2295 2521 2346 2552 vel

1370 2597 1375 2607 ‹
1405 2581 1520 2612 saltem
1542 2580 1691 2612 malivola
1720 2580 1958 2611 machinatione
1985 2578 2188 2619 attemptari,
2207 2576 2262 2608 sed
2288 2586 2346 2618 po—

1370 2652 1375 2663 ι
1403 2638 1466 2668 tius
1486 2639 1536 2679 pie
1561 2647 1631 2668 mee
1652 2637 1833 2668 donationis
1852 2637 1940 2667 facta
1965 2635 2054 2666 firma
2082 2635 2295 2676 permaneant
2312 2636 2345 2663 et

1403 2694 1602 2726 inconvulsa.
1640 2693 1678 2724 ad
1722 2698 1908 2734 perpetuam
1944 2692 2142 2733 prefatorum
2179 2691 2343 2730 gestorum

1360 2766 1373 2779 ιι
1397 2751 1597 2785 memoriam,
1630 2754 1816 2791 presentem
1855 2749 2004 2790 paginam
2044 2747 2175 2778 testium
2208 2746 2344 2786 inscrip-

1359 2822 1371 2834 ιι
1401 2808 1498 2846 tione,
1523 2808 1595 2841 mei,
1619 2807 1728 2837 uxoris
1751 2816 1833 2844 mee,
1857 2806 2078 2846 (ψίηόριηᾞηι
2100 2809 2130 2834 et
2157 2805 2341 2843 magnatum

1390 2921 1395 2941 1
1404 2938 1407 2941 .

1426 2919 1471 2942 ,11³1
1489 2926 1492 2940 :
1509 2925 1647 2941 concessu.

2462 3190 2477 3259 ''Cd
2463 3114 2477 3164 ’ἡ
