2477 3512
181 276 242 306 760
903 274 1161 308 REGISTRES
1183 274 1520 308 D'ALEXANDRE
1541 274 1589 308 IV

221 392 233 408 ι
253 403 282 415 ..,
312 380 498 420 praeposito,
530 380 644 410 decano
662 381 689 409 el
707 380 843 419 capitulo
861 379 981 410 ecclesie
1000 380 1090 410 Beati
1109 380 1194 410 Petri

181 433 375 467 Caslelensis,
395 433 591 462 Morinensis
608 433 747 462 diocesis.
769 432 804 462 In
824 432 1021 474 Sanctorum·
1033 433 1192 462 festivita-

182 486 269 516 tibus
297 503 346 515 -.
368 486 452 515 Hinc
474 488 523 515 est
547 486 634 524 quod
653 494 726 515 cum
748 485 878 515 ecclesia
897 488 1004 515 vestra
1024 486 1056 515 in
1075 486 1194 515 honore

179 539 273 569 Beati
294 539 380 568 Petri
399 539 536 577 apostoli
556 540 740 568 constructa
759 547 826 567 esse
845 538 982 572 dicatur,
1002 548 1070 573 nos,
1089 539 1192 577 ipsam

179 592 274 630 digna
297 591 355 621 coli
377 591 556 621 reverentia
578 591 754 629 cupientes,
777 591 926 620 omnibus
948 600 1021 620 vere
1043 591 1189 630 peniten-

177 645 265 674 tibus
291 646 324 673 et
351 644 512 677 confessis,
541 644 596 682 qui
623 644 664 673 ad
691 644 827 673 eandem
855 644 1020 673 ecclesiam
1047 644 1078 673 in
1106 644 1189 673 illius

177 696 260 726 festo
285 700 317 726 et
343 706 398 735 per
422 697 491 735 ejus
517 699 660 730 octavas,
686 705 766 735 pura
792 697 976 726 intentione
1000 697 1194 726 accesserint

179 750 361 783 annuatim,
391 750 429 778 de
459 749 691 788 omnipotentis
720 750 779 779 Dei
808 749 1023 779 misericordia
1052 752 1085 779 et
1111 750 1192 779 Bea-

181 806 292 832 torum
324 803 411 832 Petri
443 805 476 832 et
508 803 610 835 Pauli,
643 803 863 841 apostolorum
895 802 964 840 ejus
996 802 1191 832 auctoritate

180 855 305 889 confisi,
331 858 461 885 centum
486 856 553 884 dies
578 856 616 884 de
641 855 787 893 injuncta
812 855 872 885 sibi
897 855 1074 893 penitentia
1099 855 1192 884 mise-

177 908 343 938 ricorditer
371 909 562 938 relaxamus.
590 909 666 937 Dat.
683 909 838 947 Anagnie,
854 908 898 937 VI
914 908 976 938 kal.
993 908 1187 943 novembris,

175 970 260 992 anno
286 962 435 991 secundo.
464 973 475 988 »

254 1150 342 1176 2⁴⁴5
682 1150 819 1182 Viterbe,
833 1150 869 1177 18
879 1150 1003 1183 janvier
1016 1150 1102 1177 1258.

214 1199 466 1226 Translationem
497 1199 707 1232 quorumdam
739 1198 894 1225 bonorum
925 1198 1071 1225 ecclesiae
1101 1198 1188 1231 Mag-

175 1239 360 1272 deburgensi
394 1239 433 1265 ab
467 1239 614 1272 episcopo
648 1240 678 1265 et
702 1238 841 1272 capitulo
865 1238 1186 1265 Halberstadensibus

174 1279 302 1310 factam,
319 1278 452 1312 receptis
469 1285 487 1304 a
505 1279 590 1305 dicta
621 1278 750 1305 ecclesia
767 1278 889 1304 duobus
906 1278 1026 1309 castris,
1058 1279 1185 1304 centum

174 1325 349 1345 marcarum
382 1318 569 1349 redditibus,
604 1319 740 1351 quatuor
772 1318 912 1344 millibus
945 1324 1121 1344 marcarum
1154 1319 1186 1344 et

174 1358 354 1392 quingentis
370 1358 484 1384 marcis
500 1358 632 1391 argenti,
650 1358 827 1384 confirmat.
845 1357 941 1391 (REG.
960 1357 1008 1390 25,
1025 1358 1045 1385 f.
1065 1357 1121 1384 118
1138 1360 1184 1390 νῦ,

173 1405 222 1425 an.
252 1398 303 1429 IV,
329 1405 354 1425 c.
381 1397 438 1430 38;
465 1397 641 1424 POTTHAST
668 1397 775 1424 17154.

215 1495 227 1509 «
241 1506 270 1517 ..‚
286 1483 429 1521 episcopo
443 1484 469 1511 et
484 1482 620 1521 capitulo
634 1482 959 1512 Halberstadensibus.
984 1482 1064 1512 Cum
1087 1483 1184 1512 eccle-

174 1535 294 1565 siarum
320 1536 468 1574 dampnis
494 1553 543 1564 d.
570 1536 645 1565 Dat.
672 1535 819 1570 Viterbii‚
846 1536 906 1565 XV
933 1536 995 1565 kal.
1021 1535 1187 1580 februarii,

171 1598 257 1619 anno
288 1591 414 1628 quarto.
445 1600 456 1615 u

250 1804 338 1830 2446
679 1804 817 1837 Viterbe,
831 1804 867 1831 18
877 1804 1001 1838 Janvier
1012 1804 1098 1832 1258.

210 1853 360 1886 Magistro
393 1852 575 1884 Laurentio,
608 1853 758 1879 canonico
791 1852 934 1885 Metensi,
968 1853 1112 1880 concedit
1144 1855 1180 1880 ut

169 1899 262 1919 omne
287 1893 338 1926 jus
366 1892 451 1926 quod
478 1900 517 1918 ex
544 1893 722 1926 receptione
749 1900 805 1919 sua
832 1893 864 1919 in
891 1892 1024 1919 Metensi
1051 1893 1180 1920 ecclesia

169 1932 209 1959 ad
234 1933 422 1959 mandatum
450 1929 652 1969 I[nn0centii]
678 1939 779 1966 papae
804 1932 1026 1966 acquisiverat,
1051 1933 1179 1966 plenum

169 1972 313 1999 obtineat
336 1972 486 2005 vigorem,
507 1979 570 1998 non
586 1972 734 1998 obstante
757 1972 985 1999 constitutione
1009 1973 1176 2005 contraria,

167 2013 311 2039 statuens
328 2012 455 2045 insuper
477 2009 690 2045 praebendam
713 2012 745 2038 in
768 2012 877 2038 eadem
901 2012 1030 2039 ecclesia
1052 2012 1080 2038 ei
1104 2013 1179 2039 assi-

168 2052 329 2085 gnandam
349 2058 424 2078 esse.
445 2051 542 2085 (REG.
564 2051 613 2083 25,
633 2051 654 2078 f.
677 2051 744 2083 119,
765 2058 815 2079 an.
839 2051 892 2083 IV,
912 2059 937 2078 c.
959 2051 1021 2085 36.)

210 2148 222 2162 «ι
240 2136 399 2174 Magistro
417 2136 596 2171 Laurentio,
616 2136 772 2166 scolastico
791 2138 818 2166 el
836 2137 969 2175 officiali
990 2132 1178 2172 Tre'verensi,

167 2189 316 2218 canonico
335 2189 481 2218 Metensi.
501 2189 552 2218 Ad
571 2189 764 2218 mandatum
784 2189 882 2219 felicis
901 2190 1131 2220 recordationis
1153 2190 1177 2220 I.

166 2250 260 2281 pape,
291 2242 521 2280 predecessoris
552 2242 662 2276 nostri,
686 2242 762 2271 olim
791 2242 824 2272 in
854 2243 1007 2272 Mettensi
1036 2243 1177 2278 ecclesia,

168 2296 205 2324 ut
231 2295 322 2324 nobis
347 2294 500 2328 innotuit,
526 2297 675 2333 receptus
700 2294 790 2324 fuisti
814 2295 847 2324 in
873 2296 1062 2325 canonicum
1088 2298 1121 2325 et
1145 2297 1177 2326 in

168 2346 311 2376 fratrem.
331 2347 392 2377 Sed
410 2344 502 2377 nobis
528 2350 603 2386 post
620 2348 763 2382 modum,
782 2348 820 2377 de
838 2348 975 2378 fratrum
994 2351 1177 2378 nostrorum

167 2400 308 2433 consilio,
335 2400 532 2438 receptiones
558 2400 702 2429 omnium
727 2401 906 2439 prebendas
932 2402 1175 2439 expectantium

166 2454 342 2481 vacaturas
378 2452 462 2481 ultra
491 2455 631 2491 quatuor
656 2453 688 2482 in
715 2453 853 2482 ecclesiis
878 2453 992 2488 factas,
1020 2455 1176 2484 constitu-

166 2504 263 2534 tionis
286 2505 391 2534 edicto
414 2505 616 2534 irritantibus
638 2506 787 2543 generali,
810 2508 867 2535 tua
890 2507 1030 2545 receptio
1052 2507 1083 2536 in
1107 2517 1177 2546 pre-

167 2557 254 2586 dicta
276 2557 406 2587 ecclesia
429 2566 491 2596 que
514 2567 577 2587 non
599 2558 673 2598 es[t]
698 2559 736 2588 de
758 2559 944 2597 hujusmodi
966 2563 1115 2598 quatuor,
1139 2563 1177 2590 ut

165 2610 359 2648 accepimus,
382 2612 431 2639 est
451 2612 587 2639 cassata.
610 2611 729 2640 Verum
751 2611 825 2650 quia
847 2621 942 2650 super
962 2613 1021 2642 hoc
1043 2613 1175 2651 dignum

166 2663 318 2692 duximus
342 2663 465 2701 aliquid
490 2663 572 2692 circa
596 2666 629 2692 te
653 2664 832 2702 specialiter
856 2665 1020 2699 constitui,
1045 2675 1119 2695 cum
1142 2666 1175 2696 id

165 2717 221 2744 tue
246 2715 420 2753 probitatis
451 2718 484 2744 et
509 2716 661 2745 utilitatis
693 2726 754 2755 que
780 2726 836 2755 per
860 2719 892 2746 te
918 2727 1009 2756 posse
1035 2719 1176 2749 creditur

127 2800 132 2803 ,
164 2767 225 2806 ipsi
256 2768 384 2797 ecclesie
415 2768 592 2806 provenire,
623 2769 836 2800 consideratio
866 2772 1037 2805 mereatur,
1069 2781 1177 2810 recep-

167 2820 289 2849 tionem
316 2822 407 2850 tuam
435 2821 467 2850 in
494 2822 606 2850 eadem
633 2822 763 2851 ecclesia
792 2823 829 2852 de
856 2823 985 2861 speciali
1011 2824 1114 2862 gratia
1142 2827 1176 2854 et

166 2873 338 2910 potestatis
369 2876 476 2903 nostre
506 2874 705 2912 plenitudine
736 2884 798 2913 qua
830 2876 868 2905 de
896 2875 966 2914 jure
996 2885 1091 2915 supra
1121 2877 1173 2915 jus

165 2934 345 2963 possumus,
372 2926 412 2955 ad
455 2926 633 2956 efficaciam
682 2927 840 2966 integram
878 2929 957 2966 juris
993 2932 1026 2958 et
1052 2930 1173 2960 roboris

164 2977 303 3015 pristini,
323 2979 518 3008 auctoritate
536 2980 733 3017 presentium
751 2981 949 3015 reducentes,
969 2982 1172 3012 concedimus

1299 383 1399 420 atque
1434 382 1609 412 statuimus
1639 391 1733 412 omne
1750 383 1803 421 J'us
1821 383 1908 422 quod
1938 392 1978 412 ex
1996 382 2109 413 eadem
2127 383 2309 422 receptione

1299 434 1359 464 tibi
1377 435 1572 474 acquisitum
1590 435 1696 465 fuerat
1712 437 1745 465 et
1762 437 1892 474 poterat
1909 435 2087 474 provenire,
2105 436 2235 474 plenum
2253 445 2309 475 per

1299 487 1406 517 omnia
1437 497 1595 517 resumere
1625 496 1662 517 ac
1693 488 1838 518 obtinere
1867 488 2020 527 vigorem,
2041 490 2075 518 et
2097 489 2305 527 prebendam,

1299 540 1376 570 nulli
1389 540 1441 569 alii
1455 541 1493 570 de
1505 541 1575 578 Jure
1588 541 1742 575 debitam,
1756 541 1782 570 si
1795 550 1858 580 qua
1871 543 1969 570 vacat
1980 541 2100 570 ibidem
2112 541 2153 571 ad
2166 550 2305 580 presens,

1297 593 1348 622 vel
1375 602 1473 632 quam
1500 593 1603 632 primo
1628 602 1744 623 vacare
1770 593 1950 632 contigerit,
1977 594 2037 623 tibi
2063 596 2245 633 competere
2269 603 2307 625 ac

1298 646 1406 675 deberi
1441 646 1471 675 in
1507 646 1638 675 ecclesia
1672 649 1851 676 memorata
1886 655 1959 676 cum
1995 646 2194 685 plenitudine
2227 647 2307 686 juris

1298 699 1442 729 canonici
1468 699 1526 728 tibi
1551 699 1600 728 vel
1626 699 1678 728 alii
1703 701 1760 729 tuo
1786 699 1914 729 nomine
1938 699 2176 738 assignandam,
2201 700 2307 731 edicto

1297 752 1539 782 constitutionis
1566 754 1599 781 et
1625 752 1814 782 irritationis
1842 752 1985 791 predicte
2012 753 2098 791 quod
2126 753 2187 782 tibi
2213 762 2308 792 super

1297 804 1358 834 hiis
1379 805 1584 844 aliquatenus
1606 805 1716 835 obesse
1739 805 1899 839 nolumus,
1922 814 1985 835 non
2008 806 2178 841 obstante;
2202 806 2309 836 decer-

1297 860 1409 887 nentes
1434 858 1560 887 irritum
1585 860 1617 888 et
1641 858 1735 888 inane
1759 858 1785 887 si
1810 858 1887 897 quid
1913 858 1951 888 de
1976 859 2138 897 prebenda
2163 859 2214 888 vel
2236 859 2307 898 jure

1296 910 1483 947 hujusmodi
1510 913 1621 940 contra
1650 911 1719 944 hoc,
1749 913 1858 940 nostra
1886 910 1937 940 vel
1965 911 2080 950 quavis
2099 911 2305 946 auctoritate.

1295 963 1467 1001 contigerit
1508 963 1540 992 in
1584 966 1677 993 tuum
1718 964 1932 1002 prejudicium
1974 964 2176 1002 attemptari.
2218 964 2306 995 Nulli

1295 1018 1402 1045 nostre
1421 1016 1626 1050 reductionis,
1654 1017 1866 1046 concessionis
1901 1020 1934 1046 et
1969 1017 2210 1047 constitutionis
2243 1020 2305 1048 etc.

1294 1069 1370 1098 Dat.
1396 1068 1544 1103 Viterbii,
1570 1069 1632 1099 XV
1656 1069 1719 1099 kal.
1744 1069 1908 1104 februarii,
1933 1079 2019 1100 anno
2044 1072 2171 1109 quarto.
2197 1081 2210 1097 ιν

1372 1287 1461 1313 2447
1800 1288 1938 1320 Viterbe‚
1952 1288 1988 1315 18
1999 1289 2122 1322 janvier
2134 1288 2220 1317 1258.

1334 1335 1433 1362 Priori
1452 1336 1480 1364 S.
1501 1336 1667 1363 Maximini
1685 1336 1882 1363 Treverensis
1901 1337 2033 1364 mandat
2052 1339 2088 1364 ut
2105 1337 2304 1371 praedictum

1293 1376 1479 1409 magistrum
1504 1376 1711 1403 Laurentium
1734 1377 1767 1403 in
1791 1377 1978 1404 canonicum
2002 1377 2100 1411 recipi
2123 1377 2251 1409 faciens,
2276 1377 2304 1404 ei

1293 1416 1505 1489 grazbfndam
1526 1417 1666 1450 aliquam
1687 1417 1832 1450 assignet.
1855 1416 1951 1450 (Res.
1974 1416 2022 1449 25,
2044 1417 2064 1444 f.
2089 1417 2156 1449 119,
2177 1423 2227 1444 an.
2250 1416 2303 1449 lv,

1333 1552 1344 1567 α
1358 1564 1388 1576 ..,
1403 1542 1502 1580 priori
1516 1542 1623 1572 Sancti
1633 1541 1811 1571 Maximini
1831 1542 2036 1576 Treverensis,
2055 1541 2176 1572 ordinis
2195 1541 2303 1572 Sancti

1289 1593 1459 1624 Benedicti.
1470 1595 1521 1624 Ad
1532 1595 1725 1624 mandatum
1735 1594 1835 1624 felicis
1846 1594 2078 1624 recordationis
2091 1594 2114 1624 Ι.
2126 1603 2220 1633 pape,
2231 1602 2302 1633 pre-

1288 1646 1460 1677 decessoris
1481 1647 1592 1682 nostri,
1604 1648 1680 1677 olim
1700 1647 1732 1677 in
1752 1647 1889 1677 Metensi
1909 1647 2040 1677 ecclesia
2061 1647 2196 1677 dilectus
2215 1646 2302 1677 filius

1288 1700 1441 1738 magister
1473 1700 1677 1735 Laurentius,
1720 1700 1907 1730 scolasticus
1939 1702 1973 1729 et
2005 1699 2153 1730 officialis
2184 1700 2301 1730 Treve-

1287 1753 1397 1788 rensis,
1414 1753 1586 1783 canonicus
1612 1753 1775 1788 Metensis,
1802 1755 1840 1782 ut
1865 1753 1958 1783 nobis
1982 1753 2127 1783 innotuit
2163 1755 2225 1783 etc.
2263 1755 2301 1782 ut

1286 1805 1319 1835 in
1340 1805 1413 1840 alia,
1434 1806 1542 1836 verbis
1562 1808 1784 1845 competenter
1796 1805 1943 1840 mutatis,
1958 1814 2078 1845 usque:
2097 1805 2298 1845 attemptari.

1288 1858 1444 1895 Quocirca
1470 1859 1664 1889 mandamus
1691 1859 1845 1898 quatinus
1873 1859 1997 1888 dictum
2023 1858 2215 1898 magistrum
2241 1867 2299 1898 pro

1287 1912 1441 1941 canonico
1466 1912 1628 1950 sepedicte
1653 1911 1782 1941 ecclesie
1808 1911 1919 1941 haberi
1943 1911 2075 1946 faciens,
2100 1911 2298 1950 prebendam

1286 1964 1365 1993 nulli
1378 1964 1431 1994 alii
1446 1965 1484 1994 de
1497 1965 1568 2003 Jure
1582 1964 1736 1999 debitam,
1750 1964 1777 1994 si
1791 1973 1855 2003 qua
1868 1967 1967 1994 vacat
1979 1964 2012 1994 in
2025 1963 2152 2003 prefata
2166 1964 2298 1994 ecclesia

1285 2017 1336 2046 vel
1360 2017 1601 2056 quamprimum
1632 2026 1748 2047 vacare
1780 2017 1961 2056 contigerit,
1990 2017 2085 2056 juxta
2109 2017 2297 2056 premissam

1285 2069 1434 2104 formam,
1448 2070 1645 2100 auctoritate
1657 2072 1767 2100 nostra
1780 2079 1836 2109 per
1848 2072 1881 2099 te
1892 2070 1943 2099 vel
1956 2079 2013 2108 per
2024 2069 2123 2099 alium
2135 2069 2297 2109 assignare

1285 2131 1435 2161 procures
1458 2123 1561 2153 eidem
1585 2132 1658 2153 cum
1680 2123 1760 2161 juris
1782 2122 1984 2161 plenitudine
2007 2122 2142 2153 canonic
2163 2123 2236 2161 (sic)
2258 2131 2296 2153 ac

1284 2176 1317 2205 in
1342 2176 1539 2215 corporalem
1563 2176 1794 2215 possessionem
1818 2175 1919 2214 ipsius
1942 2175 2081 2205 eundem
2104 2175 2296 2214 magistrum

1284 2229 1335 2258 vel
1360 2231 1602 2268 procuratorem
1627 2229 1696 2267 ejus
1721 2231 1779 2258 aut
1803 2228 1903 2258 alium
1928 2237 1986 2267 pro
2010 2228 2080 2267 ipso
2104 2228 2238 2258 inducas
2262 2230 2295 2259 et

1285 2281 1438 2312 defendas
1459 2282 1639 2312 inductum.
1662 2281 1921 2311 Contradictores
1942 2284 2003 2311 etc.
2037 2281 2110 2311 Non
2143 2281 2294 2311 obstante

1283 2334 1464 2365 irritatione
1491 2344 1546 2364 seu
1574 2334 1806 2364 constitutione
1832 2334 1988 2372 predicta,
2015 2333 2067 2363 vel
2095 2334 2181 2373 quod
2207 2333 2294 2364 idem

1283 2388 1436 2426 magister
1463 2387 1663 2426 generalibus
1691 2387 1806 2416 litteris
1835 2396 1892 2425 pro
1921 2387 2128 2416 restituendis
2156 2386 2293 2417 familia-

1281 2441 1370 2470 ribus
1393 2441 1512 2470 clericis
1535 2443 1568 2470 et
1590 2440 1762 2478 capellanis
1786 2439 1893 2469 dilecti
1915 2439 1974 2469 filii
1997 2439 2098 2469 nostri
2116 2439 2164 2474 Ρ.,
2182 2439 2293 2470 Sancti

1283 2494 1409 2532 Georgii
1436 2494 1477 2523 ad
1505 2493 1620 2523 Velum
1648 2493 1791 2522 Aureum
1828 2492 1954 2522 diaconi
1991 2492 2171 2526 cardinalis,
2200 2492 2292 2531 cujus

1281 2546 1349 2585 ipse
1372 2547 1555 2585 capellanus
1578 2545 1700 2579 existit,
1723 2546 1765 2575 ab
1784 2545 1971 2584 Apostolica
1991 2545 2071 2576 Sede
2090 2547 2202 2575 contra
2222 2554 2292 2584 pre-

1282 2600 1403 2629 dictam
1431 2599 1697 2629 constitutionem
1726 2598 1868 2628 obtentis
1896 2607 1972 2627 usus
2000 2600 2059 2633 est,
2088 2607 2152 2628 non
2179 2600 2291 2628 tamen

1280 2661 1354 2682 cum
1383 2652 1512 2686 effectu,
1541 2652 1573 2681 in
1602 2651 1732 2681 ecclesia
1753 2650 1926 2690 sepefacta,
1952 2660 2008 2680 seu
2035 2651 2061 2680 si
2089 2650 2189 2690 aliqui
2216 2652 2290 2690 post

1279 2705 1386 2744 ipsum
1410 2705 1541 2743 recepti,
1566 2706 1642 2734 ante
1666 2704 1772 2743 ipsum
1796 2704 1828 2733 in
1865 2704 1978 2733 eadem
2002 2703 2123 2733 fuerint
2146 2703 2290 2734 restituti

1282 2758 1412 2788 ecclesia
1438 2758 1504 2787 sive
1530 2759 1567 2786 ut
1592 2757 1806 2786 restituantur
1830 2757 1881 2786 vel
1906 2756 2102 2795 recipiantur
2125 2756 2288 2790 insistant,

1280 2813 1338 2841 aut
1357 2811 1395 2840 de
1408 2819 1493 2840 novo
1511 2810 1543 2839 in
1564 2810 1718 2839 canonico
1739 2809 1884 2848 ejusdem
1904 2809 2034 2838 ecclesie
2054 2809 2120 2838 sint
2146 2809 2288 2839 admissi.

1279 2865 1356 2894 Dat.
1380 2866 1418 2893 ut
1440 2872 1547 2902 supra.
1571 2874 1583 2890 n
