2477 3512
992 260 1194 300 SIXIEME
1219 260 1386 299 ANNEE
2183 268 2244 301 115

216 373 304 399 3128
666 373 799 406 Anagni‚
824 373 860 398 18
883 372 945 398 mai
970 371 1055 397 1260.

174 426 363 452 Abbatissae
395 428 425 452 et
456 425 625 452 conventui
656 425 837 451 monasterii
868 425 896 451 S.
930 423 1069 450 Silvestri
1100 423 1137 449 de

137 469 229 496 Ilreto
247 470 472 496 monasterium
490 470 591 503 ipsum
609 477 680 495 cum
697 469 842 495 omnibus
857 468 978 501 J'uribus
996 469 1026 493 et
1044 467 1137 500 perti-

134 513 246 539 nentiis
266 514 303 539 de
322 520 404 539 novo
424 513 553 539 confert.
574 513 670 545 (Bm.
691 513 738 541 25.
759 513 778 538 f.
799 512 867 543 248,
888 519 936 538 an.
957 511 1011 539 Vl.
1031 518 1056 536 c.
1077 510 1136 540 69:

134 556 305 583 POTT'HAST
330 557 450 589 17862.)

179 657 191 672 ι(
230 670 249 676 ..
289 645 459 676 abbatisse
496 647 524 676 el
561 645 738 676 conventui
775 643 979 676 monialium
1019 642 1136 674 Sancti

133 696 286 728 Silvesiri
307 697 345 729 de
367 697 476 729 Islceto
492 697 516 734 ¹,
539 698 670 729 ordinis
693 697 810 729 Sancti
827 696 1007 733 Damiani,
1035 695 1136 727 Urbi-

132 752 208 781 nate
229 750 381 782 diocesis.
405 750 570 792 Specialis
591 750 704 791 gratia
725 752 759 781 et
782 769 835 781 —.
859 749 941 780 Dat.
964 748 1134 789 Anagnie,

133 802 200 833 XV
224 803 292 834 kal.
316 803 416 844 junii,
442 813 534 834 anno
559 806 670 834 sexto.
697 816 708 831 n

211 985 299 1010 3129
677 984 812 1017 Anagni‚
836 984 853 1010 s
874 984 943 1017 juin
968 983 1053 1009 1260.

170 1037 325 1071 Episcopo
346 1037 562 1064 Saresbiriensi
581 1037 724 1063 concedit
744 1037 929 1063 facultatem
949 1036 1136 1070 providendi

130 1088 185 1115 per
202 1089 233 1108 se
252 1082 301 1107 vel
319 1089 374 1115 per
392 1081 487 1107 alium
506 1081 644 1107 Thomae
664 1081 701 1107 de
721 1081 882 1114 Rumesya
900 1083 930 1107 et
950 1081 1049 1106 tribus
1069 1080 1136 1106 aliis

130 1125 245 1152 clericis
261 1125 323 1152 suis
339 1133 415 1159 quos
432 1126 471 1151 ad
487 1125 544 1151 hoc
560 1125 687 1151 idoneos
703 1133 766 1151 esse
783 1125 974 1158 cognoverit,
990 1124 1136 1151 videlicet

129 1169 256 1196 cuilibet
270 1177 376 1196 eorum
390 1170 427 1195 de
441 1169 531 1195 unico
546 1169 697 1195 beneficio
711 1169 918 1195 ecclesiastico
932 1168 1134 1202 competenti,

129 1213 330 1247 praebendali
350 1213 398 1239 vel
417 1213 487 1244 alio,
507 1213 603 1239 etiam
622 1213 799 1239 animarum
818 1220 925 1239 curam
944 1213 1081 1238 habente
1100 1220 1136 1238 ac

130 1258 307 1291 pertinente
337 1257 377 1283 ad
408 1257 605 1283 collationem
637 1257 685 1282 vel
716 1257 1001 1290 praesentationem
1033 1257 1135 1289 cujiis-

129 1309 275 1335 cumque,
305 1308 367 1327 non
395 1302 502 1327 tamen
532 1301 741 1328 Cisterciensis
771 1301 819 1327 vel
849 1301 980 1333 alicujus
1009 1301 1135 1334 patroni

129 1345 208 1373 laici.
227 1345 323 1379 (Rea.
343 1345 391 1377 25,
409 1345 429 1371 f.
448 1345 516 1376 248,
535 1352 584 1371 an.
603 1345 658 1376 VI,
676 1352 701 1371 c.
721 1345 782 1377 70.)

175 1448 188 1463 «
218 1460 237 1467 ..
268 1435 424 1476 episcopo
456 1434 712 1466 Saresbiriensi.
744 1435 857 1466 Tuam
887 1435 1046 1466 volentes
1076 1435 1136 1465 ho-

129 1497 252 1520 norare
288 1506 342 1520 —.
380 1487 463 1519 Dat.
500 1487 669 1527 Anagnie,
708 1487 756 1518 VI
792 1487 870 1518 idus
904 1487 1004 1528 junii,
1042 1497 1135 1518 anno

129 1543 242 1572 sexto.
265 1553 277 1568 »

212 1726 302 1752 3130
677 1725 811 1758 Anagni,
835 1725 852 1751 8
874 1724 942 1757 juin
967 1725 1052 1751 1260.

172 1778 282 1804 Eidem
323 1779 465 1805 concedit
506 1779 692 1804 facultatem
733 1777 935 1811 dispensandi
975 1777 1136 1811 praedicto

132 1822 271 1849 Thomae
287 1823 324 1849 de
340 1823 500 1856 Rumesya
516 1824 547 1849 et
562 1822 662 1848 tribus
678 1822 744 1849 aliis
760 1822 876 1848 clericis
892 1821 950 1848 sibi
965 1822 1139 1855 obsequen-

130 1866 217 1893 tibus
234 1866 319 1900 quod
336 1874 443 1892 eorum
460 1866 602 1900 quilibet,
619 1868 744 1900 praeter
760 1866 968 1892 ecclesiastica
985 1865 1138 1892 beneficia

132 1918 212 1944 quae
227 1910 361 1942 obtinet,
376 1910 504 1944 unicum
519 1910 614 1941 aliud,
630 1909 753 1937 etiamsi
767 1911 953 1943 personatus
969 1911 1023 1935 aut
1040 1909 1138 1942 digni-

131 1956 181 1981 tas
201 1954 328 1987 existat,
349 1954 483 1988 recipere
503 1954 612 1988 possit.
634 1954 731 1987 (ΗΕΘ.
753 1954 801 1985 25,
822 1954 843 1980 f,
865 1953 922 1980 248
944 1957 989 1985 νο,
1011 1961 1060 1980 an.
1083 1953 1138 1985 VI,

132 1999 161 2025 d.
180 1998 220 2032 c.)

177 2098 190 2114 «
226 2086 360 2118 Eidem.
399 2086 513 2117 Tuam
550 2086 710 2117 volentes
748 2086 920 2117 honorare
958 2105 1011 2117 —.
1053 2086 1137 2120 Dat,

132 2139 303 2180 Anagnic,
325 2138 374 2170 Vl
395 2139 474 2170 idus
493 2138 594 2179 junii,
616 2148 709 2170 anno
730 2141 842 2170 sexto.
865 2151 877 2167 »

217 2323 301 2349 3131
662 2324 796 2358 Anagni,
819 2324 857 2350 20
879 2324 947 2357 juin
973 2324 1057 2350 1260.

176 2376 368 2402 Electionem
410 2376 550 2407 Robcrti,
590 2377 799 2403 archidiaconi
838 2377 1069 2409 Bathoniensis,
1109 2377 1138 2403 in

135 2421 316 2454 episcopum
342 2420 575 2446 Karleolensem
599 2421 799 2453 confirmans,
825 2421 965 2453 indulget
990 2422 1139 2455 magistro

135 2464 284 2495 Jotmnni,
315 2464 498 2490 cancellario
531 2465 730 2497 Eboracensi,
763 2473 857 2499 quem
887 2466 1138 2500 archiepiscopus

135 2508 352 2540 EboracensiS,
380 2508 541 2542 praedicto
571 2509 710 2536 Roberto
739 2509 882 2536 electioni
910 2511 948 2536 de
976 2517 1008 2536 se
1036 2510 1139 2537 factae

134 2553 216 2580 infra
238 2552 412 2586 legitimum
437 2554 561 2586 tempus
585 2560 648 2579 non
671 2553 895 2586 consentiente,
920 2554 1021 2580 eidem
1045 2554 1139 2581 eccle-

134 2597 197 2624 siae
219 2596 413 2624 Karleolensi
433 2597 636 2630 praefecerat,
658 2599 693 2623 ut
714 2598 754 2624 ad
775 2597 982 2632 episcopalem
1004 2598 1139 2631 (lignita-

135 2643 199 2668 tem
224 2641 293 2675 eligi
317 2642 348 2667 et
373 2641 500 2672 assumi,
526 2641 573 2667 vel
599 2641 622 2667 si
648 2641 791 2671 voluerit,
817 2642 995 2675 religionem
1021 2643 1139 2675 ingredi

136 2685 243 2720 possit.
260 2686 357 2719 (Rea.
374 2686 422 2717 25,
439 2685 458 2711 f.
476 2685 534 2711 248
550 2689 595 2717 νο,
612 2693 660 2711 an.
678 2685 733 2716 VI,
749 2693 774 2711 c.
791 2686 852 2718 71.)

182 2784 195 2802 α
237 2774 409 2816 Mayislro
453 2776 620 2813 Johmmi,
659 2776 890 2818 [ranlccllario
924 2777 1141 2814 Eboraccnsi,

140 2826 346 2869 [calpellano
366 2831 488 2860 nostro.
511 2829 658 2870 Speciali
679 2829 791 2869 gratia
812 2833 848 2861 et
867 2849 921 2862 —.
943 2831 1026 2862 Dat.
1048 2831 1142 2863 Ana-

137 2880 226 2922 gnie,
250 2879 323 2913 XII
346 2882 415 2914 kal.
436 2882 524 2923 julii,
548 2892 641 2914 anno
663 2886 776 2914 sexto.
800 2897 812 2911 υ

170 2979 191 3000 1.
210 2980 252 3002 Sic
262 2981 325 3002 dans
335 2981 452 3002 radi-esse
463 2982 489 3002 et
500 2981 563 3003 dans
574 2981 596 3002 le
608 2982 685 3002 texte.

1324 370 1414 395 3132
1768 373 1903 406 Anagni,
1926 373 1963 399 17
1985 373 2052 405 juin
2077 374 2163 400 1260.

1284 422 1381 448 Priori
1412 423 1448 448 de
1480 423 1597 449 Nocere
1628 424 1760 450 mandat
1790 426 1826 450 ut
1856 425 2000 458 episcopo
2031 426 2245 452 Lemovicensi

1241 473 1407 499 personam
1425 466 1569 493 idoneam
1589 468 1626 493 de
1644 468 1799 493 canonicis
1818 468 1998 494 monasterii
2018 469 2244 501 Guabonensis,

1242 510 1474 536 Lemovicensis
1503 511 1642 542 diocesis,
1671 511 1746 537 inihi
1774 512 1805 537 in
1840 512 1975 545 priorem
2018 512 2245 539 instituendam

1241 555 1440 587 praesentare
1458 556 1613 588 procuret.
1633 555 1729 587 (REo.
1749 555 1796 586 25,
1815 555 1836 581 f.
1855 555 1912 582 248
1931 560 1977 587 ν’),
1996 564 2045 582 an.
2064 556 2119 587 VI,
2138 563 2163 583 c.
2183 557 2244 590 72.)

1290 656 1302 671 «
1327 643 1468 684 ..priori
1491 644 1529 674 de
1545 644 1681 680 Nocere,
1700 644 1830 675 ordinis
1848 644 1964 675 Sancti
1982 644 2207 685 :tuquslini‚..
2233 643 2244 663 ¹

1243 696 1395 728 diocesis.
1439 697 1525 728 (jum
1567 697 1783 737 presentatio
1824 697 1947 738 prioris
1989 698 2164 737 prioratus
2205 697 2247 728 de

1241 749 1341 780 Tullo
1378 749 1540 780 vacantis
1576 750 1620 780 ad
1658 759 1809 790 presens,
1848 750 1915 780 ad..
1955 750 2173 790 prepositum
2212 752 2248 781 et

1241 802 1437 843 capitulum
1462 803 1665 833 monasterii
1691 802 1944 838 Guabonensis‚
1970 802 2100 833 ordinis
2127 802 2247 833 Sancti

1242 855 1442 896 Augustini,
1476 855 1736 886 Lemovicensis
1768 855 1924 891 dioc-esis,
1959 855 2086 895 quibus
2119 855 2249 886 (licitur

1242 908 1383 939 subesse
1415 908 1589 950 pertinere
1621 908 1770 943 dicatur,
1804 910 1837 938 et
1870 908 1962 939 idem
1995 908 2249 939 monasterium

1243 961 1421 1002 preposito
1443 964 1547 992 vacet
1569 961 1612 992 ad
1636 970 1787 1002 presens,
1811 963 1846 991 et
1868 960 2048 1001 negotium
2070 960 2250 991 electionis

1243 1015 1285 1046 de
1310 1014 1488 1056 preposito
1514 1023 1532 1045 a
1559 1014 1735 1045 canonicis
1760 1014 1869 1055 ipsius
1894 1013 2097 1044 monasterii
2122 1013 2156 1043 111
2182 1013 2250 1043 dis-

1244 1067 1362 1099 cordia
1390 1068 1564 1099 celebrate
1592 1067 1686 1108 apud
1717 1067 1842 1098 Scdem
1868 1066 2110 1107 Apostolicam
2138 1066 2252 1097 venti-

1244 1120 1346 1157 letur,
1373 1123 1517 1162 propter
1541 1121 1635 1161 quod
1662 1120 1784 1161 nequit
1804 1119 1816 1138 2
1839 1120 1881 1150 de
1906 1119 2018 1161 priore
2043 1119 2137 1150 dicto
2162 1119 2253 1160 prio-

1244 1173 1337 1204 ratui
1361 1173 1548 1215 provideri,
1573 1183 1663 1209 cum,
1689 1173 1828 1214 prelato
1851 1172 2065 1203 monasterio
2088 1174 2250 1207 vacante,

1243 1226 1459 1268 presentatio
1492 1226 1615 1267 prioris
1644 1226 1808 1266 jamdicti
1839 1225 2033 1256 secundum
2065 1227 2252 1255 consuetu-

1245 1280 1362 1311 dinem
1391 1280 1549 1320 ejusdem
1579 1279 1783 1310 monasterii
1812 1279 1856 1309 ad
1885 1278 2081 1320 capitulum
2110 1277 2254 1309 minime

1244 1333 1467 1368 devolvatur,
1488 1342 1529 1363 ne
1546 1332 1639 1363 idem
1657 1332 1834 1373 prioratus
1851 1341 1895 1362 ex
1910 1331 2098 1362 vacatione
2115 1330 2253 1361 diutina

1241 1385 1278 1417 111
1304 1385 1548 1427 spiritualibus
1573 1388 1608 1416 et
1634 1384 1890 1426 temporalibus
1915 1393 2060 1425 gravem
2086 1383 2253 1415 lesionem

1242 1439 1410 1475 incurrat,
1437 1438 1638 1470 discretioni
1664 1440 1722 1469 tue
1747 1438 1788 1469 de
1813 1447 1882 1478 qua
1907 1438 2047 1478 plenam
2072 1437 2105 1467 in
2132 1436 2253 1467 Domi-

1247 1502 1290 1523 no
1315 1491 1483 1523 fiduciam
1508 1491 1670 1532 gerimus,
1697 1501 1758 1532 per
1781 1490 1975 1532 apostolica
2000 1490 2130 1531 scripta
2156 1499 2254 1520 man-

1247 1545 1373 1576 damus
1400 1544 1580 1585 quatinus,
1608 1544 1635 1575 si
1662 1546 1714 1575 est
1740 1544 1802 1580 ita,
1830 1543 2022 1574 venerabili
2048 1542 2149 1574 fratri
2176 1551 2255 1573 nos—

1247 1600 1323 1628 tro..
1361 1597 1524 1637 episcopo
1561 1596 1815 1632 Lemovicensi,
1852 1596 1897 1627 ad
1933 1605 2038 1636 quem
2073 1594 2252 1625 institutio

1247 1649 1370 1691 prioris
1396 1649 1431 1679 in
1458 1649 1582 1680 eodem
1609 1648 1767 1689 prioratu
1795 1648 1958 1689 pertinet,
1987 1648 2030 1679 ad
2058 1647 2255 1688 prioratum

1246 1702 1398 1733 eundem
1438 1701 1652 1732 auctoritate
1693 1703 1813 1731 nostra
1853 1710 2039 1741 personam
2078 1700 2255 1740 ydoneam

1246 1756 1289 1786 (le
1327 1754 1505 1786 canonicis
1544 1754 1651 1795 ipsius
1690 1753 1906 1789 monasterii,
1946 1763 2026 1784 cum
2064 1762 2125 1794 per
2162 1752 2255 1793 ipsos

1246 1807 1470 1839 consueverit
1498 1807 1669 1838 hactenus
1696 1806 1894 1846 gubernari,
1924 1806 1987 1837 hac
2014 1805 2090 1836 vice
2118 1815 2256 1846 presen-

1250 1863 1322 1892 tare
1364 1870 1527 1901 procures
1567 1859 1825 1889 instituendam
1866 1858 1950 1889 inibi
1993 1868 2053 1899 per
2092 1858 2254 1894 cundem,

1251 1923 1320 1944 non
1346 1913 1512 1943 obstante
1538 1911 1663 1952 quavis
1688 1911 1890 1952 Apostolice
1916 1910 2013 1942 Sedis
2037 1910 2257 1951 indulgentia

1250 1976 1311 2007 per
1339 1975 1447 2006 quam
1476 1966 1625 1996 estet-tus
1655 1964 1870 2005 presentium
1901 1963 2033 1994 disierri
2063 1963 2170 2004 possit
2202 1963 2257 1993 vel

1245 2019 1353 2050 etiam
1393 2017 1566 2058 impediri.
1609 2017 1691 2048 Dat.
1735 2016 1903 2056 Anagnie,
1947 2016 2012 2046 XV
2054 2016 2122 2047 kal.
2163 2015 2251 2056 julii,

1246 2081 1338 2103 anno
1362 2073 1474 2102 sexto.
1501 2084 1512 2098 n

1332 2224 1425 2249 3133
1780 2222 1913 2255 Anagni,
1938 2222 1974 2248 18
1995 2221 2064 2255 J‘uin
2088 2220 2174 2248 1260.

1291 2277 1459 2310 Raynaldo
1483 2277 1520 2303 de
1545 2276 1696 2308 Germita,
1720 2275 1828 2309 nepoti
1850 2282 1917 2307 suo,
1940 2274 2081 2307 indulget
2103 2275 2140 2300 ut
2162 2273 2257 2300 eccle-

1250 2322 1327 2348 siam
1349 2322 1377 2348 S.
1399 2321 1514 2348 Mariae
1543 2321 1580 2347 de
1606 2320 1870 2351 Norwalescham,
1890 2318 2095 2345 Norwicensis
2116 2317 2255 2349 diocesis,

1249 2374 1320 2392 cum
1338 2365 1466 2392 ecclesia
1484 2365 1535 2392 SS.
1555 2364 1639 2391 Petri
1657 2366 1688 2391 et
1706 2364 1794 2390 Pauli
1813 2364 1849 2390 de
1867 2364 2014 2396 Tranges‚
2033 2361 2255 2388 Lincolniensis

1247 2410 1386 2441 diocesis,
1414 2410 1546 2436 retinere
1574 2409 1681 2443 possit.
1709 2409 1806 2441 (Hm.
1835 2408 1884 2439 25,
1911 2408 1932 2434 f.
1960 2407 2018 2434 248
2046 2410 2091 2438 ν’),
2119 2413 2168 2432 an,
2200 2406 2253 2437 VI,

1248 2462 1272 2481 c.
1293 2455 1354 2487 73.)

1293 2559 1305 2574 ‹<
1338 2545 1517 2586 Raynaldo
1551 2545 1589 2576 de.
1630 2544 1787 2580 Gemuit«,
1822 2543 1947 2584 nepoti,
1982 2541 2189 2573 subdiacono
2224 2541 2252 2571 et

1247 2598 1421 2640 capellano
1454 2599 1576 2629 nostro.
1612 2598 1690 2628 Non
1724 2599 1772 2627 est
1810 2595 2059 2627 inconveniens
2091 2613 2145 2625 &-
2180 2594 2253 2624 Tne

1246 2652 1354 2693 igitur
1386 2651 1564 2682 devotioni
1600 2650 1814 2681 auctoritate
1848 2648 2061 2690 presentium
2095 2647 2252 2685 indulge*

1246 2714 1324 2736 mus
1347 2707 1383 2735 ut
1407 2703 1587 2734 ecclesiam
1612 2704 1738 2734 Sancte
1763 2702 1868 2733 Mario
1891 2702 1932 2732 ‹lc
1956 2700 2250 2735 Norwaleschaiu,

1246 2756 1478 2789 Norwiccnsis
1508 2756 1664 2791 diocesis,
1695 2765 1816 2786 ruram
1846 2754 2043 2785 animarum
2074 2761 2259 2788 annexam

1247 2810 1450 2846 habentem,
1481 2819 1549 2839 non
1579 2809 1744 2839 obstante
1774 2808 1867 2848 quod
1896 2806 2077 2838 ecclesiam
2107 2806 2252 2835 Sancto-

1276 2909 1298 2930 1.
1317 2909 1350 2930 Le
1365 2914 1423 2930 nom
1438 2908 1472 2929 du
1486 2907 1582 2929 diocese
1596 2909 1633 2928 est
1648 2908 1698 2929 tres
1712 2907 1790 2928 effac&
1803 2913 1809 2931 ;
1824 2908 1839 2928 ll
1855 2907 1947 2928 semble
1961 2911 2115 2927 commencer
2130 2911 2174 2930 par
2188 2900 2215 2926 B
2230 2905 2255 2925 et

1245 2950 1271 2965 se
1292 2944 1412 2965 terminer
1433 2949 1478 2970 par
1499 2948 1549 2964 cen.

1278 2980 1302 3001 2.
1320 2980 1382 3005 Reg.
1394 2984 1400 3000 :
1413 2984 1442 2999 ne
1453 2978 1519 3003 quid.
