2477 3512
980 307 1210 346 TROISIEME
1237 309 1380 347 ANNEE

170 383 311 418 regulam,
325 384 347 409 51
359 392 394 410 ex
408 384 511 410 eodem
527 386 634 410 statuto
650 381 919 409 videritaniinabus
936 382 1154 416 praedictorum

169 430 283 456 abbatis
300 434 328 456 et
343 434 503 457 conventus
523 434 660 456 aeternae
682 429 784 456 salutis
804 429 968 463 periculum
985 430 1152 455 imminere.

171 478 248 503 [aaa.
266 480 308 505 25.
326 486 350 503 a.
368 478 625 510 1{1‚e.236,r.32;
644 478 784 503 Pon-uAsT
802 478 906 508 168014

216 586 228 598 «ι
257 598 276 603 ..
299 572 550 616 archiepiscopo
570 569 844 613 Rothomaqensi.
874 570 921 600 Ex
942 572 1034 611 parte
1055 569 1154 600 dilec-

169 636 272 660 torum
318 630 479 660 tiliorum..
520 627 644 658 abbatis
681 629 711 657 et
747 628 926 656 conventus
966 625 1154 656 monasterii

170 686 279 716 Sancti
305 685 449 716 Audoeni
482 683 754 723 Rothomagensis
779 682 838 713 fuit
868 682 958 712 nobis
990 681 1154 712 humiliter

170 741 395 782 supplicatum,
418 742 451 771 ut
468 750 539 770 cum
559 738 755 770 venerabilis
776 738 880 769 frater
904 740 1042 769 noster..
1070 737 1153 778 epis-

170 808 267 839 copus
297 797 474 838 Sagiensis,
510 800 543 826 et
573 795 688 825 dilecti
718 795 798 825 filii..
827 794 1065 825 Gemeticensis
1091 795 1149 824 et..

168 855 207 885 de
224 853 413 885 W’alemont
431 851 576 885 abbates,
608 851 882 891 Rothomagensis
908 850 1059 887 diocesis,
1082 849 1152 889 qui-

169 911 224 941 bus
245 909 401 945 visitatio,
433 908 594 938 correctio
620 908 651 938 et
680 907 868 937 reformatio
892 906 992 946 ipsius
1022 915 1152 936 monas-

167 966 238 997 terii
259 966 331 996 erat
351 963 388 994 ab
410 963 600 1004 Apostolica
627 962 709 994 Sede
732 963 917 1000 commissa,
949 962 1053 992 minus
1078 971 1151 1003 pro-

167 1021 238 1052 vide
262 1022 462 1058 avertentes,
494 1019 577 1060 quod
597 1019 710 1060 regula
738 1019 825 1050 beati
856 1018 1026 1049 Benedicti
1056 1028 1153 1059 super

131 1117 135 1119 μ
165 1077 394 1109 observatione
413 1076 533 1107 silentii
553 1076 640 1117 riget
660 1086 722 1107 non
738 1075 861 1106 levibus
882 1075 1051 1109 institutis,
1070 1084 1151 1105 novo

164 1133 385 1165 destitutionis
413 1143 468 1163 sue
489 1134 625 1170 statuto,
647 1133 677 1163 in
703 1133 881 1163 animarum
904 1132 1094 1173 degentium
1120 1132 1150 1162 in

163 1190 250 1221 dicto
292 1190 490 1221 monasterio
539 1199 749 1231 personarum
794 1189 928 1220 evidens
973 1188 1149 1230 periculum

163 1247 305 1277 edixisse
327 1248 514 1284 noscantur,
539 1249 571 1276 ut
591 1246 617 1276 si
634 1246 740 1286 aliqua
771 1255 813 1276 ex
831 1245 978 1286 personis
998 1245 1076 1286 ipsis
1097 1255 1151 1275 au-

163 1303 229 1334 diat
245 1303 339 1333 aliam
356 1301 453 1333 verbo
473 1302 621 1344 perfecto
645 1302 695 1332 vel
725 1302 916 1343 imperfecto
943 1301 1027 1332 infra
1057 1303 1150 1342 septa

163 1359 240 1390 dicti
262 1359 450 1389 monasterii
464 1358 625 1389 silentium
651 1358 786 1397 violare,
807 1358 924 1389 debeat
948 1358 979 1389 id
1010 1358 1040 1388 iu
1061 1357 1149 1398 capi-

164 1415 229 1446 tulo
263 1415 409 1456 proximo
441 1416 586 1455 sequenti
622 1416 760 1448 referre,
795 1415 820 1445 si
850 1414 880 1445 id
910 1414 1053 1445 omiserit
1080 1415 1149 1455 ipso

162 1472 250 1502 facto

162 1528 271 1565 etiam,
296 1529 321 1558 51
349 1528 393 1558 sic
422 1528 542 1568 ligatus
576 1537 610 1558 se
640 1527 755 1557 divinis
777 1526 892 1558 officiis
922 1527 1148 1564 immiscuerit,

298 1472 516 1512 suspensionis
556 1471 752 1502 sententiam
793 1481 829 1501 ac
868 1471 1148 1511 irregularitatem

162 1584 361 1621 incursurus,
393 1584 424 1614 et
450 1594 492 1614 ex
526 1585 649 1614 statuto
670 1583 850 1625 hujusmodi
874 1584 974 1614 multa
1005 1583 1148 1624 pericula

162 1640 317 1670 eveniant
336 1640 512 1670 animarum
532 1650 743 1680 personarum
758 1639 948 1681 degentium
964 1640 995 1669 in
1017 1649 1147 1670 monas—

163 1697 244 1727 terio
272 1696 468 1737 supradicto,
499 1695 672 1737 providere
706 1706 804 1736 super
832 1696 891 1726 hoc
930 1696 969 1726 de
991 1697 1147 1726 consueta

163 1753 257 1784 Sedis
277 1753 463 1794 Apostolice
479 1752 650 1783 clementia
676 1763 877 1783 curaremus.
902 1753 946 1783 De
972 1755 1028 1783 tua
1048 1753 1149 1792 igitur

161 1810 452 1850 circumspectione
470 1809 597 1850 plenam
618 1810 649 1839 in
670 1810 803 1840 Domino
825 1808 968 1839 fiduciam
999 1809 1149 1839 obtinen-

161 1870 222 1903 tes,
239 1865 307 1902 tibi,
330 1866 382 1905 qui
401 1866 463 1896 loci
483 1865 676 1896 diocesanus
698 1865 827 1905 existis,
851 1866 1051 1906 presentium
1072 1875 1149 1895 auc-

162 1923 294 1953 toritate
315 1922 559 1960 committimus,
578 1927 610 1952 ut
632 1922 658 1952 si
684 1932 723 1952 ex
746 1921 858 1952 eodem
883 1924 1007 1953 statuto
1026 1922 1148 1953 videris

163 1979 330 2009 animabus
345 1988 554 2020 personarum
572 1978 790 2019 predictarum
813 1980 926 2009 eterne
941 1978 1054 2009 salutis
1065 1979 1149 2019 peri-

163 2034 267 2065 culum
289 2035 436 2070 iminere,
459 2035 535 2065 illud
560 2035 756 2065 auctoritate
783 2036 893 2065 nostra
916 2035 1013 2076 juxta
1037 2035 1147 2075 prefa-

164 2094 228 2121 tam
249 2092 395 2133 regulam
434 2091 626 2123 modereris.
652 2092 765 2122 Datum
788 2092 953 2128 Laterani,
984 2092 1013 2123 V
1035 2092 1149 2122 kalen-

165 2146 222 2177 das
236 2147 357 2188 aprilis,
376 2158 457 2179 anno
478 2149 586 2179 tertio.
616 2164 628 2175 υ

240 2285 333 2312 1843
742 2289 856 2320 Latran,
874 2291 887 2314 7
910 2297 985 2315 mars
1002 2291 1076 2315 1257.

194 2391 299 2416 loanni
314 2391 390 2417 dicto
408 2393 476 2427 Regi
498 2393 683 2420 collationem
706 2395 861 2428 cujusdam
882 2395 1018 2421 beneficii
1040 2396 1148 2422 conflr-

163 2442 231 2464 mal.
252 2439 327 2464 ‘Bi-xo.
348 2442 388 2471 233,
407 2448 431 2465 a.
451 2440 495 2472 ΙΙΙ,
513 2449 536 2467 c.
553 2442 715 2471 231132.)

207 2547 219 2556 11
241 2532 367 2564 Jormni
388 2533 477 2565 dicto
492 2534 585 2577 Heqi,
613 2536 775 2568 canonico
790 2536 924 2568 ecclesie
947 2535 1146 2574 lit-incensis,

161 2587 336 2631 capellano
359 2590 395 2621 P.
418 2590 536 2622 Sancti
549 2592 686 2635 Geor-(sii
701 2593 748 2623 ml
765 2593 875 2624 l'r'lmn
898 2595 1042 2625 Aureum
1064 2593 1147 2635 (lysa-

162 2643 237 2675 com'
252 2644 448 2676 cardinalis.
468 2647 625 2688 Exposita
643 2649 733 2680 nobis
749 2649 931 2681 devotionis
955 2652 1007 2681 tue
1034 2649 1148 2691 petitio

161 2702 358 2734 continebat.
386 2703 468 2742 quod
489 2714 559 2734 cum
581 2703 700 2736 dilecto
724 2705 789 2736 filio
817 2707 973 2747 magistro
1000 2706 1148 2748 Philippo

163 2758 319 2797 magistro
337 2758 496 2789 scolarum
518 2759 753 2793 Cenomanensi
776 2762 834 2793 sub
851 2767 941 2793 certa
956 2763 1059 2793 forma
1073 2773 1147 2793 nos—

159 2814 218 2844 tris
235 2814 570 2846 dedissemuslitteris
589 2817 619 2847 in
644 2818 815 2855 mandatis,
847 2821 880 2849 ut
902 2819 956 2849 tibi
977 2822 1146 2849 vacantem

160 2870 368 2911 prebendam,
394 2882 485 2912 quam
515 2873 710 2905 venerabilis
737 2875 840 2905 frater
859 2877 970 2906 nostor
988 2875 1146 2907 Rodulfus

162 2926 344 2958 Briocensis
382 2928 552 2969 episcopus
587 2929 615 2960 in
656 2930 725 2971 ipsa
765 2931 903 2961 ecclesia
936 2932 1145 2972 promotionis

161 2992 217 3013 sue
239 2987 383 3024 tempore
416 2985 593 3017 obtinebat.
626 2997 682 3027 per
705 2997 739 3017 sc
776 2987 827 3018 vel
860 2998 916 3028 per
949 2988 1145 3019 3111111105κὶ-

2129 318 2191 349 567

1210 392 1309 423 gnare
1345 390 1488 416 curaret.
1522 395 1556 413 ac

1208 438 1306 478 ipsius
1345 439 1508 480 prebende
1542 440 1720 472 induceret.
1759 442 1788 471 et
1824 442 1974 472 tueretur
2013 440 2190 477 inductum,

1819 497 1981 535 Matheus,
2017 497 2190 528 canonicus

1206 550 1345 581 ecclesie
1366 551 1405 582 de
1444 552 1607 583 Ambasia.
1631 553 1680 582 cui
1710 552 1813 583 dictus
1844 553 2000 594 magister
2030 553 2188 584 scolarum

1596 391 1627 414 te
1658 385 1686 414 in
1721 385 1921 425 corporalem
1953 385 2192 426 possessionem

1207 495 1464 526 contradictores
1502 499 1566 526 etc.
1620 497 1777 536 magister

1205 608 1413 638 commiserat
1434 618 1531 648 super
1545 608 1603 637 hoc
1622 608 1767 638 totaliter
1783 609 1870 639 vices
1888 620 1973 643 suas,
1996 609 2190 650 prebendam

1204 662 1306 704 ipsam
1332 663 1406 693 nulli
1436 664 1487 695 alii
1519 664 1658 695 debitam
1692 663 1748 694 tibi
1782 666 1976 697 auctoritate
2006 665 2191 707 hujusmodi

1205 719 1357 749 canonice
1372 720 1507 751 contulit
1526 720 1720 753 litterarum.
1737 722 1828 761 prout
1845 722 1875 751 in
1888 722 2103 752 instrumento
2118 721 2191 752 inde

1205 775 1354 806 confecto
1381 775 1505 816 plenius
1540 776 1659 807 dicitur
1689 778 1859 807 contineri.
1896 778 1960 808 Nos
1996 779 2096 818 igitur
2127 779 2190 808 tuis

1204 831 1491 872 supplicationibus
1521 832 1676 870 inclinati,
1712 833 1792 872 quod
1829 833 1865 863 ab
1899 834 2010 863 eodem
2036 835 2190 865 canonico

1203 887 1235 917 in
1256 887 1316 918 hac
1336 890 1428 928 parte
1446 888 1577 929 provide
1594 888 1715 919 sactum
1746 890 1808 927 est,
1842 894 1945 919 ratum
1967 890 2124 921 habentes
2156 893 2189 921 et

1204 945 1345 984 gratum,
1368 944 1399 974 id
1413 945 1610 975 auctoritate
1627 944 1806 985 apostolica
1831 945 2054 976 confirmamus
2071 948 2103 977 et
2120 957 2191 987 pre-

1204 1000 1305 1031 sentis
1345 1001 1456 1041 scripti
1496 1001 1674 1041 patrocinio
1712 1002 1957 1032 communimus.
1997 1002 2081 1032 Nulli
2123 1005 2187 1033 etc.

1747 1058 1860 1088 Datum
1895 1058 2058 1092 Laterani,
2099 1059 2190 1089 nouis

1204 1058 1314 1087 nostre.
1356 1056 1607 1088 confirmationis
1643 1059 1706 1087 etc.

1204 1113 1322 1147 martii,
1346 1123 1429 1144 anno
1451 1114 1560 1144 tertio.
1584 1128 1596 1139 »ι

1279 1261 1375 1286 1844
1773 1262 1887 1290 Lati-an,
1905 1263 1936 1287 26
1951 1269 2028 1287 mars
2046 1263 2120 1288 1257.

1237 1357 1331 1382 Priori
1359 1359 1386 1382 et
1412 1357 1567 1383 conventui
1601 1357 1724 1383 fratrum
1755 1357 1996 1383 Praedicatorum
2032 1357 2191 1384 Valentinis

1201 1405 1345 1439 significat
1372 1412 1402 1440 se
1425 1405 1569 1434 inhibere,
1587 1412 1623 1430 ne
1641 1405 1705 1438 quis
1726 1405 1876 1438 impediat,
1894 1405 2052 1439 quominus
2069 1413 2190 1439 corpora

1203 1459 1393 1485 personarum
1411 1451 1538 1481 illarum,
1557 1460 1630 1485 quae
1654 1452 1729 1485 apud
1751 1460 1852 1477 eorum
1870 1452 2025 1478 ecclesiam
2049 1452 2190 1487 elegerint

1201 1498 1328 1533 sepeliri,
1342 1499 1455 1532 possint
1466 1500 1494 1524 in
1511 1499 1601 1533 ipsius
1617 1499 1758 1525 ecclesiae
1773 1500 1951 1525 coemeterio
1964 1500 2078 1526 tradere
2093 1500 2189 1534 sepul-

1203 1549 1294 1573 turae.
1312 1547 1389 1580 (Ram.
1409 1548 1450 1575 25.
1468 1555 1493 1572 a.
1511 1547 1557 1577 ΙΙΙ,
1575 1557 1598 1573 c.
1615 1550 1676 1579 238,
1694 1548 1778 1579 1232,
1798 1548 2059 1573 POTTHAST16798.'1

1247 1657 1260 1669 «
1292 1667 1312 1673 ..
1342 1642 1453 1685 priori
1482 1649 1511 1673 cl
1544 1642 1723 1674 conventui
1752 1643 1902 1684 fralmem
1935 1641 2188 1673 P1*e[licat01·zctte

1209 1698 1405 1731 Valenlinis.
1442 1700 1565 1730 Meritis
1600 1702 1711 1730 vestre
1745 1700 1911 1740 religionis
1933 1699 2123 1737 inducimur,
2159 1701 2190 1729 ut

1201 1766 1293 1796 quam
1315 1756 1413 1797 digne
1438 1766 1619 1796 possumus,
1642 1756 1731 1787 vobis
1758 1756 1895 1787 libenter
1920 1757 2057 1797 gratiam
2093 1756 2190 1786 facia-

1202 1823 1283 1843 mus.
1304 1813 1383 1843 Hinc
1406 1816 1456 1843 est
1477 1813 1558 1853 quod
1577 1824 1644 1851 nos,
1660 1813 1779 1843 vestris
1803 1812 2191 1854 ‘supplicationibusincli-

1202 1869 1280 1905 nati,
1298 1879 1336 1899 ne
1358 1868 1471 1909 aliquis
1491 1869 1646 1910 impedire
1665 1871 1842 1910 presumat,
1868 1869 2034 1910 quominus
2054 1878 2189 1909 corpora

1201 1935 1408 1966 personarum
1430 1925 1568 1963 illarum,
1593 1936 1653 1964 que
1681 1926 1762 1966 apud
1793 1925 1963 1956 ecclesiam
1994 1928 2137 1956 vestram
2159 1925 2188 1954 iu

1200 1982 1366 2012 voluntate
1388 1981 1499 2012 ultima
1520 1982 1681 2023 elegerint
1709 1981 1852 2023 sepeliri,
1880 1981 2049 2012 dummodo
2077 1981 2108 2012 id
2135 1992 2191 2021 per

1200 2038 1450 2068 instrumentum
1479 2038 1669 2077 legitimum,
1707 2038 1757 2068 vel
1780 2048 1838 2078 per
1858 2038 1938 2069 duos
1957 2040 2062 2069 testes
2080 2040 2190 2069 osten-

1199 2094 1311 2125 deritis
1331 2094 1523 2135 fidedignos,
1547 2095 1678 2135 possitis
1710 2095 1741 2124 in
1768 2095 1868 2135 ipsius
1895 2094 2034 2125 ecclesie
2067 2094 2192 2125 cimite-

1199 2151 1247 2181 rio
1267 2151 1400 2181 tradere
1422 2151 1598 2192 sepulture,
1615 2151 1811 2182 auctoritate
1838 2151 2036 2191 presentium
2056 2151 2189 2182 distric-

1200 2207 1264 2237 tius
1301 2207 1495 2240 inhibemus.
1529 2218 1601 2238 cum
1638 2207 1700 2238 loci
1731 2207 1834 2238 vestri
1870 2207 2006 2238 liberam
2041 2207 2190 2238 habeatis

1201 2262 1458 2294 ecclesiasticam
1496 2263 1708 2304 sepulturam,
1744 2264 1960 2295 decernentes
1994 2263 2119 2294 irritum
2155 2265 2192 2294 et

1200 2320 1294 2350 inane
1315 2320 1342 2350 si
1376 2320 1451 2359 quid
1471 2321 1584 2351 contra
1603 2320 1824 2351 inhibitionem
1857 2320 2051 2361 hujusmodi,
2071 2330 2088 2350 a
2109 2330 2189 2361 quo-

1200 2386 1294 2416 quam
1321 2376 1498 2416 contigerit
1535 2377 1736 2418 attemptari.
1765 2376 1861 2407 Salva
1893 2378 2000 2407 tamen
2033 2377 2186 2407 canonica

1198 2432 1332 2473 justicia
1368 2432 1494 2463 illarum
1520 2432 1746 2471 ecclesiarum,
1773 2444 1790 2463 a
1829 2432 1943 2472 quibus
1980 2435 2189 2463 assumuntur

1803 2490 1913 2520 nostre
1938 2489 2133 2520 inhibitionis
2157 2491 2189 2520 ct

1933 2546 1991 2576 VH
2030 2545 2186 2576 kalendas

1200 2499 1336 2529 corpora
1350 2490 1560 2520 mortuorum.
1581 2489 1664 2519 Nulli
1686 2488 1764 2530 [etc.
1778 2506 1780 2529 s

1201 2544 1443 2575 constitutionis
1475 2548 1538 2576 etc.
1574 2546 1688 2576 Datum
1726 2546 1888 2583 Laterani,

1201 2601 1324 2642 aprilis,
1348 2612 1430 2632 anno
1445 2602 1555 2632 tertio.
1579 2618 1592 2628 ι»

1274 2751 1372 2778 1815
1768 2753 1882 2783 Latran,
1903 2754 1932 2779 19
1949 2761 2027 2779 murs
2042 2755 2115 2778 1257.

1234 2854 1367 2888 Magistro
1385 2854 1525 2885 Micliaeli,
1537 2854 1647 2880 cantori
1660 2854 1799 2881 ecclesiae
1810 2855 2037 2889 Andegavensis,
2056 2855 2186 2885 mandat,

1199 2904 1344 2935 quatenus
1358 2909 1447 2935 super
1463 2902 1650 2935 perceptione
1667 2902 1814 2928 cantoriae
1829 2903 1923 2936 ipsius
1939 2902 2089 2935 ecclesiae,
2103 2902 2188 2936 juxta

1197 2948 1362 2974 litterarum
1389 2948 1573 2982 Apostolicae
1591 2949 1674 2976 Sedis
1685 2950 1911 2981 continentiam,
1939 2950 2097 2983 procedere
2124 2957 2182 2976 non

1199 2998 1364 3030 postponat.
1383 2997 1462 3022 (uzu.
1484 2998 1526 3028 25,
1548 3004 1573 3023 a.
1591 2998 1636 3027 111,
1653 3006 1676 3023 c.
1699 2999 1759 3029 239,
1778 2997 1794 3023 f.
1813 3000 1884 3025 ΒΨ.)
