2477 3512
140 237 203 270 136
834 226 1103 261 REGISTRES
1130 224 1482 259 D'ALEXANDRE
1512 224 1560 257 IV

219 340 312 368 3233
567 338 615 364 Au
639 338 752 369 Latan,
775 336 813 363 25
835 335 950 362 sevrier
973 334 1060 362 1261.

178 394 406 422 Monasteriuni
447 392 580 420 Sanctae
621 389 726 418 Crucis
766 389 803 416 de
843 387 1058 415 Nuremberch
1088 388 1146 414 sub

136 439 226 466 Beati
257 438 342 466 Petri
371 439 402 464 et
431 444 488 463 sua
518 435 713 470 protectione
743 433 883 467 suscipit.
915 432 1041 466 (PAnis,
1072 431 1144 458 Bib.

138 486 203 514 nat,
222 491 279 510 ms.
296 483 352 509 lat.
369 481 448 508 4038
463 481 498 512 Β,
515 480 535 507 f.
552 480 569 506 4
585 483 632 511 νῦ,
648 486 673 505 c.
691 478 753 511 17.)

184 588 194 601 t<
218 600 235 605 ,,
258 572 420 614 prinsism*
441 569 637 601 'nonasterii
660 569 780 599 Sanc-le
802 566 921 598 (lincis
941 566 979 597 «te
1001 565 1146 596 Narem-

139 628 231 660 hercle
259 627 395 667 ejusque
421 623 603 657 sororibus,
632 624 698 652 tam
725 619 938 662 presentibus
965 628 1065 660 qnam
1091 618 1146 658 [11-v

137 681 223 713 laris
264 678 457 718 reliqiosam
497 675 600 707 ailam
639 674 812 716 professis.
861 672 895 703 in
935 673 1147 713 perpetuam.

138 733 351 773 Religiosxnn
385 730 497 762 vitam
529 727 740 767 eligentibus
771 746 825 758 νή.
854 726 935 756 nat.
970 723 1147 760 Laterani,

138 797 200 830 per
238 795 381 817 manuni
422 782 580 822 magistri
619 780 779 815 =lordani,
820 780 947 810 Sancte
987 777 1147 808 Romane

140 839 292 872 Ecclesia
321 836 448 868 notarii
478 838 514 867 et
543 832 830 869 vicecancellarii,
860 832 889 863 V
919 831 986 862 kal.
1017 830 1146 866 inartii,

137 892 330 925 indictione
386 890 450 925 111,
509 886 766 919 lncarnationis
818 884 1001 916 Dominice
1053 892 1146 914 anno

138 944 307 979 MCCLX,
342 942 574 985 pontificatus
607 950 689 971 vero
721 938 827 970 donni
861 936 1053 969 Alexandri
1087 946 1147 977 pa—

138 1009 181 1042 pe
208 998 281 1030 1111
307 1006 400 1028 anno
424 995 587 1036 septimo.
615 1007 627 1022 »

222 1167 316 1193 3234
550 1165 599 1191 Au
622 1164 751 1195 Latran,
775 1163 812 1189 28
834 1161 957 1195 janvier
980 1160 1066 1187 1261.

178 1212 367 1239 Abbatissae
399 1212 430 1237 et
462 1209 633 1236 conventui
664 1207 846 1234 monasterii
877 1206 974 1233 Vallis
1011 1205 1145 1231 Sanctae

139 1257 255 1284 Mariae
284 1256 321 1282 de
351 1254 478 1282 Colania
507 1253 675 1280 confirmat
704 1251 866 1278 ecelesiam
896 1250 1003 1277 Sancti
1032 1248 1146 1275 Jacobi

138 1302 176 1329 de
196 1302 301 1334 Burgo
322 1299 486 1330 Brimensi,
510 1305 606 1332 quam
628 1297 702 1331 ipsis
725 1296 887 1330 quondam
910 1295 943 1321 Ρ.
968 1301 1023 1320 rex
1044 1293 1144 1319 Bobe-

139 1346 220 1373 miae
243 1345 280 1372 de
303 1350 430 1371 assensu
454 1341 670 1370 olomucensis
692 1340 829 1374 episcopi
853 1340 992 1366 dederat.
1019 1338 1146 1371 (PAms,

137 1391 207 1417 Bib.
225 1391 291 1416 nat.
310 1396 365 1415 ms.
382 1388 438 1414 lat.
456 1387 534 1414 4038
550 1387 586 1418 B,
602 1386 623 1412 f.
642 1386 670 1417 5,
687 1392 712 1411 c.
731 1385 792 1417 18.)

184 1494 196 1508 «
237 1506 256 1512 ..
299 1479 470 1511 abbatisse
509 1480 536 1509 et
577 1476 754 1508 conventui
794 1474 992 1507 monasterii
1039 1473 1146 1505 Vallis

142 1534 264 1566 Sancte
301 1532 418 1564 Marte
455 1531 494 1562 (Ie
533 1530 689 1566 Colania,
731 1528 965 1561 Cis-lemensis
1003 1526 1146 1562 ordinis,
1200 1547 1201 1554 ,

142 1586 374 1619 Olomueensis
403 1584 556 1616 diocesis.
588 1582 797 1615 Devotionis
826 1583 1058 1622 augmentum
1087 1589 1150 1610 vo-

142 1640 195 1671 bis
217 1658 272 1670 —.
297 1639 380 1669 Dat.
405 1637 582 1673 Laterani,
607 1636 636 1667 V
661 1635 729 1667 kal.
754 1634 931 1670 februarii,
957 1643 1049 1664 anno
1073 1642 1150 1673 sep-

140 1693 240 1725 timo.
264 1704 277 1720 ³»

221 1868 313 1894 3235
540 1867 588 1892 Au
612 1867 741 1897 Latran,
765 1866 803 1892 30
827 1865 953 1898 janvier
979 1864 1064 1891 1261.

181 1920 371 1947 Abbatissae
401 1921 432 1946 et
461 1919 632 1946 conventui
662 1919 844 1946 monasterii
873 1918 911 1945 de
941 1918 1023 1944 Coeli
1054 1918 1149 1944 Porta

141 1965 312 1992 confirmat
345 1964 488 1990 eamdem
522 1963 693 1990 ecclesiam.
727 1963 853 1997 (PAms,
887 1962 956 1988 Bib.
991 1963 1056 1988 nat.
1092 1969 1148 1988 ms.

140 2009 197 2036 lat.
214 2008 293 2036 4038
309 2009 345 2041 Β,
362 2009 383 2035 f.
402 2009 430 2041 5,
447 2015 472 2035 c.
492 2008 528 2035 19
543 2015 550 2040 ;
568 2008 741 2034 ΡοΤΤΗΑΞΤ
759 2007 881 2040 18024.)

188 2111 199 2126 ‹<
235 2123 255 2130 ..
291 2097 462 2130 abbatisse
495 2099 523 2128 et
557 2097 735 2128 conventui
769 2096 967 2128 monasterii
1001 2096 1040 2127 (Ie
1076 2095 1148 2128 Geli

145 2151 259 2188 Porta,
305 2150 540 2183 Cisterciensis
565 2150 707 2187 ordinis,
736 2149 969 2181 Olomacensis
994 2149 1147 2181 diocesis.

145 2204 356 2237 Devotionis
393 2206 624 2244 augmentum
650 2203 752 2234 vobis
776 2221 831 2234 —.
858 2202 942 2234 Dat.
969 2202 1147 2239 Laterani,

146 2258 199 2289 III
221 2257 289 2289 kal.
311 2256 489 2293 februarii,
512 2266 605 2288 anno
625 2256 790 2298 septimo.
813 2269 825 2284 υ

225 2429 316 2456 3238
577 2430 627 2456 Au
650 2430 780 2463 Latran,
803 2430 821 2456 2
843 2430 958 2457 fevrier
980 2429 1067 2456 1261.

184 2483 340 2517 Episcopo
364 2482 596 2509 constantiensi
619 2483 792 2510 committit
815 2483 1001 2517 petitionem
1025 2482 1149 2517 prioris-

144 2534 196 2554 sae
210 2529 241 2554 et
255 2528 430 2553 conventus
446 2527 629 2554 monasterii
643 2527 674 2553 in
689 2527 884 2559 Wumental,
899 2527 1150 2554 Constantiensis

145 2571 285 2603 diocesis,
310 2578 400 2604 quae,
425 2578 496 2596 cum
520 2578 550 2597 se
574 2571 769 2597 Cisterciensi
793 2571 894 2598 ordini
918 2571 1151 2603 astrinxissent,

142 2615 284 2642 ordinem
310 2615 418 2642 Sancti
444 2615 614 2648 Augustini
640 2615 814 2642 secundum
839 2615 990 2642 instituta
1015 2615 1151 2642 fratrum

145 2658 403 2685 Praedicatorum
433 2658 612 2685 resumendi
639 2658 800 2686 licentiam
828 2659 1047 2693 postulabant.
1077 2659 1152 2693 (ΡΑ-

144 2710 207 2734 ms,
225 2702 294 2729 Bib.
316 2704 381 2729 nat.
406 2710 463 2729 ms.
484 2702 539 2729 lat.
560 2702 638 2729 4038
656 2703 693 2735 Β,
712 2704 734 2730 f.
755 2703 783 2736 5,
804 2710 829 2730 c.
850 2703 910 2735 2ος
929 2703 1152 2736 ΒΕΒΝουιιω,

145 2750 182 2773 n⁰
200 2746 283 2780 686.)

195 2846 208 2863 «
229 2859 249 2866 ..
271 2835 428 2877 episcopo
451 2836 715 2868 Constantiensi.
739 2837 807 2869 Sua
830 2837 931 2869 nobis
950 2837 1076 2869 dilecte
1098 2856 1151 2869 —.

150 2886 233 2919 Dat.
262 2887 440 2926 Laterani,
474 2888 548 2920 1111
578 2898 688 2921 nonas
717 2890 894 2927 februarii,
925 2900 1018 2921 anno
1048 2890 1155 2932 septi-

148 2948 218 2972 mo.
243 2951 256 2969 Β

1335 332 1426 359 3237
1680 332 1728 358 Au
1752 332 1881 363 Latran,
1905 332 1922 358 8
1944 332 2067 365 janvier
2090 332 2177 359 1261.

1292 386 1395 413 Nobili
1425 386 1546 413 mulieri
1577 385 1783 417 Fici-adanae,
1812 385 1909 419 ipsius
1944 385 2052 417 sorori,
2088 386 2256 413 confirmat

1250 431 1511 465 compositionem
1544 438 1640 464 quarn
1672 430 1821 463 magister
1852 429 2017 464 Gregorius
2048 430 2086 457 de
2116 430 2260 464 Neapoli,

1250 476 1463 502 subdiaconus
1483 476 1514 502 et
1536 474 1716 509 capellanus
1737 481 1848 508 papae,
1869 474 1987 501 fecerat
2006 474 2089 501 inter
2108 474 2208 508 ipsam
2228 476 2260 502 et

1198 549 1199 553 ,
1252 519 1437 554 Gregorium
1464 526 1500 546 ac
1524 518 1815 551 Bartholomoeuin,
1841 518 1924 545 cives
1950 518 2143 552 Anagninos,
2169 526 2263 553 super

1252 564 1441 598 quibusdam
1472 563 1562 590 terris
1592 563 1622 589 in
1653 562 1748 589 castri
1778 562 1928 589 Fumonis
1951 562 2109 589 territorio
2138 562 2260 597 positis,

1252 609 1393 642 eJ'usdem
1411 607 1586 634 sententiae
1604 606 1687 633 latae
1705 607 1878 639 Anagniae,
1896 606 1945 633 die
1962 607 2117 638 mercurii,
2131 606 2261 634 XXVII

1252 653 1400 684 octobris,
1442 660 1524 679 anno
1567 651 1694 678 Domini
1737 650 1888 681 MCCLX,
1930 653 2071 678 tenorem
2112 651 2260 679 inserens.

1252 697 1379 730 (PAms,
1395 697 1464 723 Bib.
1483 698 1547 722 nat.
1568 703 1623 722 ηις.
1640 695 1696 722 lat.
1716 695 1795 722 4038
1810 695 1846 727 B,
1862 696 1883 722 f.
1902 695 1918 721 5
1936 695 2016 727 v0-6,
2032 702 2058 722 c.
2075 695 2138 729 21.)

1298 801 1310 816 «
1344 788 1465 820 Nobili
1498 787 1637 819 mulieri
1675 787 1876 822 Floractane,
1911 786 2018 817 sorori
2052 787 2173 817 nostre.
2209 784 2261 816 Ea

1253 852 1321 883 que
1347 841 1479 882 judicio
1507 860 1561 873 ——.
1592 841 1674 873 Dat.
1706 840 1882 876 Laterani,
1912 839 1961 871 VI
1990 839 2069 870 idus
2095 837 2259 878 januarii,

1253 904 1345 926 anno
1368 894 1531 936 septimo.
1557 907 1569 923 »

1334 1079 1425 1105 3238
1720 1077 1769 1104 Au
1793 1077 1922 1109 Latran,
1946 1077 1963 1103 ἶ)
1987 1083 2069 1102 mars
2094 1074 2181 1101 1261.

1292 1132 1449 1166 Episcopo
1486 1132 1661 1159 Mantuano
1697 1130 1830 1158 mandat
1865 1130 2015 1164 quatinus
2050 1128 2262 1155 Veronensem

1251 1176 1387 1203 electum
1407 1177 1438 1202 in
1460 1176 1688 1210 possessionem
1708 1175 1839 1202 inducat
1860 1176 2016 1201 terrarum
2036 1174 2068 1200 et
2086 1171 2205 1206 jurium
2225 1170 2264 1197 de

1248 1221 1385 1248 ssonaico
1403 1223 1435 1248 et
1452 1221 1489 1247 de
1507 1221 1621 1251 Cisan„
1634 1227 1714 1254 quae
1732 1219 1985 1252 archiepiscopus
1995 1215 2263 1246 Ravennatensis‚

1251 1267 1328 1292 tunc
1346 1266 1378 1292 in
1397 1265 1456 1292 illis
1477 1266 1622 1299 partibus
1642 1264 1843 1298 Apostolicae
1863 1263 1950 1290 Sedis
1969 1262 2102 1296 legatus,
2123 1260 2263 1288 indebite

1251 1311 1449 1337 concesserat
1487 1309 1674 1336 Polcinellae
1708 1309 1746 1335 de
1781 1308 1920 1339 Carcere,
1954 1306 2048 1333 militi
2081 1304 2265 1335 Veronensi,

1254 1361 1470 1388 quascumque
1504 1354 1580 1381 alias
1612 1353 1828 1380 concessiones
1861 1352 1969 1378 taliter
2001 1351 2102 1378 factas
2136 1349 2265 1383 quibus-

1254 1406 1390 1432 cumque
1411 1399 1552 1433 personis
1574 1398 1611 1425 de
1634 1397 1724 1424 bonis
1746 1397 1785 1424 ad
1807 1396 1952 1423 eamdem
1973 1395 2086 1422 Sedem
2107 1393 2265 1420 Veronen-

1254 1451 1320 1470 sem
1337 1442 1557 1477 spectantibus
1575 1449 1630 1476 per
1647 1441 1793 1468 eumdem
1811 1440 2083 1474 archipeiscopum
2099 1438 2156 1465 aut
2173 1444 2266 1472 quos-

1252 1494 1388 1521 cumque
1410 1486 1486 1513 alios
1508 1486 1628 1520 legatos
1648 1485 1830 1520 praedictae
1852 1484 1939 1511 Sedis
1962 1482 2163 1517 Apostolicae
2188 1481 2265 1508 dum

1253 1531 1415 1565 quondam
1435 1530 1575 1564 perfidus
1597 1529 1742 1556 Ezelinus
1764 1530 1802 1556 de
1822 1528 1958 1560 Roman,
1980 1527 2034 1561 qui
2053 1527 2265 1554 Veronensem

1253 1575 1415 1602 ecclesiam
1435 1575 1467 1601 in
1487 1574 1595 1600 multis
1616 1574 1767 1600 afflixisse
1788 1572 1963 1599 dinoscitur
1983 1571 2107 1598 civitati
2127 1569 2266 1604 praefuit

1252 1619 1434 1651 Veronensi,
1456 1625 1617 1645 revocans.
1640 1618 1766 1651 (PAms,
1786 1616 1856 1643 Bib.
1879 1618 1945 1642 nat.
1968 1623 2024 1642 ms.
2047 1615 2103 1641 lat.
2126 1613 2205 1641 4038
2225 1613 2262 1645 Β,

1252 1664 1273 1690 f.
1293 1664 1321 1695 6,
1339 1670 1364 1689 c.
1383 1663 1445 1696 22.)

1301 1767 1312 1781 α
1344 1779 1363 1785 ..
1394 1753 1553 1795 episcopo
1582 1751 1792 1783 Mantuano.
1823 1750 1982 1781 Dilectus
2010 1748 2128 1780 filius..
2159 1747 2266 1780 Vero-

1255 1807 1371 1839 nensis
1395 1826 1450 1838 —.
1478 1806 1561 1837 Dat.
1589 1804 1767 1840 Laterani,
1799 1804 1852 1835 III
1879 1812 1989 1834 nonas
2015 1801 2144 1838 martii,
2171 1810 2265 1833 anno

1253 1860 1417 1902 septimo.
1444 1872 1455 1888 »

1335 2041 1426 2068 3239
1692 2041 1742 2067 Au
1765 2040 1895 2071 Latran,
1919 2039 1936 2066 8
1958 2038 2073 2066 fevrier
2096 2037 2184 2065 1261.

1294 2095 1404 2122 Electo
1423 2094 1596 2122 Veronensi
1614 2094 1653 2120 de
1671 2094 1792 2120 eodem.
1812 2092 1939 2126 (PAms,
1956 2092 2026 2119 Bib.
2046 2092 2112 2118 nat.
2132 2097 2190 2118 ms.
2208 2090 2265 2118 lat.

1252 2139 1332 2167 4038
1347 2139 1384 2171 Β,
1400 2139 1422 2166 f.
1439 2139 1468 2171 6,
1484 2146 1510 2165 c.
1532 2138 1582 2172 [22
1601 2137 1686 2171 bis1.)

1299 2242 1312 2258 «
1337 2255 1356 2261 ..
1381 2228 1478 2261 electo
1508 2227 1704 2260 Veronensi.
1731 2227 1921 2259 Desideriis
1945 2227 2017 2258 tuis
2040 2227 2076 2258 in
2100 2245 2154 2258 —-.
2181 2225 2270 2264 Dat,

1255 2282 1433 2319 Laterani,
1455 2282 1505 2313 VI
1524 2282 1604 2313 idus
1624 2280 1803 2317 februarii,
1825 2290 1918 2312 anno
1938 2280 2102 2322 septimo.
2124 2292 2137 2309 »

1334 2471 1429 2497 3240
1719 2470 1769 2496 Au
1793 2470 1922 2502 Latran,
1947 2470 1961 2497 1
1986 2477 2070 2497 mars
2094 2470 2182 2497 1261.

1293 2514 1510 2549 Wigorniensi,
1534 2514 1754 2546 Lineolniensi,
1779 2514 2008 2546 SaresbirIensi‚
2033 2513 2268 2541 Conventrensi

1252 2562 1283 2587 et
1309 2559 1508 2586 Landavensi
1531 2559 1695 2593 episcopis,
1720 2558 1758 2585 de
1780 2558 1925 2585 remediis
1949 2558 2097 2586 ecclesiae
2118 2557 2266 2592 Anglica-

1252 2611 1321 2636 nae,
1344 2610 1424 2637 quae
1446 2610 1485 2630 ex
1506 2610 1603 2629 avara
1625 2602 1826 2636 quorundam
1846 2601 2062 2635 religiosorum
2088 2601 2268 2636 cupiditate

1253 2648 1402 2683 gravibus
1433 2646 1587 2681 affligitur
1616 2646 1783 2678 scandalis,
1813 2646 2010 2673 adhibendis.
2041 2646 2166 2680 (Pinus,
2195 2645 2266 2674 Bib.

1256 2694 1323 2720 nat.
1341 2699 1398 2718 ms.
1416 2692 1472 2718 lat.
1491 2691 1570 2718 4038
1586 2691 1622 2723 B,
1639 2692 1660 2718 f.
1678 2692 1695 2718 (3
1712 2691 1782 2718 v⁰-8
1798 2694 1844 2722 νο,
1861 2698 1887 2718 c.
1904 2690 1968 2724 23.)

1302 2797 1314 2812 «
1337 2809 1357 2816 ..
1382 2783 1654 2825 Wiyorniensi,..
1676 2782 1954 2819 Lineolniensi,..
1978 2781 2269 2819 Sa1·esberiensi,..

1260 2836 1514 2873 Conventrensi‚
1545 2838 1597 2868 et..
1628 2836 1849 2868 Landavensi
1879 2835 2060 2877 episcopis.
2093 2834 2270 2874 Quoniam

1257 2889 1294 2922 in
1318 2889 1420 2922 nobis
1442 2908 1497 2922 —.
1524 2890 1607 2921 Dat.
1632 2889 1811 2925 Laterani,
1837 2888 1997 2920 kalendis
2022 2888 2151 2925 martii,
2175 2897 2270 2920 anno

1256 2942 1420 2986 septimo.
1445 2955 1458 2972 n
