2477 3512
146 284 206 315 768
864 279 1122 313 REGISTRES
1144 279 1480 312 D'ALEXANDRE
1501 279 1549 312 IV

146 402 158 417 α
180 389 369 428 impositum
391 398 452 427 que
473 389 519 426 (1)
538 388 605 426 jam
630 388 663 416 in
684 396 750 417 rem
772 387 945 416 transierat
965 386 1156 424 J'udicatam,

145 455 156 469 «
181 443 285 472 locum
304 451 322 471 a
342 441 468 480 prefato
487 443 693 479 procuratore
711 439 877 478 proposita
896 448 960 468 non
979 439 1155 472 habebant,

146 508 157 523 «
181 498 214 525 et
236 495 322 534 quod
346 494 447 523 oblati
469 502 565 532 super
587 493 647 522 hiis
669 493 795 522 articuli
819 493 937 521 frustra
961 492 1158 530 petebantur

146 561 158 575 «
182 547 324 581 admitti,
350 555 487 585 quorum
513 546 737 584 probationem
764 545 928 575 asserebat
954 553 1016 574 non
1043 544 1157 573 debere

147 613 159 628 «
182 601 331 640 prodesse
352 599 514 637 probanti.
537 600 660 628 Rursus
681 600 872 637 procurator
891 597 1027 627 asseruit
1047 606 1158 635 supra-

145 666 157 681 «
179 654 284 683 dictus
303 652 462 681 dictorum
479 652 624 690 judicum
644 651 764 681 nullam
783 660 849 680 esse
868 650 1062 680 sententiam
1088 650 1157 688 ipso

145 719 157 735 «
178 707 258 745 jure,
276 714 332 743 pro
345 714 381 734 eo
397 705 483 743 quod
500 714 563 734 non
576 705 663 733 dicto
679 704 795 737 libello,
812 704 866 733 lite
884 712 946 732 non
962 704 1155 736 contestata,

145 772 156 786 «
178 759 319 789 maxime
340 766 412 786 cum
439 760 587 796 ageretur
604 766 711 787 coram
731 757 824 786 (lictis
842 756 1004 795 judicibus
1030 764 1092 784 non
1118 755 1156 784 de

149 825 160 839 «
184 811 361 842 obtinendo
386 810 553 844 beneficio,
581 810 634 839 sed
662 810 807 842 obtento,
835 809 921 838 dicto
946 808 996 837 W.
1023 809 1156 837 absente

145 878 157 893 «
179 874 243 895 non
254 874 310 902 per
321 863 570 897 contumaciam,
583 863 787 901 pretermisso
797 862 876 900 juris
896 862 1017 895 ordine,
1029 861 1154 899 prolata

146 930 157 945 «
181 918 298 951 fuerat,
321 920 351 947 et
376 916 462 955 quod
485 925 626 954 appensa
649 916 750 953 sigilla
773 915 804 944 in
828 915 971 953 predicta
994 914 1155 943 sententia

145 983 156 997 «
179 980 243 1000 non
258 973 350 1000 erant
363 970 509 1008 judicum
524 969 709 998 eorundem.

186 1035 197 1051 «
220 1024 270 1053 Ad
295 1024 382 1062 quod
407 1022 571 1061 predictus
595 1021 748 1059 magister
772 1021 870 1050 Guiso
894 1020 1003 1049 taliter
1026 1029 1155 1058 respon-

145 1087 157 1103 «
181 1076 279 1105 debat
308 1076 394 1114 quod
424 1076 462 1104 de
493 1075 588 1103 libelli
617 1074 780 1103 oblatione
808 1074 895 1103 facta
924 1082 1030 1102 coram
1061 1073 1155 1102 (lictis

146 1141 158 1155 «
179 1129 342 1167 judicibus
364 1129 402 1157 de
425 1127 628 1157 contumacia
650 1127 752 1165 partis
773 1127 907 1156 adverse
929 1128 961 1155 et
982 1126 1069 1164 quod
1092 1135 1154 1155 non

147 1182 220 1211 «de
250 1182 385 1210 obtento
416 1180 573 1209 beneficio
603 1182 712 1209 actum
744 1179 851 1213 fuerit,
883 1179 1050 1217 presertim
1082 1187 1154 1208 cum

149 1247 161 1261 «
182 1234 267 1264 idem
289 1234 443 1271 magister
465 1233 502 1262 G.
526 1242 583 1262 nec
605 1233 646 1262 sit
669 1241 725 1262 nec
747 1232 844 1261 fuerit
866 1232 1023 1261 hactenus
1045 1241 1156 1270 corpo—

144 1299 155 1314 «
179 1287 278 1317 ralem
297 1287 381 1316 dicte
400 1286 601 1324 prepositure
619 1285 790 1324 pacificam
808 1285 1039 1323 possessionem
1057 1285 1155 1323 adep-

141 1352 154 1368 «
180 1342 244 1374 tus,
271 1348 394 1369 necnon
420 1341 452 1368 et
478 1339 516 1367 de
540 1338 620 1376 juris
646 1338 756 1368 ordine
780 1338 822 1367 ab
848 1338 966 1367 eisdem
991 1338 1154 1376 judicibus

145 1406 156 1420 «
179 1393 361 1425 observato,
386 1395 453 1421 tam
477 1401 517 1420 ex
540 1391 740 1430 processibus
763 1400 861 1430 quam
885 1400 925 1420 ex
947 1391 1060 1424 forma,
1085 1400 1155 1420 sen-

146 1458 158 1473 «
180 1446 281 1475 tentie
298 1445 440 1483 ipsorum
456 1445 601 1482 judicum
618 1444 650 1473 in
665 1444 786 1482 judicio
802 1444 955 1473 exhibitis
969 1444 1030 1473 sub
1046 1444 1155 1482 sigillis

147 1511 158 1525 «
181 1508 290 1528 eorum
309 1498 476 1527 evidenter
494 1498 677 1531 constabat,
696 1499 728 1526 et
747 1497 833 1536 quod
852 1497 890 1526 de
908 1497 1017 1535 sigillis
1035 1497 1154 1526 eisdem

146 1564 158 1578 «
180 1560 220 1581 ex
243 1552 420 1580 multorum
443 1550 681 1588 fidedignorum
704 1550 848 1584 testium,
873 1559 953 1588 quos
976 1559 1072 1588 super
1094 1550 1154 1579 hiis

146 1616 158 1631 «
179 1605 304 1643 juratos
328 1604 516 1642 recepimus,
543 1603 798 1641 depositionibus
823 1603 992 1641 diligenter
1015 1603 1153 1632 redactis

145 1670 157 1685 «
179 1657 210 1687 in
235 1657 361 1695 seriptis
385 1659 416 1686 et
441 1656 588 1695 partibus
612 1656 795 1694 publicatis,
820 1656 912 1686 nobis
936 1655 1023 1685 facta
1047 1655 1153 1685 fuerat

145 1723 156 1737 «
179 1710 272 1749 plena
292 1710 382 1739 fides.
404 1710 470 1739 Nos
489 1710 587 1748 igitur
605 1709 665 1738 hiis
684 1711 716 1738 et
735 1709 804 1738 aliis
823 1709 944 1738 auditis
963 1718 1024 1747 que
1043 1711 1152 1747 partes

143 1775 156 1791 «
178 1763 351 1792 voluerunt
369 1771 545 1801 proponere
564 1771 672 1791 coram
691 1762 793 1796 nobis,
813 1764 845 1791 et
864 1762 1033 1800 diligenter
1050 1762 1152 1791 consi-

143 1827 156 1843 «
179 1816 307 1850 deratis,
343 1816 468 1854 juribus
504 1815 646 1854 partium
681 1815 774 1853 plene
810 1815 969 1849 discussis,
1007 1815 1151 1853 diligenti

143 1880 154 1896 «
178 1869 406 1898 deliberatione
432 1868 612 1906 prehabita,
632 1870 762 1906 recepto
786 1868 825 1897 de
851 1868 1092 1906 pronuntiando
1118 1871 1151 1897 et

144 1933 155 1949 «
178 1922 406 1951 sententiando
422 1930 517 1959 super
532 1921 694 1959 premissis
709 1930 727 1950 a
744 1921 875 1950 domino
891 1923 1001 1950 nostro
1018 1921 1151 1951 Summo

143 1986 154 2001 «
177 1974 335 2004 Pontifice
365 1974 493 2012 speciali
524 1974 690 2007 mandato,
722 1973 835 2003 habito
863 1973 943 2012 juris
973 1974 1151 2012 peritorum

142 2039 154 2055 «
177 2028 317 2061 consilio,
341 2027 419 2056 dicti
441 2027 657 2065 procuratoris
678 2026 822 2056 articulis
843 2029 1012 2065 tamquam
1035 2027 1151 2065 imper-

141 2092 154 2108 «
175 2080 386 2119 tin[e]ntibus
423 2089 486 2109 non
522 2079 680 2114 admissis,
717 2079 873 2114 dicimus,'
899 2080 1151 2118 pronunciamus

141 2145 153 2160 «
176 2136 208 2162 et
225 2133 461 2162 sententialiter
479 2133 679 2162 declaramus
696 2132 894 2171 sepedictam
912 2133 1150 2171 preposituram

142 2198 153 2213 «
175 2195 248 2215 cum
269 2186 395 2224 Juribus
417 2188 450 2215 et
472 2185 675 2224 pertinentiis
697 2186 762 2215 suis
783 2186 825 2215 ad
847 2185 1010 2224 prefatum
1033 2186 1150 2225 magis-

141 2251 153 2266 «
175 2241 262 2268 trum
285 2239 458 2268 Guisonem
480 2239 639 2277 pertinere
661 2238 699 2267 de
719 2239 800 2276 jure,
822 2241 855 2268 et
876 2238 1029 2277 quicquid
1052 2239 1091 2268 de
1112 2248 1148 2269 ea

141 2292 299 2321 «factum
329 2294 378 2320 est
408 2292 440 2320 in
471 2300 606 2329 persona
636 2291 736 2329 ipsius
766 2291 1006 2326 confirmantes,
1038 2301 1149 2331 supra—

141 2356 153 2371 «
176 2345 299 2374 dictum
322 2346 563 2382 procuratorem
586 2344 715 2373 nomine
738 2344 816 2373 dicti
837 2344 887 2373 W.
911 2347 943 2373 et
965 2354 1022 2383 per
1042 2345 1148 2383 ipsum

139 2408 152 2424 «
174 2399 415 2435 procuratorem
431 2396 593 2434 prefatum
609 2397 659 2426 W.
675 2397 717 2426 ab
733 2397 845 2426 eadem
861 2397 1063 2435 prepositura
1080 2407 1150 2427 sen-

140 2461 153 2476 «
174 2450 353 2479 tentialiter
388 2458 587 2481 amovemus,
624 2458 720 2488 super
755 2449 823 2487 ipsa
859 2450 920 2479 sibi
955 2453 1149 2488 perpetuum

139 2513 151 2528 «
173 2502 335 2531 silentium
360 2502 573 2540 imponentes9
598 2502 630 2531 in
649 2502 808 2532 fructibus
826 2503 985 2541 perceptis
1004 2512 1043 2532 ex
1062 2504 1148 2533 dicta

139 2566 151 2582 «
173 2555 385 2593 prepositura,
411 2557 443 2583 et
466 2555 498 2583 in
522 2555 638 2593 viginti
662 2555 777 2584 mareis
803 2555 927 2593 argenti
953 2556 1149 2586 Coloniensis

139 2619 150 2634 «
174 2617 232 2646 pro
257 2607 405 2646 expensis
430 2608 461 2636 in
487 2608 542 2636 lite
568 2607 662 2637 factis
687 2608 810 2637 taxatis
835 2610 868 2637 et
891 2608 1018 2646 juratis,
1046 2609 1149 2639 dictos

139 2672 151 2687 «
174 2663 414 2699 procuratorem
437 2662 470 2689 et
491 2660 541 2689 W.
565 2669 621 2698 per
643 2661 837 2690 sententiam
861 2662 1147 2700 condempnantes.

139 2724 151 2739 «
178 2712 213 2742 In
241 2713 332 2751 cujus
359 2713 403 2742 rei
430 2713 653 2742 testimonium
681 2722 810 2751 presens
836 2713 1002 2752 publicum
1030 2715 1148 2744 instru-

138 2776 151 2792 «
174 2768 319 2794 mentum
347 2766 441 2795 scribi
469 2768 502 2795 et
529 2766 685 2804 publicari
712 2766 846 2796 fecimus
874 2776 930 2805 per
956 2767 1146 2805 magistrum

139 2829 151 2844 «
175 2818 374 2856 Stephanum
405 2819 529 2848 dictum
558 2819 596 2848 de
627 2819 719 2857 Pyre,
750 2820 899 2849 clericum
926 2820 1146 2855 Bisuntinum‚

139 2882 150 2897 «
174 2871 335 2900 notarium
356 2874 512 2905 nostrum,
533 2874 565 2901 et
585 2874 695 2901 nostro
714 2872 815 2910 sigillo
834 2873 962 2902 muniri.
983 2872 1064 2902 Lata
1084 2873 1147 2903 fuit

176 2979 197 3001 1.
218 2979 288 3007 Reg.
306 2984 314 3004 :
332 2985 419 3009 quem.

1261 397 1273 412 «
1296 385 1353 415 hec
1378 387 1539 416 sententia
1565 387 1701 417 Viterbii
1726 387 1814 426 apud
1840 387 1968 417 Fratres
1993 387 2214 418 Predicatores
2238 387 2271 417 in

1261 450 1273 464 «
1296 439 1436 477 hospitio
1455 442 1576 474 nostro,
1596 449 1682 469 anno
1701 441 1822 470 domini
1841 440 1894 470 ΜΟ
1912 440 1979 470 CC0
1997 439 2072 469 LV0
2093 440 2153 474 11⁰,
2174 440 2224 470 die
2243 440 2271 469 V

1261 503 1272 518 «
1296 494 1434 522 exeunte
1451 501 1559 522 mense
1578 493 1772 528 novembris,
1790 493 1965 523 indictione
1982 493 2096 531 prima,
2115 496 2270 532 tempore,

1261 556 1272 570 «
1296 545 1418 574 domini
1449 545 1625 574 Alexandri
1654 554 1738 584 pape
1772 546 1850 579 IIlI,
1882 545 2095 584 pontificatus
2125 546 2270 584 ejusdem

1261 608 1272 622 ιι
1294 606 1380 626 anno
1395 597 1500 631 tertio,
1515 600 1662 636 presente
1676 607 1726 628 me
1739 598 1922 637 subscripto
1935 598 2072 632 notario,
2087 601 2119 628 et
2131 599 2270 629 testibus

1261 662 1272 676 «
1296 650 1518 689 infrascriptis,
1542 651 1726 685 videlicet...
1745 651 1895 690 episcopo
1917 651 2102 687 Kiemensi;
2121 651 2271 682 ,Iohanne

1262 715 1273 729 «
1297 704 1460 741 preposito
1487 704 1525 733 de
1560 704 1676 742 Repin,
1712 704 1986 743 Havesbergensis
2013 704 2165 739 diocesis;
2201 704 2271 734 Hu-

1261 767 1272 782 u
1294 764 1386 794 gone,
1402 757 1555 786 canonico
1568 757 1774 792 Treverensi;
1790 756 1918 791 Adolfo,
1933 757 2087 787 canonico
2101 757 2270 792 Pruvensi,

1261 820 1272 835 «
1294 809 1497 839 Treverensis
1533 810 1685 845 diocesis;
1722 810 1883 848 magistris
1913 809 2019 839 Leone
2054 812 2087 839 et
2121 810 2269 844 Wolrico.

1261 873 1273 889 «
1296 862 1457 892 canonicis
1482 863 1793 901 Ratisponensibus;
1820 863 1969 896 Henrico‚
1996 863 2149 893 canonico
2174 863 2271 894 Pata—

1261 926 1272 940 «
1295 914 1417 949 viensi;
1441 916 1595 953 magistro
1617 916 1760 949 AIberto,
1784 916 1938 946 canonico
1959 916 2122 950 Misnensi,
2145 918 2178 945 et
2200 916 2270 955 plu-

1260 979 1272 994 «
1294 967 1382 996 ribus
1408 968 1487 997 aiiis.
1517 968 1559 997 Et
1586 976 1643 1006 ego
1671 969 1855 1007 Stephanus
1881 969 2045 1007 predictus
2072 969 2270 999 auctoritate

1260 1032 1271 1047 «
1294 1021 1471 1058 apostolica
1501 1021 1647 1059 publicus
1676 1022 1831 1056 notarius,
1861 1022 1916 1060 qui
1944 1022 2097 1060 predictis
2124 1021 2268 1057 interfui,

1259 1085 1271 1100 «
1295 1073 1438 1111 predicta
1481 1074 1519 1103 de
1560 1075 1716 1104 mandato
1757 1075 1893 1113 predicti
1934 1075 2055 1104 domini
2096 1075 2268 1105 cardinalis

1260 1137 1271 1152 «
1293 1126 1405 1164 scripsi
1429 1128 1462 1155 et
1486 1126 1518 1155 in
1544 1127 1706 1165 publicam
1731 1127 1869 1157 formam
1895 1128 2001 1166 redegi
2025 1130 2058 1157 et
2082 1137 2154 1158 meo
2177 1128 2269 1168 signo

1261 1191 1272 1206 ι(
1295 1179 1430 1217 signavi.
1460 1191 1471 1206 »

1302 1244 1313 1258 «
1337 1232 1423 1261 Nulli
1444 1235 1551 1262 nostre
1572 1232 1838 1268 confirmationis,
1859 1236 1919 1263 etc.
1942 1234 2018 1267 Dat,
2038 1233 2186 1268 Viterbii,
2206 1233 2269 1264 XV

1260 1296 1272 1312 «
1295 1285 1358 1315 kal.
1379 1285 1542 1320 februarii,
1563 1295 1649 1316 anno
1669 1289 1796 1325 quarto.
1824 1298 1836 1313 »

1339 1510 1430 1536 2456
1734 1512 1872 1544 Viterbe,
1897 1512 1934 1539 25
1955 1512 2079 1546 janvier
2099 1512 2184 1540 1258.

1300 1561 1415 1593 Ulrico,
1445 1561 1677 1595 archiepiscopo
1714 1563 1745 1587 et
1783 1560 1895 1592 Odoni,
1930 1561 2110 1595 praeposito
2138 1563 2170 1588 et
2197 1568 2268 1596 pro-

1258 1601 1395 1627 curatori
1435 1601 1566 1635 capituli
1605 1600 1848 1634 Salzburgensis,
1873 1601 2080 1627 contrahendi
2118 1602 2267 1628 mutuum

1258 1647 1357 1674 usque
1391 1641 1431 1667 ad
1464 1647 1620 1667 summam
1654 1640 1956 1674 quadringentarum
1981 1647 2158 1667 marcarum
2184 1640 2268 1667 Ster-

1255 1680 1413 1714 lingorum
1439 1682 1471 1707 et
1496 1688 1527 1707 se
1553 1680 1760 1707 creditoribus
1786 1687 1884 1714 usque
1909 1680 1950 1706 ad
1975 1680 2159 1714 huJusmodi
2183 1687 2267 1707 sum-

1257 1727 1342 1746 mam
1367 1720 1539 1754 obligandi,
1563 1720 1749 1746 facultatem
1774 1720 1927 1747 concedit.
1953 1720 2049 1753 (Rea.
2076 1720 2124 1752 25,
2149 1720 2170 1747 f.
2198 1719 2266 1752 122,

1256 1766 1305 1786 an.
1337 1759 1389 1792 IV,
1416 1767 1440 1786 e.
1469 1760 1531 1793 44.)

1297 1876 1309 1891 «
1325 1863 1440 1897 Ulrico,
1467 1862 1708 1902 archiepiscopo,
1736 1864 1762 1891 et
1790 1862 1923 1897 Odonni,
1950 1863 2116 1902 preposito,
2143 1864 2171 1893 el
2195 1872 2266 1902 pro-

1256 1917 1390 1946 curatori
1425 1916 1556 1955 capituli
1596 1915 1842 1954 Salzburyensis.
1870 1915 1960 1950 Cum,
1987 1916 2071 1946 sicut
2096 1916 2128 1946 in
2155 1918 2265 1946 nostra

1254 1969 1452 2008 proposuisti
1503 1968 1664 2008 presentia
1719 1968 1899 2003 constituti,
1946 1978 2004 2007 pro
2057 1968 2265 2008 expediendis

1254 2022 1370 2052 vestris
1402 2024 1435 2051 et
1465 2021 1595 2052 ecclesie
1625 2030 1662 2051 ac
1694 2021 1827 2060 capituli
1859 2022 2097 2061 Salzburgensis
2128 2022 2265 2061 negotiis

1255 2084 1312 2114 pro
1328 2075 1446 2114 quibus
1461 2075 1503 2104 ad
1520 2074 1634 2104 Sedem
1649 2074 1870 2113 Apostolicam
1886 2075 2074 2110 accessistis,
2085 2084 2143 2105 vos
2158 2076 2265 2106 subire

1254 2130 1404 2167 oporteat
1432 2136 1528 2157 onera
1557 2136 1781 2166 expensarum,
1810 2137 1850 2157 ne
1878 2137 1936 2166 pro
1965 2127 2092 2158 defectu
2120 2128 2264 2167 ipsarum

1253 2181 1366 2210 eadem
1386 2180 1573 2219 inexpedita
1593 2189 1757 2210 remanere
1778 2181 1956 2219 contingat,
1977 2190 2035 2210 nos
2055 2181 2171 2210 vestris
2190 2190 2265 2221 sup-

1253 2233 1481 2273 plicationibus
1509 2233 1665 2267 inclinati,
1707 2233 1918 2263 contrahendi
1953 2236 2106 2263 mutuum
2134 2236 2266 2273 propter

1252 2289 1312 2318 hoc
1342 2297 1443 2327 usque
1473 2288 1514 2317 ad
1545 2296 1705 2317 summam
1744 2287 2053 2326 quadringentarum
2082 2295 2264 2317 marcarum

1253 2341 1494 2379 Sterlingorum‚
1514 2343 1547 2370 et
1570 2341 1733 2379 obligandi
1756 2339 1967 2369 creditoribus
1990 2348 2091 2378 usque
2113 2340 2155 2369 ad
2178 2348 2264 2369 sum-

1252 2403 1339 2424 mam
1360 2394 1557 2432 hujusmodi,
1577 2402 1635 2423 vos
1655 2396 1688 2423 et
1707 2393 1774 2432 jam
1795 2393 1918 2422 dictum
1939 2392 2117 2431 capitulum
2137 2401 2175 2423 ac
2194 2401 2265 2422 suc-

1253 2457 1375 2478 cessore
1394 2450 1520 2477 vestros
1548 2455 1671 2476 necnon
1699 2448 1731 2475 et
1759 2446 1843 2475 bona
1864 2445 1993 2475 ecclesie
2014 2444 2262 2484 Salzburgensis,

1253 2510 1290 2530 ac
1322 2500 1530 2530 renuntiandi
1562 2498 1787 2529 constitutioni
1820 2499 1859 2527 de
1892 2498 2018 2527 duabus
2051 2498 2146 2527 dietis
2177 2498 2263 2528 edite

1253 2553 1286 2583 in
1312 2553 1445 2583 concilio
1471 2552 1619 2591 generali,
1646 2554 1679 2581 et
1704 2551 1860 2581 beneficio
1885 2550 2099 2580 restitutionis
2124 2551 2156 2580 in
2181 2551 2262 2580 inte-

1253 2614 1346 2645 grum
1380 2615 1503 2635 necnon
1538 2607 1570 2634 et
1604 2604 1810 2634 conventioni
1842 2603 1988 2642 judicum
2038 2603 2064 2632 si
2119 2603 2262 2642 ipsorum

1253 2659 1449 2689 creditorum
1486 2658 1615 2687 nomine
1651 2657 1844 2695 apostolicas
1880 2656 2005 2686 litteras
2042 2656 2263 2695 cujuscunque

1252 2711 1372 2741 tenoris
1406 2711 1617 2749 imposterum
1651 2710 1817 2748 impetrari
1850 2708 2031 2748 contigerit,
2066 2709 2262 2739 auctoritate

1251 2764 1344 2794 vobis
1379 2763 1575 2803 presentium
1611 2763 1814 2792 concedimus
1841 2762 2041 2797 facultatem,
2076 2762 2121 2794 ita
2151 2765 2261 2794 tamen

1252 2818 1339 2856 quod
1363 2826 1421 2846 vos
1445 2819 1478 2846 et
1502 2816 1638 2854 predicti
1662 2816 1840 2854 capitulum
1865 2824 1903 2846 ac
1935 2824 2130 2845 successores
2161 2815 2261 2846 vestri

1252 2869 1427 2899 teneamini
1456 2869 1497 2898 ad
1528 2868 1714 2907 hujusmodi
1743 2868 1912 2907 pecuniam
1942 2869 2197 2907 persolvendam,
2227 2870 2261 2898 et

1252 2923 1293 2952 ad
1310 2931 1438 2961 penam,
1457 2923 1609 2960 dampna,
1627 2930 1794 2959 expensas,
1812 2924 1845 2950 et
1861 2921 2013 2951 interesse
2030 2921 2056 2951 si
2072 2921 2104 2950 in
2121 2921 2259 2951 termino

1251 2984 1269 3005 a
1287 2975 1379 3004 vobis
1397 2975 1571 3004 statuendo
1589 2974 1758 3013 pecuniam
1777 2983 1840 3004 non
1858 2974 2017 3004 solveritis
2033 2976 2258 3008 memoratam,
