2477 3512
283 261 346 292 614

984 259 1218 290 REGISTRES
1240 258 1543 290 D'ALEXANDRE
1565 260 1606 290 lV

283 335 338 353 non
357 327 490 353 obstante
507 326 1016 359 constitutionequadam.restituit.
1034 327 1204 357 (Rnc.:!5.a.
1220 327 1265 358 lll,
1290 330 1293 370 ι
1319 328 1392 359 bitis
1424 338 1480 368 per
1506 327 1650 365 easdem,
1679 339 1736 369 per
1765 339 1827 369 que
1854 329 1938 361 idem
1965 330 2180 371 predecessor
2209 330 2312 362 „Olujt

283 383 305 401 c.
320 375 392 403 379¹.
411 374 428 401 f.
447 376 513 400 ww

326 478 339 491 «
367 461 518 493 johanni
535 461 674 493 Ausoldz'
690 462 820 493 clerico.
841 463 906 493 Tue
926 462 1107 493 devotionis
1123 481 1175 492 —.
1193 462 1264 495 Dat.

284 519 428 554 Viterbii,
452 518 556 550 idibus
569 519 664 559 junii,
681 529 763 549 anno
785 519 892 550 tertio.
919 532 932 546 η

355 663 451 690 1992
844 664 970 694 vuerbe,
992 663 1101 696 lssjuin
1119 666 1194 691 1257.

317 751 459 786 Episcopo
488 751 654 778 Belvaccnsi
690 753 819 782 mandat,
840 755 988 786 quatenus
1012 753 1117 779 loanni
1147 752 1266 778 Ansoldi

1290 374 1293 391 l

1291 424 1293 464 l

1291 469 1293 480 ι

1291 484 1293 502 Ι

1291 511 1293 524 l

282 798 401 829 clerico,
433 799 606 825 Morinensis
629 799 783 827 dioecesis,
809 800 844 826 de
880 800 1048 834 praebenda
1075 801 1266 834 competenti.
1294 827 1295 830 ,

277 847 363 881 juxta
394 847 589 873 restitutionis
615 849 759 875 tenorem,
783 847 934 881 providere
959 847 1084 874 studeat.
1118 849 1195 874 issno.
1226 850 1267 877 2133,
1294 862 1295 886 3

281 903 304 920 a.
323 895 367 927 m,
383 902 407 920 c.
425 894 497 922 3792.
516 894 534 920 s.
552 896 619 920 191..

323 998 338 1011 n
371 1009 390 1014 ..
421 983 575 1027 episcopo
613 984 814 1015 Belvacensi.
850 986 975 1016 Meritis
1004 986 1112 1016 dilecti
1139 985 1192 1016 11111
1213 986 1268 1016 Jo-

283 1040 394 1071 hannis
409 1058 462 1070 -—.
486 1042 556 1071 Dat.
585 1041 733 1074 Viterbii.
751 1047 784 1072 ut
803 1052 910 1083 supra.
938 1056 951 1069 »

354 1179 448 1205 1993
867 1178 979 1205 [atron.
999 1179 1027 1202 lb
1046 1178 1100 1203 mai
1121 1179 1195 1203 12:⁰17.

1291 403 1293 420 ἱ
1318 384 1404 415 dicto
1435 384 1663 416 archidiacono
1689 385 1900 426 prejudicium
1923 386 2050 427 aliquod
2072 387 2234 427 generari.
2258 387 2310 421 Et.

1318 442 1394 472 licet
1414 441 1584 482 episcopus
1606 442 1674 483 ipse
1695 442 1786 472 Godo
1805 444 1837 473 et
1859 442 2024 474 Ganaceto
2039 444 2194 475 canonico
2215 444 2312 476 Muti-

1319 498 1420 532 nensi,
1436 507 1532 538 super
1551 497 1611 528 hoc
1632 498 1840 529 committens
1854 499 2000 530 totaliter
2016 499 2105 530 vices
2115 510 2202 537 suas,
2221 510 2311 531 reco-

1320 554 1471 594 gnoverit
1491 564 1526 584 se
1546 554 1736 585 interfuisse
1757 554 1936 595 hujusmodi
1953 556 2132 596 receptioni
2148 566 2185 586 ac
2206 566 2314 587 recor-

1319 610 1388 641 dari
1408 611 1505 641 etiam
1526 609 1566 641 de
1596 610 1723 646 eadem,
1758 615 1852 652 prout
1883 611 1913 642 in
1942 612 2158 643 instrumento
2185 612 2312 653 publico

1319 667 1392 697 inde
1413 666 1564 697 consecto
1576 666 1701 708 plenius
1717 667 1838 698 «licitur
1855 668 2027 705 contineri,
2047 668 2184 699 nondum
2205 671 2314 700 tamen

1320 723 1403 754 idem
1425 723 1673 754 archidiaconus
1691 734 1732 754 ex
1753 723 1934 765 hujusmodi
1957 725 2077 755 litteris
2111 724 2313 756 commodum

1321 783 1371 810 est
1390 779 1519 820 aliquod
1539 783 1723 811 assecutus.
1747 781 1906 817 Quocirca
1935 780 2136 819 mandamus,
2163 781 2314 821 quatinus

1321 836 1348 866 si
1366 836 1472 867 dictus
1488 837 1658 878 episcopus
1678 836 1717 867 <le
1734 836 1790 867 tali
1812 837 1930 878 prefati
1953 837 2175 868 archidiaconi
2197 847 2314 878 recep-

1322 893 1421 930 tione,
1445 896 1478 923 ut
1499 893 1678 933 predictum
1706 896 1768 927 est.
1800 903 1924 925 memor
1939 894 2092 925 extiterit
2114 894 2165 925 vel
2185 893 2312 930 existit,

1321 948 1423 979 eidem
1448 948 1676 980 archidiacono
1704 949 1913 990 prebendam,
1929 950 1954 980 si
1976 960 2037 990 qua
2069 953 2165 981 vacat
2200 949 2314 981 ibidem

1322 1004 1360 1035 ad
1382 1015 1517 1046 presens
1547 1005 1599 1036 vel
1616 1006 1850 1046 quamprimum
1871 1006 1909 1037 ad
1930 1006 1959 1037 id
1986 1016 2022 1037 se
2053 1006 2193 1038 facultas
2220 1005 2315 1037 obtu-

1322 1061 1408 1099 lerit,
1441 1064 1547 1092 amoto
1567 1061 1606 1092 ab
1633 1071 1672 1092 ea
1698 1061 1840 1102 quolibet
1865 1062 1977 1094 illicito
1997 1063 2181 1096 detentore,
2206 1073 2263 1104 per
2283 1064 2315 1094 te

1294 1138 1295 1167 ζ
1323 1117 1373 1148 vel
1391 1117 1486 1148 alium
1506 1118 1657 1149 conferas
1678 1122 1712 1149 et
1733 1119 1896 1159 assignes,
1913 1119 2074 1150 inducens
2095 1129 2167 1150 eum
2184 1119 2214 1149 in
2231 1118 2316 1150 illius

316 1269 458 1303 Episcopo
486 1269 641 1295 Mutinensi
659 1270 790 1299 mandat,
815 1272 962 1302 quatenus
989 1270 1024 1295 de
1047 1269 1215 1303 praebenda
1240 1269 1268 1295 in
1294 1281 1295 1299 ;

279 1315 404 1342 ecelesia
431 1316 540 1351 Regina
571 1316 658 1343 saciat
694 1316 840 1350 provideri
874 1316 1097 1343 Bartholomaeo
1125 1317 1269 1343 archidia—

279 1372 353 1390 cono
384 1364 575 1398 Tripolitano,
601 1365 649 1398 qui
674 1364 807 1391 nondum
837 1364 1036 1398 praehendam
1064 1368 1108 1391 cst
1133 1365 1269 1399 adeptus,

282 1419 333 1445 pro
349 1419 393 1442 eo,
422 1411 500 1446 quod
524 1411 636 1438 litteras
651 1415 679 1438 et
700 1413 898 1438 instrumenta
920 1420 1010 1446 super
1026 1413 1192 1447 receptione
1218 1421 1270 1439 sua

274 1459 409 1485 confecta
449 1462 570 1493 propter
599 1459 747 1494 praeteriti
775 1460 914 1493 temporis
937 1460 1134 1486 turbationem
1160 1460 1267 1486 amisit.

277 1507 521 1540 (nm.25,a.111,
537 1515 560 1534 c.
577 1509 638 1537 380,
655 1507 672 1533 f.
689 1509 757 1533 49131

323 1611 336 1623 u
365 1621 384 1626 ..
416 1595 569 1638 episcopo
596 1595 792 1627 ,llulim·n.s·i.
821 1596 885 1627 Sua
908 1597 998 1628 nobis
1023 1597 1162 1629 dilectus
1187 1598 1268 1628 tilius

281 1652 529 1684 Bartholomeus
558 1652 804 1683 archidiaconus
835 1653 1062 1695 'li-spolitanus,
1085 1654 1271 1695 capellanus
1297 1681 1298 1684 ,

281 1714 405 1745 noster,
418 1709 574 1750 petitione
591 1710 795 1747 monstravit,
807 1710 902 1750 quod,
916 1709 995 1741 licet
1006 1711 1073 1751 ipse
1088 1711 1117 1741 in
1131 1710 1272 1741 ecclesia

285 1766 424 1807 Regina,
441 1766 638 1797 auctoritate
658 1766 840 1797 litterarum
857 1767 1050 1798 venerabilis
1069 1768 1182 1798 fratris
1198 1778 1272 1798 nos-

282 1823 322 1853 tri
359 1847 378 1852 ..
419 1822 605 1863 patriarche
632 1822 875 1863 Aquilegensis,
914 1825 989 1854 tunc
1021 1824 1051 1854 in
1082 1824 1272 1856 Lombardie

283 1878 426 1920 partibus
466 1879 653 1919 .-xpostolice
694 1879 786 1910 Sedis
819 1879 931 1920 legati,
966 1880 1083 1911 dudum
1122 1884 1274 1922 receptus

283 1934 382 1965 fuerit
413 1935 442 1965 in
478 1935 666 1966 canonicum
702 1940 734 1966 et
760 1936 790 1966 in
816 1936 965 1974 tratrem,
991 1937 1128 1967 nondum
1151 1939 1272 1973 tamen,

280 2002 338 2031 pro
360 2002 398 2021 eo
417 1991 499 2032 quod
516 1991 646 2022 litteras
670 1993 703 2022 ct
721 1992 936 2023 instrumenta
960 2003 1058 2034 super
1084 2004 1141 2024 sua
1160 2004 1274 2034 recep-

279 2048 370 2079 tione
389 2048 541 2078 confecta
559 2051 692 2089 propter
712 2049 861 2089 preteriti
884 2050 1039 2090 temporis
1060 2050 1274 2081 turbationem

279 2106 400 2142 amisit,
435 2105 464 2135 in
500 2105 611 2135 cadem
645 2106 785 2136 ecclesia
823 2106 1018 2147 prebendam
1057 2107 1193 2148 aliquam
1227 2113 1278 2138 est

282 2162 433 2203 adeptus,
461 2164 593 2202 propter
622 2161 704 2202 quod
740 2162 844 2192 selis-is
876 2162 1112 2193 recordationis
1146 2164 1169 2193 l.
1196 2174 1277 2204 papa

282 2218 501 2260 predecessor
531 2220 642 2249 noster
674 2219 848 2249 venerabili
882 2219 974 2250 fratri
1010 2226 1146 2250 nostro..

282 2286 362 2316 copo
397 2276 471 2305 tunc
502 2274 607 2305 electo
638 2275 775 2315 Regino.
809 2276 859 2315 qui
893 2279 967 2306 tunc
1002 2276 1101 2316 ipsius
1134 2276 1275 2307 ecclesie

283 2331 460 2361 canonicus
483 2331 661 2371 receptioni
677 2331 873 2362 interfuerat
895 2332 1092 2373 supradicte,
1107 2333 1172 2363 suis
1187 2332 1276 2363 (ledit
1301 2358 1303 2376 ἱ

284 2387 406 2418 litteris
425 2387 457 2417 in
479 2386 652 2424 mandati&
674 2390 707 2417 ut
728 2388 753 2417 si
770 2387 809 2417 de
832 2388 885 2418 tali
907 2388 1025 2428 prefati
1059 2389 1275 2420 archidiaconi

283 2444 470 2484 receptione
490 2453 612 2474 memor
630 2444 805 2478 existeret,
829 2444 931 2474 eidem
953 2444 1179 2475 archidiacono
1201 2456 1274 2486 prc-
1300 2447 1302 2456 '

286 2499 421 2530 bendani
441 2500 538 2541 juxta
558 2501 756 2540 receptionis
789 2511 846 2531 sue
874 2501 1017 2531 ordinem
1040 2501 1098 2531 sibi
1117 2501 1271 2541 debitam,

282 2557 387 2596 siqua
413 2558 488 2586 tunc
509 2556 623 2587 ibidem
651 2560 795 2595 vacaret,
832 2557 882 2587 vel
905 2557 1138 2598 quamprimum
1170 2558 1208 2588 ad
1245 2558 1273 2589 id

283 2624 320 2643 se
344 2612 481 2643 facultas
501 2612 647 2650 offerret,
671 2619 776 2644 amoto
794 2613 832 2644 ab
854 2624 891 2644 ea
912 2613 1054 2654 quolibet
1082 2615 1193 2645 illicito
1221 2615 1274 2646 ‹le-

285 2673 425 2707 tentorc‚
445 2670 596 2699 conferre
612 2674 643 2699 et
661 2670 843 2710 assignare.
866 2670 1031 2711 ipsumque
1047 2672 1077 2701 in
1098 2671 1182 2701 illius
1203 2682 1274 2713 pos-

285 2726 465 2756 sessionem
484 2725 636 2756 inducere
657 2728 689 2756 et
701 2726 863 2757 inductum
876 2726 1054 2758 defendere
1067 2730 1270 2768 procuraret,

284 2781 546 2813 csmtradictores
568 2784 632 2819 etc,
659 2794 719 2813 non
746 2783 950 2814 obstantibus
973 2783 1131 2824 aliquibus
1156 2784 1273 2815 litteris

285 2838 472 2879 apostolicis
503 2838 553 2868 vel
587 2839 732 2879 ejusdem
759 2840 860 2880 legati
888 2850 985 2880 super
1019 2841 1204 2881 receptione
1236 2852 1272 2871 a<-

286 2894 469 2935 provisione
488 2895 620 2925 aliorum
656 2896 686 2925 in
721 2895 808 2926 dieta
832 2895 973 2927 ecclesia
999 2896 1197 2937 generaliter
1223 2897 1272 2928 vel

285 2951 472 2991 specialiter
502 2951 703 2992 posmodum
726 2952 919 2993 impetratis,
940 2955 972 2983 et
992 2953 1196 2993 processibus
1219 2954 1271 2985 ha-

1191 2221 1276 2261 epis-
1302 2258 1303 2262 Ἰ

1321 1174 1523 1215 corporalem
1561 1175 1802 1215 possessionem
1840 1184 1876 1205 ac
1916 1174 2096 1206 defendens
2130 1174 2314 1213 inductum;

1322 1230 1580 1261 contradictores
1602 1232 1666 1262 etc.
1692 1231 1791 1271 juxta
1817 1231 1936 1272 prefati
1967 1230 2212 1272 predecessoris
2239 1241 2317 1262 con-

1323 1287 1492 1318 tinentiam
1522 1286 1722 1324 litterarum,
1757 1297 1817 1318 non
1852 1287 2003 1318 obstante
2037 1287 2063 1318 si
2097 1287 2215 1318 ibidem
2243 1290 2315 1329 post

1322 1343 1506 1384 hujusmodi
1527 1343 1747 1385 receptionem
1766 1344 1830 1374 sint
1846 1343 1943 1384 aliqui
1964 1344 2141 1385 apostolica
2159 1343 2213 1375 vel
2225 1343 2318 1385 lega-

1323 1402 1427 1431 torum
1456 1400 1641 1441 Apostolice
1665 1400 1758 1431 Sedis
1793 1410 1849 1431 seu
1886 1401 1948 1431 alia
1975 1401 2088 1440 quavis
2120 1400 2317 1432 auctoritate

1323 1457 1460 1498 recepti,
1480 1456 1531 1486 vel
1553 1458 1585 1487 ut
1618 1457 1818 1498 recipiantur
1837 1457 2002 1493 insistant,
2025 1456 2138 1497 quibus
2167 1457 2200 1487 in
2228 1466 2317 1488 asse-

1323 1513 1452 1544 cutione
1491 1513 1654 1554 prebende
1695 1512 1814 1544 dictum
1861 1513 2122 1544 archidiaconum
2167 1512 2316 1544 volumus

1323 1570 1494 1605 anteferri,
1517 1572 1572 1600 ant
1591 1570 1618 1600 si
1639 1580 1657 1600 a
1676 1571 1823 1611 tempore
1851 1570 2050 1611 receptionis
2070 1569 2254 1611 hujusmodi
2285 1569 2318 1600 in

1324 1626 1465 1657 ecclesia
1481 1626 1560 1666 ipsa,
1584 1626 1748 1666 prebende
1763 1626 1867 1666 alique
1886 1627 1947 1667 ipsi
1968 1626 2195 1657 archidiacono
2207 1625 2318 1657 debite

1324 1684 1537 1719 vacaverunt,
1572 1682 1623 1713 vel
1643 1682 1725 1723 quod
1746 1682 1830 1713 idem
1853 1694 1888 1713 se
1916 1683 1992 1713 fecit
2008 1682 2048 1713 de
2069 1692 2180 1713 earnm
2211 1681 2318 1722 aliqua

1324 1739 1487 1777 investiri,
1509 1741 1542 1770 et
1566 1739 1596 1769 in
1617 1738 1703 1769 illius
1724 1739 1960 1780 possessionem
1993 1738 2100 1769 induci
2122 1738 2318 1770 auctoritate

1325 1795 1508 1836 hujusmodi
1523 1795 1719 1829 litterarum,
1743 1806 1813 1825 cum
1844 1795 1911 1836 ipse
1932 1795 2109 1836 prebende,
2133 1797 2167 1826 nt
2185 1794 2316 1831 asserit,

1325 1852 1533 1883 detineantur
1552 1851 1589 1882 ab
1611 1852 1682 1882 aliis
1703 1853 1872 1893 occupate,
1895 1852 1963 1883 sive
1984 1854 2118 1886 statuto.
2132 1861 2194 1892 quo
2207 1861 2319 1882 omnes

1326 1909 1531 1950 receptiones
1551 1908 1731 1950 prebendas
1749 1909 1990 1950 expectantium
2006 1910 2191 1945 vacaturas,
2208 1910 2320 1949 preter

1326 1968 1436 1996 certas
1458 1968 1594 2006 quatuor
1614 1965 1646 1996 111
1668 1965 1818 1996 ecclesiis
1837 1964 2101 2005 quibuscumque,
2119 1963 2226 1995 edicto
2245 1973 2318 1995 cas—

1329 2023 1470 2053 savimus
1491 2021 1649 2063 generali.
1674 2022 1737 2052 Nos
1758 2022 1841 2053 enim
1863 2021 2010 2062 quicquid
2027 2031 2125 2062 super
2145 2021 2217 2058 hiis,
2239 2030 2318 2052 con-

1301 2088 1303 2096 1
1329 2081 1379 2110 tra
1398 2085 1542 2109 tenorem
1565 2079 1706 2110 mandati
1729 2078 1910 2120 apostolici,
1929 2078 2068 2109 fueritin
2090 2078 2190 2119 ipsius
2211 2076 2319 2108 archi—

1328 2136 1454 2166 diaconi
1471 2135 1684 2177 prejudicium
1698 2136 1938 2176 attemptatum,
1961 2135 2086 2165 irritum
2113 2134 2319 2165 decernimus

1329 2197 1362 2223 et
1381 2193 1486 2222 inane.
1512 2192 1624 2222 {iatum
1651 2192 1815 2225 Laterani,
1838 2191 1940 2222 idibus
1961 2191 2048 2223 maii.
2066 2201 2147 2221 anno
2168 2190 2278 2221 tertio.
2303 2204 2317 2217 u

1406 2347 1498 2373 {zm-1
1860 2347 1974 2374 Lati-an,
1995 2348 2023 2372 13
2041 2346 2148 2371 sevi-ier
2172 2345 2246 2371 1257.

1365 2448 1502 2473 Bernerio
1524 2447 1660 2481 episcopo
1677 2447 1877 2477 Cremonensi,
1891 2447 1939 2480 qui
1957 2454 2008 2480 per
2018 2446 2221 2472 marchionem
2236 2444 2320 2471 Pala-

1327 2495 1456 2520 vi‹·inum
1473 2503 1564 2521 censu
1582 2495 1710 2529 privatus
1723 2498 1751 2521 et
1771 2503 1837 2520 cum
1862 2494 2056 2520 familiaribus
2076 2493 2136 2519 suis
2164 2501 2179 2518 e
2201 2493 2316 2519 civitate

1327 2543 1487 2568 Cremonae
1513 2543 1624 2576 ejectus
1646 2542 1766 2568 exulare
1789 2545 1869 2567 extra
1900 2542 1999 2567 sedem
2028 2541 2174 2575 propriam
2198 2543 2318 2566 coactus

1327 2593 1397 2617 erat.
1426 2590 1562 2616 concedit
1587 2589 1755 2616 facultatem
1783 2589 1978 2615 contrahendi
2003 2592 2138 2615 mutuum
2162 2595 2255 2622 usque
2281 2587 2318 2613 ad

1325 2645 1471 2664 sumniam
1487 2640 1605 2663 centum
1623 2645 1788 2664 marcarum
1803 2637 1926 2670 argenti.
1944 2638 2020 2670 1111111.
2038 2638 2081 2667 25,
2096 2643 2122 2662 a.
2141 2635 2188 2664 lll.
2206 2643 2230 2661 c.
2249 2636 2313 2663 38¹.

1327 2686 1343 2710 l'.
1360 2687 1409 2715 50,
1429 2686 1571 2711 Porruasr
1588 2687 1688 2716 1673&
1709 2687 1885 2713 nom-,sainna
1903 2688 1921 2710 t.
1940 2685 1987 2713 111,
2003 2689 2036 2710 11υ
2054 2685 2122 2712 'flii-l

1371 2802 1383 2814 «
1413 2786 1569 2818 hemerio
1597 2786 1750 2830 episcopo
1783 2785 2008 2819 Cremonensi.
2036 2786 2125 2823 Cum,
2156 2786 2240 2816 sieut
2275 2795 2317 2817 ex

1325 2845 1417 2885 parte
1437 2847 1489 2874 tua
1509 2844 1569 2874 fuit
1590 2844 1788 2884 propositum
1807 2854 1913 2873 coram
1936 2842 2038 2879 nobis,
2061 2851 2118 2882 pro
2129 2841 2316 2880 devotione,

1325 2910 1417 2940 quam
1437 2910 1516 2940 erga
1539 2910 1596 2930 nos
1617 2902 1649 2930 et
1667 2899 1886 2940 Apostolicam
1905 2898 2021 2930 Sedem
2036 2897 2136 2938 geris,
2156 2907 2214 2938 per
2234 2907 2319 2928 mar-

1324 2955 1470 2987 chionem
1493 2956 1724 2993 Pelavicinum,
1748 2956 1907 2986 inimicum
1938 2955 1992 2986 Dei
2013 2956 2045 2985 et
2075 2953 2234 2990 Ecclesie,
2258 2963 2319 2984 una
