2477 3512
325 268 389 299 750

317 346 474 372 Consensu
493 341 624 382 capituli
644 341 706 377 sui,
728 340 819 371 vobis
835 341 887 381 pia
909 342 944 370 et
960 339 1093 380 provida
1107 339 1304 370 liberalitate

313 398 488 434 concessit,
502 394 583 437 quod
600 396 800 438 postmodum
823 396 933 427 extitit
954 406 1011 437 per
1027 395 1143 426 Sedem
1160 396 1301 436 Aposto-
1330 400 1333 415 <'

313 454 405 484 licam
427 454 662 490 confirmatum,
685 456 777 494 prout
803 453 831 482 in
853 451 1040 493 apostolicis
1065 454 1098 482 et
1119 451 1190 482 aliis
1211 451 1302 482 litte·
1330 471 1331 491 ἢ

315 511 359 541 ris
377 510 450 540 inde
471 509 629 540 confectis
651 513 683 540 et
702 509 848 550 ejusdem
871 509 1014 550 episcopi
1039 508 1145 547 sigillo
1164 507 1303 548 signatis
1328 539 1329 548 ἵ

313 567 436 608 plenius
465 566 580 597 dicitnr
611 566 780 596 contineri.
808 566 875 596 Nos
894 565 1004 605 igitur.
1032 565 1149 595 vestris
1176 563 1304 595 devotis
1328 563 1329 622 l

318 623 465 664 precibus
493 623 664 664 benignum
694 622 918 663 impertientes
939 631 1121 658 assensum,
1143 625 1178 652 ut
1197 621 1304 651 nullus

320 681 349 710 in
373 680 523 710 ecclesiis
553 679 630 720 ipsis
657 679 854 710 constructis
881 683 914 709 et
947 679 1045 709 etiam
1075 677 1303 708 construendis

316 741 427 767 contra
456 736 702 771 ordinationem,
738 735 980 776 dispositionem
1019 744 1056 765 ac
1086 735 1303 765 confirmatio·
1328 757 1329 778 ξ

316 803 385 824 nem
407 792 601 834 hujusmodi,
625 791 714 823 vobis
736 791 857 826 inritis,
880 790 998 832 aliquid
1018 792 1215 831 attemptare
1231 800 1303 831 pre-

317 852 433 887 sumat,
457 849 652 879 anctoritate
676 848 873 889 presentium
896 847 1077 878 districtius
1103 847 1300 881 inhibemus:

315 916 375 936 non
396 905 599 936 obstantibus
623 905 781 945 aliquibus
812 904 930 935 littoris
950 904 989 934 ab
1012 904 1125 934 eadem
1144 903 1227 933 Sede
1248 903 1303 933 ini-
1328 919 1330 952 ζ

315 963 463 1004 petratis.
485 962 525 993 de
546 962 658 1003 quibus
675 962 799 1003 plenam
819 964 853 992 et
866 970 1057 1001 expressum
1074 960 1141 990 lieri
1155 962 1303 1000 oportent
1328 986 1329 991 ,

311 1019 515 1060 presentibus
534 1019 743 1055 mentionem,
763 1018 813 1048 vol
835 1018 930 1048 etiam
952 1015 1179 1057 impetrandis,
1196 1015 1303 1054 inqui·
1328 1003 1329 1009 ¹

315 1076 372 1107 bus
390 1075 429 1106 de
450 1075 632 1116 hujusmodi
647 1074 752 1114 gratia
776 1075 861 1104 sacta
888 1084 948 1103 non
971 1073 1067 1103 fuerit
1093 1072 1211 1102 mentio
1230 1082 1304 1112 spe—

315 1133 416 1163 cialis.
446 1132 531 1162 Nulli
552 1132 647 1173 [eto]
663 1138 773 1161 nostre
787 1130 984 1160 inhibitionis
1003 1131 1067 1160 etc.
1082 1129 1194 1159 Datum
1210 1129 1304 1159 Lato-

313 1189 394 1225 rani,
420 1189 445 1218 X
472 1187 628 1219 kalendas
643 1188 728 1224 maii,
750 1198 833 1217 anno
855 1187 963 1217 tertio.
986 1198 1000 1213 »

380 1272 481 1299 2410
779 1271 903 1303 Viterbe,
929 1273 961 1297 22
975 1271 1134 1297 novembre
1153 1272 1228 1297 1257.

1328 1044 1330 1075 l

344 1356 430 1381 Petro
447 1355 552 1381 rectori
571 1355 710 1381 ecclesiae
728 1356 763 1380 «le
779 1353 1128 1389 Comprinhacindulget,
1146 1358 1178 1380 ut
1190 1357 1306 1388 praeter
1330 1384 1331 1389 ¹

1330 1407 1331 1410 ’
1358 1402 1400 1432 tis
1422 1404 1454 1433 et
1471 1404 1652 1434 reservatis
1672 1402 1779 1433 abbati
1801 1407 1835 1433 et
1857 1402 2013 1433 fratribus
2040 1403 2141 1444 ipsius
2159 1403 2347 1434 monasterii

1330 1466 1331 1474 ¹
1358 1459 1520 1497 ecclesiis,
1536 1459 1818 1497 decimationibus,
1831 1459 2018 1490 mortuariis
2034 1462 2068 1490 et
2078 1459 2155 1490 data
2168 1459 2306 1501 publica,
2319 1461 2353 1491 et

313 1403 418 1429 dictam
435 1402 600 1429 ecclesiam.
616 1402 695 1428 aliud
713 1401 890 1428 beneficium
907 1403 1037 1436 recipere
1049 1402 1150 1428 valeat.
1166 1402 1244 1435 (Rieu.
1260 1403 1303 1433 25,

309 1458 334 1476 a.
353 1451 440 1482 lll,‹*.
459 1451 644 1484 788‚s.11·3.)

356 1551 370 1565 u
399 1537 497 1568 Petro
518 1535 638 1567 rectori
660 1534 797 1567 ecclesie
826 1534 866 1567 de
893 1535 1129 1577 Comprinlztzc,
1157 1533 1304 1566 Lemovi-

315 1589 422 1622 censz's
441 1589 591 1621 diocesis.
611 1590 766 1620 Volentes
788 1589 844 1620 tibi
862 1589 1001 1630 gratiam
1020 1607 1074 1619 —.
1094 1589 1164 1619 Dat.
1190 1589 1303 1619 Viter—
1330 1610 1331 1614 ,

312 1647 364 1683 bii,
386 1647 415 1678 X
437 1647 501 1677 kal.
520 1646 716 1682 decembris,
737 1656 820 1677 anno
835 1646 945 1677 tertio.
959 1658 974 1673 »

380 1743 474 1769 2411
893 1743 1008 1774 Latran,
1025 1743 1039 1767 9
1056 1750 1135 1767 mars
1154 1743 1227 1767 1257.

349 1826 511 1851 Confirmat
533 1825 755 1850 concessionem
784 1825 870 1851 castri
891 1825 1009 1850 Geunae
1032 1827 1059 1849 et
1086 1823 1164 1849 feudi
1184 1824 1305 1849 Joannis

324 1873 446 1899 llolandi
466 1873 598 1908 l'hilippo
619 1874 654 1899 de
676 1874 794 1899 Murano
811 1875 839 1897 et
865 1872 928 1906 ejus
951 1871 1127 1898 haeredibus
1145 1871 1180 1898 ab
1201 1871 1305 1897 abbate

322 1921 492 1947 Sublacensi
510 1921 658 1955 quondam
675 1921 790 1946 factam.
809 1921 887 1946 (Rae.
904 1921 948 1951 25,
962 1928 988 1945 a.
1007 1920 1052 1951 ΙΙΙ,
1072 1928 1096 1945 c.
1115 1920 1176 1951 789,
1193 1919 1211 1945 f.
1233 1921 1304 1949 112.)

359 2015 372 2029 κ
400 2000 580 2033 Nobilibus
601 1999 675 2031 nii-12⁸
691 1999 908 2041 Lamlztlsoet
931 1999 1171 2030 Alibaiamomi
1187 1998 1306 2029 militi-

325 2058 382 2090 bus
411 2056 672 2089 Szcblacensilms
699 2068 736 2087 m:
765 2055 947 2087 Fallretane
976 2062 1008 2087 εἰ
1042 2055 1196 2098 Auselisc
1217 2054 1306 2086 uatis

321 2114 492 2158 quondam
515 2113 668 2156 Philippi·
681 2114 755 2144 nali
767 2112 938 2155 lhzynaldi
952 2111 1179 2144 lim-tholomei
1197 2111 1306 2154 nepti-

316 2171 374 2202 bus
394 2182 521 2204 eorum.
544 2169 805 2213 consanfsnineis
825 2169 960 2200 nostris.
980 2170 1061 2207 Hiis,
1079 2179 1140 2208 que
1157 2179 1215 2210 per
1232 2179 1306 2199 con-

317 2228 459 2259 cordiam
490 2230 523 2259 et
558 2228 823 2269 compositionem
853 2226 1053 2257 amicabilem
1090 2228 1303 2266 peraguntur,

313 2285 679 2325 consuevitApostolira
689 2283 789 2314 Sedes
799 2282 1306 2322 adicerefirmitatem,etsiquir-

318 2351 410 2381 quam
428 2341 612 2381 neglectum
626 2344 678 2372 est
697 2341 747 2371 vel
764 2342 928 2377 omissum,
943 2340 1025 2379 quod
1043 2338 1121 2369 utile
1138 2350 1176 2369 ac
1194 2348 1306 2369 neces-

318 2398 436 2428 sarium
454 2399 492 2428 ud
510 2398 554 2428 rei
578 2401 674 2438 geste
690 2397 923 2438 perfectionem
945 2397 1119 2431 existeret,
1140 2394 1303 2426 desectum

318 2454 500 2495 hujusmodi
521 2464 577 2484 sua
599 2453 787 2494 precellenti
804 2453 1000 2483 auctoritate
1020 2452 1182 2492 supplere,
1205 2453 1239 2482 ut
1259 2451 1304 2481 sir

315 2511 450 2541 aliorum
473 2514 558 2549 acta,
588 2521 648 2551 qne
669 2510 749 2541 alias
775 2508 956 2540 efficaciam
978 2509 1008 2538 in
1039 2518 1073 2538 se
1102 2507 1248 2538 obtinent
1271 2510 1304 2537 et

318 2568 475 2607 vigorem,
510 2568 624 2608 potiori
656 2567 845 2597 fulcimento
875 2565 1053 2596 subsistant
1075 2567 1107 2594 vt.
1129 2564 1304 2606 perdurent

318 2624 432 2655 robore
448 2624 591 2657 firmiori„
610 2630 642 2655 et
663 2624 777 2664 quibus
796 2624 835 2654 ad
852 2624 899 2654 sni
922 2623 1063 2654 debitum
1085 2621 1303 2662 complemen-

318 2683 382 2712 tum
421 2681 537 2721 aliquid
575 2681 657 2711 sorte
687 2682 781 2711 deest
819 2679 997 2711 reddantur
1027 2679 1132 2718 magis
1155 2688 1212 2719 per
1243 2677 1303 2707 hec

319 2737 422 2768 valida
440 2737 606 2778 magisque
631 2737 758 2767 stabilia
781 2737 1005 2778 perseverent.
1023 2736 1120 2772 Sane,
1138 2734 1304 2765 cuminter

318 2794 474 2834 quondam
497 2794 676 2835 Philippum
699 2794 738 2824 de
769 2794 901 2824 Marano
922 2795 1074 2834 p'roavum
1108 2792 1252 2822 nostrum
1271 2793 1303 2820 et

319 2853 473 2886 vestrum,
485 2850 527 2881 fili
547 2851 580 2881 L.
593 2855 625 2881 et
636 2851 688 2882 A..
701 2860 794 2881 avum
810 2852 1032 2889 vestrumque,
1045 2848 1108 2878 filie
1122 2846 1302 2878 Falketane

319 2910 351 2938 et
376 2906 548 2945 Ant‘elisie,
572 2917 724 2947 proavum
745 2907 879 2937 etRac
897 2906 931 2936 Β.
956 2904 1036 2935 tilios
1054 2904 1125 2945 ejus
1146 2913 1187 2934 ex
1210 2905 1301 2943 parte

319 2973 392 3001 una,
415 2965 447 2993 et
479 2962 663 3003 quondam..
681 2963 830 2993 abbatem
852 2964 886 2993 et
906 2962 1028 2992 fratres
1047 2970 1103 2991 seu
1126 2959 1299 2990 monachos

1019 263 1252 295 REGISTRES
1277 262 1583 296 D’ALEXANDRE
1608 265 1654 296 IV

1360 333 1547 364 monasterii
1569 334 1777 365 Sublacensis
1791 344 1831 365 ex
1850 334 1966 371 altera,
1988 344 2086 375 super
2103 336 2220 366 castris
2243 334 2348 366 Effide

1358 392 1390 421 et
1427 390 1542 421 Pontie
1573 391 1686 431 gravis
1724 391 1854 431 questio
1892 391 2009 422 fuisset
2045 395 2173 428 exorta,
2215 391 2347 422 tandem

1356 447 1386 476 in
1408 446 1575 487 presentia
1602 446 1710 478 felicis
1742 446 1981 478 recordationis
2003 447 2180 478 Alexandri
2202 457 2283 489 pape
2305 447 2348 478 111

1356 502 1600 544 predecessoris
1627 503 1742 540 nostri,
1767 503 1844 533 talis
1873 503 1960 534 inter
1989 513 2045 534 eos
2076 503 2248 535 concordia
2288 514 2345 535 seu

1355 559 1546 599 compositio
1566 559 1756 597 intervenit,
1780 559 1933 590 videlicet
1965 559 2046 599 quod
2067 559 2151 590 idem
2180 559 2280 590 abbas
2309 559 2350 590 de

1328 623 1329 630 ¹
1354 615 1555 646 auctoritate
1575 616 1676 656 ipsius
1691 615 1936 656 predecessoris
1954 617 2056 647 nostri
2071 620 2105 647 et
2115 616 2349 658 assensucapi-

1355 672 1412 702 tuli
1434 682 1491 702 seu
1520 675 1702 703 conventus
1731 673 1778 703 sui
1807 671 1928 703 eisdem
1951 672 2098 714 Philippo
2126 674 2159 703 et
2176 673 2215 703 R.
2249 682 2287 704 ac
2308 672 2345 703 B.

1328 730 1329 735 ¹
1354 728 1426 758 filiis
1447 728 1519 769 ejus
1541 732 1686 760 castrum
1705 730 1819 759 Genne
1839 732 1872 759 et
1889 728 2020 760 feudum
2032 729 2188 760 Johannis
2201 728 2349 760 Rollandi

1356 785 1407 815 vel
1429 786 1653 816 concambium
1669 796 1725 826 pro
1753 796 1803 824 eo,
1820 786 1845 815 si
1861 785 1997 824 vellent,
2022 785 2111 816 dedit
2130 787 2165 816 et
2184 785 2349 817 concessit

1356 842 1409 872 tali
1427 841 1554 882 quidem
1578 844 1706 877 tenore,
1729 842 1811 882 quod
1833 844 1909 873 tunc
1929 842 1990 873 duo
2011 841 2129 873 milites
2149 841 2189 873 de
2214 841 2276 873 hoc
2296 841 2348 883 ju-

1355 899 1416 928 rati
1441 899 1523 929 intra
1543 899 1682 939 spatium
1706 898 1840 930 duorum
1864 899 2023 930 mensium
2042 898 2111 929 sine
2132 897 2246 929 fraude
2265 897 2349 929 arbi—

1328 954 1329 979 }
1357 956 1536 992 trarentur,
1561 955 1586 985 si
1608 958 1742 996 propter
1762 958 1906 985 castrum
1926 955 2042 986 Pontie
2073 965 2170 996 super
2202 953 2350 996 predicta

1356 1013 1499 1041 castrum
1519 1011 1632 1041 Genne
1660 1021 1697 1041 ac
1718 1011 1847 1042 feudum
1867 1012 2024 1042 ,Iohannis
2044 1010 2192 1042 Rollandi
2213 1010 2350 1042 deberet

1355 1067 1472 1107 aliquid
1491 1067 1613 1098 addere
1629 1066 1734 1098 dictus
1755 1067 1867 1104 abbas,
1883 1071 1917 1098 et
1937 1067 2212 1098 siarbitrarentur
2231 1066 2349 1108 aliquid

1328 1107 1330 1173 i
1355 1124 1427 1154 fore
1450 1122 1645 1160 addendum,
1670 1124 1739 1164 ipse.
1755 1117 1854 1154 abbas
1881 1123 2016 1155 adderet
2036 1127 2188 1164 quantum
2207 1123 2350 1155 dictaret

1356 1179 1526 1210 arbitrium
1548 1180 1758 1218 eorumdem3
1779 1180 1898 1221 prefati
1910 1190 1989 1211 vero
2008 1179 2238 1221 PhilippusAE.
2260 1182 2294 1211 et
2307 1179 2344 1210 B.

1358 1236 1517 1277 premissa
1541 1236 1580 1267 ab
1609 1236 1722 1267 eodem
1746 1237 1943 1267 1110nast‹·1·i0
1971 1237 2000 1267 in
2031 1236 2162 1267 feudum
2182 1238 2347 1275 tenerent,

1351 1292 1450 1333 juxta
1489 1292 1579 1324 illum
1615 1296 1760 1323 tenorem
1794 1303 1849 1324 seu
1883 1292 2021 1330 modum,
2049 1293 2225 1324 secundum
2252 1302 2347 1334 quem

1359 1348 1471 1377 tenere
1486 1346 1666 1377 debuerant
1689 1349 1832 1377 castrum
1855 1346 1970 1377 I'ontie
1991 1351 2216 1384 memoratum,
2238 1350 2348 1378 reten-

1358 1525 1510 1555 guerram
1538 1518 1573 1546 et
1611 1526 1723 1556 pacem
1759 1516 1907 1547 facerent
1935 1515 1975 1546 ad
2008 1515 2194 1547 mandatum
2226 1515 2352 1548 abbatis

1357 1571 1503 1612 ejusdem
1542 1572 1747 1609 monasterii;
1789 1572 1889 1603 abbas
1919 1578 2026 1603 autom
2055 1582 2116 1603 non
2146 1572 2275 1604 auferet
2303 1572 2352 1604 eis

1357 1628 1455 1659 feuda
1475 1629 1622 1669 predicta
1640 1629 1709 1660 sine
1726 1628 1899 1659 forisfacto
1915 1634 1959 1666 et,
1981 1628 2175 1670 eojudicato
2189 1628 2273 1660 unde
2293 1628 2350 1660 de-

1358 1684 1475 1716 berent
1509 1685 1648 1726 perdere
1681 1686 1740 1726 ipsi
1763 1688 1898 1724 terram,
1925 1685 2073 1726 predicta
2100 1695 2225 1726 quoque
2251 1685 2349 1717 feuda

1359 1743 1511 1772 tenerent
1531 1744 1565 1772 et-
1595 1742 1642 1772 eis
1665 1744 1837 1772 uterentur
1857 1752 1912 1782 pro
1944 1752 2002 1772 sua
2031 1741 2199 1772 voluntate
2218 1742 2248 1772 in
2278 1741 2350 1772 vita

1357 1798 1478 1838 prefati
1499 1798 1638 1839 Philippi
1668 1799 1885 1829 communiter
1905 1798 1956 1829 vel
1978 1797 2120 1836 divisim,
2141 1801 2174 1829 et
2194 1800 2267 1839 post
2284 1797 2350 1829 obi—

1359 1856 1425 1885 tum
1447 1855 1519 1896 ejus
1540 1854 1617 1886 dicti
1639 1855 1678 1885 R.
1710 1859 1744 1885 et
1770 1855 1806 1885 B.
1833 1854 1991 1886 haberent
2015 1854 2127 1886 eadem
2155 1854 2252 1886 feuda
2273 1853 2350 1886 fide-

1358 1911 1450 1942 litate
1466 1911 1605 1953 prestita
1621 1911 1820 1942 monasterio
1841 1913 1874 1941 et
1900 1911 2022 1949 abbati,
2050 1913 2084 1942 et
2112 1911 2139 1941 si
2160 1920 2350 1951 quocunque

1358 1970 1506 2009 tempore
1531 1969 1599 2009 ipse
1626 1968 1795 2008 Philippus
1823 1970 1879 1998 aut
1903 1968 2023 2008 prefati
2050 1968 2088 1998 R.
2120 1970 2153 1998 et
2180 1968 2216 1998 B.
2242 1967 2350 2008 aliquo

1358 2034 1434 2054 casu
1461 2023 1637 2064 perderent
1666 2023 1755 2054 dicta
1790 2023 1899 2061 feuda,
1928 2023 2027 2054 abbas
2047 2024 2146 2064 ipsius
2161 2023 2350 2055 monasterii

1357 2090 1413 2112 eos
1437 2080 1476 2111 ad
1501 2080 1726 2122 recuperanda
1744 2080 1799 2111 illa
1816 2080 1948 2121 juvaret
1969 2082 2003 2111 et
2027 2082 2221 2122 recuperata
2248 2081 2348 2112 resti-

1358 2140 1465 2168 tueret
1485 2137 1627 2175 eisdem3
1643 2137 1705 2178 ipsi
1725 2147 1802 2168 vero
1815 2137 2039 2178 juramentum
2058 2136 2225 2168 fidelitatis
2239 2137 2346 2168 eidem

1359 2193 1777 2225 monasterioexhiberent.
1791 2194 1883 2234 prout
1897 2193 1956 2223 hec
1967 2194 2073 2224 omnia
2086 2193 2115 2224 in
2131 2194 2348 2225 instrumento

1358 2251 1484 2292 publico
1514 2250 1633 2282 exinde
1670 2250 1819 2281 consecto
1841 2250 1966 2291 plenius
2004 2250 2222 2281 continentur.
2262 2249 2347 2281 Idem

1357 2310 1465 2338 autem
1494 2307 1710 2348 predecessor
1729 2307 1996 2348 compositionem
2028 2305 2211 2347 hujusmodi
2239 2316 2346 2338 coram

1358 2374 1393 2395 se
1415 2364 1535 2394 factam
1558 2363 1756 2394 auctoritate
1776 2363 1954 2404 apostolica
1976 2362 2191 2399 confirmavit,
2210 2362 2296 2394 sicut
2314 2363 2346 2393 in

1357 2421 1458 2462 ipsius
1491 2420 1663 2461 privilegio
1696 2429 1767 2450 cum
1810 2419 2098 2460 subscriptionibus
2135 2419 2346 2450 cardinalium

1357 2487 1455 2517 super
1474 2476 1535 2507 hoc
1551 2476 1638 2507 facto
1666 2476 1836 2507 evidenter
1861 2479 2009 2517 apparet.
2033 2476 2097 2506 Nos
2125 2475 2233 2516 itaque
2261 2485 2346 2506 com-

1357 2534 1551 2575 positionem
1576 2533 1677 2574 ipsam
1706 2536 1738 2563 et
1760 2533 2006 2564 concessionem
2031 2532 2214 2574 hujusmodi
2234 2542 2254 2563 a
2271 2541 2345 2574 pre—

1356 2590 1450 2621 dictis
1465 2590 1583 2621 abbate
1604 2593 1636 2620 et
1657 2590 1799 2630 capitulo
1818 2600 1874 2619 seu
1890 2592 2051 2620 conventu
2077 2588 2212 2625 factam,
2234 2590 2346 2619 aucto-

1355 2647 1454 2677 ritate
1479 2646 1658 2687 apostolica
1688 2656 1730 2676 ex
1763 2649 1855 2677 certa
1893 2645 2031 2676 scientia
2054 2644 2280 2676 confirmamus
2313 2645 2346 2675 et

1356 2703 1518 2744 presentis
1538 2702 1649 2742 scripti
1677 2702 1854 2743 patrocinio
1873 2702 2118 2740 communimus,
2139 2710 2267 2732 omnem
2287 2699 2346 2731 de-

1354 2760 1490 2797 fectum,
1511 2759 1537 2789 si
1559 2759 1628 2798 quis
1655 2769 1695 2789 ex
1722 2769 1920 2799 quacumque
1941 2768 2040 2789 causa
2059 2758 2091 2789 in
2111 2757 2232 2788 eisdem
2259 2766 2344 2788 com-

1354 2816 1512 2857 positione
1536 2818 1570 2846 et
1589 2816 1803 2846 concessione
1832 2815 1892 2845 fuit
1921 2814 2061 2852 habitus,
2093 2813 2280 2854 supplentes
2303 2812 2344 2844 de

1353 2871 1533 2913 apostolice
1561 2872 1760 2913 plenitudine
1787 2872 1984 2913 potestatis:
2012 2871 2057 2902 ita
2073 2869 2154 2910 quod
2181 2869 2290 2900 abbati
2310 2870 2342 2900 et

1353 2929 1525 2960 conventui
1546 2929 1664 2969 profati
1683 2928 1883 2960 monasterii.
1909 2928 1960 2968 qui
1981 2930 2057 2958 sunt
2076 2926 2127 2957 vel
2149 2926 2270 2957 fuerint
2287 2935 2343 2967 pro
