2477 3512
971 281 1248 323 QUATRIEME
1268 281 1431 315 ANNEE
2195 288 2255 318 777

220 392 310 418 2492
674 389 813 423 Viterbe,
833 391 849 417 7
870 398 954 418 mars
975 391 1062 420 1258.

179 441 299 470 Abbati
321 441 358 467 de
379 440 545 471 Belloloco,
568 439 686 466 ordinis
709 439 737 466 S.
760 440 934 471 Benedicti,
957 440 1146 466 Turonensis

141 481 281 512 diocesi5‚
307 480 439 506 mandat
466 481 501 506 ut
527 479 660 513 priorem
687 480 717 505 et
744 479 909 505 canonicos
935 479 1081 505 ecclesiae
1108 479 1145 505 de

141 520 327 547 castellione
350 526 442 553 super
466 519 604 546 Indriam
627 520 755 545 moneat
778 520 809 545 et
832 519 872 545 ad
894 520 1066 552 proventus
1090 519 1145 544 ali-

140 560 229 594 cujus
263 559 459 593 praebendae
492 558 589 592 ipsius
622 558 769 584 ecclesiae
811 559 982 584 secundum
1016 565 1144 585 consue-

140 599 283 626 tudinem
312 599 477 626 Guillelmo
506 599 543 624 de
572 598 764 630 Pelevezino‚
793 598 905 624 rectori
934 598 1079 624 ecclesiae
1108 598 1145 624 de

141 638 257 670 Strata,
276 638 479 671 assignandos
496 637 635 664 inducat.
655 637 751 670 (REG.
772 637 820 668 25,
839 637 858 663 f.
881 637 936 663 126
954 641 1000 669 v0‚
1020 645 1068 664 an.
1092 637 1143 668 IV,

140 686 164 705 c.
192 678 252 711 72.)

181 792 236 815 «..‚
273 780 378 810 abbati
412 780 448 809 de
482 779 642 813 Belloioco,
678 779 798 808 ordinis
834 779 941 809 Sancti
976 779 1144 813 Benedicti,

143 833 331 862 Turonensis
367 832 506 862 diocesis.
544 833 623 862 Cum
660 833 744 861 sicut
780 832 895 870 petitio
933 832 1040 862 dilecti
1076 832 1145 861 filii.

140 886 299 916 Guillelmi
331 886 369 915 de
401 885 599 919 Pelevezino,
631 885 763 914 rectoris
794 885 923 914 ecclesie
955 886 993 914 de
1026 885 1145 919 Strata,

137 938 345 968 Bituricensis
380 938 524 971 diocesis,
574 938 665 967 nobis
700 938 845 967 exhibita
881 937 1078 971 continebat,
1114 938 1146 967 in

139 991 268 1021 ecclesia
290 992 328 1020 de
349 991 538 1020 Castellione
558 1000 653 1028 super
676 991 827 1025 Indriam,
842 990 986 1029 ejusdem
1003 991 1147 1026 diocesis,

138 1044 230 1082 cujus
259 1044 370 1073 existit
398 1043 581 1077 canonicus,
611 1043 650 1072 de
679 1043 814 1082 antiqua
844 1046 876 1073 et
905 1044 1085 1082 approbata
1114 1045 1147 1073 et

139 1097 294 1127 hactenus
315 1096 447 1135 pacifice
468 1097 640 1126 observata
661 1097 893 1125 consuetudine
913 1097 955 1125 sit
976 1097 1147 1126 obtentum

139 1153 176 1180 ut
199 1149 344 1179 canonici
368 1149 467 1188 ipsius
492 1149 622 1178 ecclesie
646 1150 685 1178 de
710 1149 911 1183 Castellione,
937 1150 962 1179 si
986 1149 1018 1178 in
1043 1152 1149 1179 matu-

138 1203 291 1232 tinalibus
307 1202 392 1232 horis
407 1205 466 1231 aut
480 1202 512 1231 in
528 1202 625 1231 missa
641 1202 767 1240 majori,
779 1211 833 1231 seu
842 1202 873 1231 in
885 1202 1025 1241 vesperis
1036 1202 1148 1232 diebus

138 1255 269 1294 singulis
286 1255 492 1284 interfuerint
509 1254 541 1284 in
559 1255 683 1289 eadem,
702 1264 759 1293 pro
776 1255 991 1284 residentibus
1009 1255 1149 1285 habean-

138 1311 192 1338 tur
210 1311 242 1338 et
260 1310 437 1347 proventus
456 1308 691 1346 prebendarum
710 1316 840 1337 suarum
859 1308 1039 1346 percipiant
1068 1317 1105 1337 ac
1123 1307 1149 1337 si

139 1361 290 1391 continue
301 1361 333 1390 in
346 1361 490 1399 predicta
501 1360 633 1389 ecclesia
644 1361 675 1389 in
689 1360 774 1389 horis
786 1361 935 1389 omnibus
946 1361 1148 1395 interessent,

139 1414 331 1444 mandamus
354 1414 518 1452 quatinus,
541 1413 566 1443 si
588 1415 637 1442 est
658 1413 704 1442 ita
727 1415 759 1442 et
780 1413 865 1442 idem
889 1414 926 1443 G.
948 1413 981 1442 in
1003 1413 1147 1451 predicta

139 1467 269 1497 ecclesia
289 1467 327 1496 de
347 1466 536 1496 Castellione.
555 1466 649 1495 alicui
668 1465 885 1504 predictarum
915 1466 1065 1495 horarum
1085 1467 1148 1495 sin-

138 1520 218 1558 gulis
242 1519 353 1548 diebus
376 1518 558 1547 interfuerit
578 1518 673 1556 juxta
696 1519 841 1556 ejusdem
864 1519 993 1548 ecclesie
1016 1528 1148 1548 consue-

137 1572 283 1601 tudinem
302 1571 527 1609 approbatam,
547 1571 679 1600 dilectos
697 1571 826 1606 filios...‚
845 1571 983 1610 priorem
1001 1575 1033 1601 et
1051 1581 1147 1601 cano-

137 1625 224 1654 nicos
255 1625 400 1662 ejusdem
423 1624 553 1653 ecclesie
580 1624 608 1653 le
631 1624 834 1659 CasteIlione,
860 1625 947 1663 quod
977 1625 1080 1655 eidem
1106 1625 1144 1655 G.

136 1680 314 1716 proventus
337 1678 498 1716 prebende
527 1687 583 1707 sue
613 1678 712 1716 ipsius
737 1677 867 1707 ecclesie
890 1679 1066 1708 secundum
1088 1679 1146 1708 hn—

136 1731 277 1770 jusmodi
309 1731 576 1760 consuetudinem
613 1731 775 1769 assignare
807 1734 980 1769 procurent
1013 1740 1144 1761 moneas

137 1784 296 1814 attentius
335 1786 368 1813 et
397 1784 530 1813 inducas
560 1786 593 1813 et
632 1784 672 1813 ad
715 1784 758 1817 id,
808 1785 833 1813 si
873 1792 999 1814 necesse
1048 1784 1145 1814 fuerit

137 1845 192 1873 per
235 1845 405 1866 consuram
448 1837 707 1870 ecclesiasticam,
749 1837 966 1875 appellatione
1007 1840 1142 1872 remota,

137 1889 322 1929 compellas,
351 1890 418 1919 Dat
440 1889 588 1924 Viterbii,
615 1892 708 1920 nonis
731 1890 850 1923 martii,
873 1899 958 1920 anno
987 1894 1114 1929 quarto.
1133 1903 1145 1918 »

218 2138 309 2164 2493
654 2139 793 2171 Viterbe,
805 2139 842 2166 27
854 2139 967 2167 sevrier
979 2140 1063 2167 1258.

176 2187 296 2214 Abbati
315 2188 346 2214 et
366 2188 535 2214 conventui
551 2189 732 2214 monasterii
746 2188 1016 2221 Abbendonensis,
1031 2188 1149 2215 ordinis

138 2226 244 2253 Sancti
258 2227 432 2259 Benedicti,
449 2227 682 2254 Saresbiriensis
698 2228 839 2260 diocesis,
855 2235 926 2254 cum
941 2236 1004 2254 non
1019 2230 1147 2262 possent

138 2266 311 2297 commode,
327 2268 456 2300 propter
470 2267 704 2294 vehementiam
720 2265 852 2301 frigoris,
883 2268 1072 2302 descopertis
1097 2275 1146 2294 ca-

136 2306 255 2339 pitibus
291 2306 407 2333 divinis
441 2307 556 2333 officiis
590 2307 747 2338 interesse,
783 2308 928 2334 concedit
961 2307 1147 2334 facultatem

138 2345 307 2377 deferendi,
325 2347 521 2373 necessitatis
533 2349 683 2380 tempore,
702 2347 811 2381 pilleos
823 2347 855 2374 in
872 2348 938 2381 ipso
956 2348 1146 2374 monasterio

137 2385 239 2412 ordini
261 2388 475 2419 congruentes.
500 2386 596 2420 (REG.
620 2387 668 2418 25,
690 2387 710 2414 f.
736 2387 792 2413 126
814 2391 860 2419 v0,
883 2394 932 2414 an.
959 2387 1010 2419 IV,
1033 2395 1057 2414 c.
1082 2386 1143 2420 73.)

179 2482 232 2505 «..‚
258 2470 364 2500 abbati
388 2472 414 2500 ei
438 2471 599 2501 conventui
623 2472 804 2502 monasterii
828 2472 1073 2507 Abbedonmsis,
1098 2482 1145 2502 or-

136 2523 222 2553 dinis
240 2523 346 2553 Sancti
363 2523 532 2553 Benedicti.
552 2524 793 2554 Saresbiriensis
809 2525 948 2555 diocesis.
968 2526 1013 2555 Ut
1029 2534 1144 2555 vacare

136 2576 243 2606 libere.
263 2594 305 2598 —
322 2577 399 2606 Dat.
419 2577 638 2611 Viterbii,‚III
658 2578 721 2607 kal.
741 2578 860 2612 martii,
880 2587 965 2608 anno
985 2581 1112 2617 quarto.
1133 2590 1145 2605 r>

217 2798 308 2824 2494
702 2799 839 2831 Viterbe,
852 2800 868 2827 5
880 2808 962 2827 mars
975 2801 1060 2828 1258.

178 2846 307 2878 Abbati,
330 2847 358 2874 S.
376 2847 535 2874 'Martialis
556 2849 587 2874 et
608 2848 757 2881 magistro
779 2847 872 2880 Petro
893 2849 931 2874 de
950 2849 1141 2881 Benevento,

138 2886 298 2917 canonico,
320 2886 535 2914 Lemovicensi
567 2888 699 2914 mandat
720 2889 755 2914 ut
775 2888 807 2914 in
839 2895 932 2914 causa
952 2889 1034 2915 inter
1054 2890 1142 2915 deca-

138 2932 214 2951 num
229 2926 373 2952 ecclesiae
388 2927 417 2954 S.
434 2927 551 2958 Aredii,
566 2927 796 2953 Leinoviccnsis
812 2927 951 2959 diocesis,
967 2930 998 2955 et
1014 2929 1141 2955 Petrum

139 2965 177 2990 de
203 2965 292 2997 Pinu,
318 2967 469 2993 rectorem
495 2967 641 2993 ecclesiae
668 2967 696 2994 S.
725 2967 885 2993 Saturnini
910 2967 1049 3001 ejusdem
1077 2969 1141 2994 dio—

138 3005 224 3036 cesis,
255 3012 347 3039 super
388 3007 575 3033 canonicatu
607 3007 765 3040 predictae
796 3007 942 3033 ecclesiae
973 3008 1001 3034 S.
1034 3008 1140 3034 Aredii

1218 406 1222 411 x
1252 393 1405 424 vertente,
1450 394 1545 418 testes
1580 393 1661 419 intra
1703 393 1800 419 trium
1843 393 1997 419 mensium
2020 394 2158 427 spatium
2184 403 2255 422 exa-

1252 431 1351 458 minet
1414 433 1585 459 seeundum
1626 433 1867 466 interrogatoria
1912 433 1986 466 ipsis
2038 441 2055 459 a
2107 435 2255 468 magistro

1253 471 1426 503 Dalfinato,
1450 471 1610 505 capellano
1634 473 1815 507 apostolico,
1839 473 1982 499 auditore
2005 473 2147 506 partibus
2171 475 2255 506 clato,

1252 511 1444 537 transmissa.
1469 511 1564 544 (REG.
1589 512 1637 543 25,
1660 511 1679 539 f.
1705 512 1762 538 126
1785 516 1831 544 νο,
1855 520 1903 539 an.
1931 512 1982 544 IV,
2005 520 2029 539 e.
2055 513 2115 546 74.)

1291 632 1302 647 «
1318 644 1347 654 ..‚
1366 621 1471 650 abbati
1490 622 1596 651 Sancti
1614 622 1778 652 Martialis
1795 625 1821 651 et
1836 623 1984 661 maqistro
2002 624 2091 653 Petro
2108 624 2144 653 dc
2160 623 2257 653 Bene-

1250 675 1345 707 vento,
1369 674 1515 703 canonico
1538 674 1757 704 Lemovicensi.
1781 676 1860 704 Cum
1884 685 2013 705 causam
2037 685 2098 715 que
2120 677 2258 706 vertitur

1249 726 1365 761 inter..,
1396 727 1553 756 decanum
1581 727 1708 756 ecclesie
1738 728 1847 757 Sancti
1875 729 1993 763 Aredii,
2022 729 2258 758 Lemovicensis

1251 779 1394 813 diocesis,
1419 782 1451 808 ct
1474 780 1607 808 Petrum
1632 780 1670 809 de
1694 780 1786 814 Pinu,
1811 784 1965 810 rectorem
1989 782 2116 811 ecclesie
2141 783 2257 811 Sancte

1251 832 1425 866 Saturnini,
1451 833 1595 870 eJ'usdem
1617 833 1760 867 diocesis,
1781 842 1876 871 super
1900 834 2090 863 canonicatu
2116 835 2257 872 predicte

1251 885 1379 914 ecclesie
1406 885 1515 914 Sancti
1540 885 1659 919 Aredii‚
1687 895 1743 914 nos
1770 886 1885 915 dilecto
1912 886 1978 915 filio
2003 887 2156 925 magistro
2182 888 2258 916 Dal-

1250 937 1364 971 finato,
1405 938 1568 976 capellano
1608 940 1727 972 nostro,
1768 939 1952 967 duxerimus
1979 940 2256 974 committendam,

1253 991 1327 1028 quia
1347 990 1403 1019 lite
1422 999 1529 1019 coram
1549 999 1585 1020 eo
1605 991 1745 1029 legitime
1766 994 1959 1025 contestata,
1980 1001 2036 1030 per
2054 1001 2090 1021 ea
2111 1002 2172 1030 que
2191 993 2258 1021 fue-

1252 1045 1329 1072 runt
1350 1043 1424 1072 hinc
1444 1043 1518 1072 inde
1540 1044 1704 1081 proposita
1727 1053 1834 1073 coram
1855 1044 1924 1082 ipso
1946 1054 2009 1073 non
2032 1045 2122 1082 plene
2144 1045 2258 1075 instrui

1252 1096 1361 1134 potuit
1373 1105 1468 1125 causa
1482 1096 1560 1134 ipsa,
1575 1105 1613 1126 ne
1626 1105 1683 1134 pro
1697 1097 1824 1125 defectu
1838 1097 2065 1135 probationum
2078 1097 2129 1135 jus
2142 1098 2258 1127 alteru-

1251 1148 1332 1178 trius
1351 1149 1451 1187 partis
1469 1149 1577 1178 valeat
1595 1149 1747 1187 deperire.
1767 1150 1805 1179 de
1824 1150 1991 1188 utriusque
2009 1150 2110 1188 partis
2127 1160 2258 1180 assensu
2283 1166 2286 1169 >

1251 1202 1444 1231 mandamus
1487 1202 1640 1240 quatinus
1672 1204 1769 1231 testes
1801 1212 1880 1241 quos
1917 1212 1990 1241 pars
2021 1203 2120 1241 ipsius
2147 1204 2259 1233 decani

1252 1263 1359 1284 coram
1383 1255 1475 1283 vobis
1501 1255 1628 1284 duxerit
1652 1256 1884 1293 producendos,
1910 1265 1983 1284 cum
2007 1265 2081 1294 pars
2096 1256 2157 1285 alia
2181 1256 2259 1286 nihil

1252 1317 1308 1346 per
1333 1309 1432 1337 testes
1458 1308 1593 1346 probare
1620 1308 1780 1342 intendat,
1807 1318 1864 1347 per
1889 1318 1946 1338 vos
1972 1309 2023 1337 vel
2049 1309 2127 1338 alios
2154 1310 2259 1339 neutri

1252 1360 1338 1399 parti
1359 1361 1576 1399 suspectos,in
1588 1361 1663 1390 locis
1674 1362 1706 1390 in
1718 1361 1834 1399 quibus
1845 1361 1990 1390 videritis
2010 1362 2169 1400 expedire,
2185 1372 2260 1400 pru-

1253 1414 1366 1442 denter
1392 1413 1529 1452 recipere
1558 1416 1590 1442 et
1618 1422 1670 1443 eos
1698 1423 1794 1452 super
1820 1414 1937 1452 prefati
1965 1415 2077 1444 decani
2105 1415 2258 1450 articulis,

1251 1467 1428 1495 secundum
1454 1466 1699 1505 interrogatoria
1727 1476 1799 1505 que,
1827 1476 1889 1496 una
1917 1476 1989 1496 cum
2009 1467 2085 1505 ipsis
2104 1468 2258 1503 articulis,

1251 1519 1343 1548 vobis
1366 1519 1450 1548 idem
1473 1519 1603 1548 auditor
1624 1520 1683 1548 sub
1706 1519 1806 1558 sigillo
1829 1529 1886 1549 suo
1908 1520 2104 1549 transmittit
2126 1520 2258 1556 inclusa,

1252 1571 1420 1610 diligenter
1451 1572 1533 1601 infra
1566 1572 1665 1601 trium
1698 1573 1856 1601 mensium
1889 1573 2031 1611 spatium
2063 1582 2082 1602 a
2114 1576 2259 1612 tempore

1250 1625 1441 1663 receptionis
1482 1625 1679 1663 presentium
1721 1626 1904 1654 examinare
1952 1626 2079 1660 curetis,
2131 1629 2259 1665 recepta

1250 1678 1337 1716 prius
1355 1687 1372 1707 a
1392 1678 1478 1707 dicto
1497 1678 1617 1707 decano
1637 1678 1675 1707 de
1693 1678 1853 1707 solvendis
1879 1678 1994 1717 viginti
2012 1679 2154 1717 quinque
2171 1679 2259 1709 libris

1249 1731 1484 1760 Turonensium
1499 1731 1614 1760 rectori
1628 1731 1784 1769 predicto,
1795 1731 1862 1760 siin
1875 1732 2034 1760 dictorum
2049 1732 2258 1761 articulorum

1249 1784 1439 1822 probatione
1464 1783 1615 1813 deiecerit
1639 1784 1689 1813 vel
1714 1784 1840 1813 illorum
1875 1784 1929 1823 qui
1967 1785 2007 1813 ad
2041 1793 2135 1814 cause
2169 1785 2260 1814 suffi-

1249 1839 1357 1866 cerent
1384 1836 1555 1866 victoriam
1584 1839 1753 1875 prenotate
1781 1836 1983 1875 fidejussoria
2024 1837 2183 1872 cautione,
2212 1837 2260 1867 fa-

1250 1890 1362 1919 ciendo
1387 1890 1486 1919 etiam
1510 1892 1586 1918 ante
1612 1890 1749 1918 eundem
1775 1890 1933 1919 decanum
1958 1899 2015 1928 per
2037 1891 2258 1928 juramentum

1248 1951 1343 1972 suum
1381 1942 1480 1981 ipsius
1519 1942 1649 1972 rectoris
1687 1942 1900 1981 positionibus
1938 1943 2138 1981 respondere,
2178 1952 2259 1982 quas

1248 1995 1395 2025 similiter
1415 1995 1500 2024 idern
1523 1996 1662 2029 auditor,
1686 2004 1749 2025 una
1773 2004 1846 2025 eum
1869 1996 1963 2025 dictis
1993 1996 2135 2025 articulis
2157 1998 2191 2025 et
2212 1996 2261 2026 in—

1248 2048 1478 2087 terrogatoriis,
1508 2048 1601 2078 vobis
1633 2048 1829 2078 transmittit
1860 2048 2008 2083 inclusas,
2044 2049 2259 2087 depositiones

1249 2110 1360 2131 eorum
1379 2104 1412 2130 et
1430 2101 1651 2140 responsiones
1671 2101 1762 2131 nobis
1780 2102 1840 2131 sub
1859 2101 1968 2140 sigillis
1986 2102 2101 2131 vestris
2120 2102 2259 2133 fideliter

1248 2154 1480 2188 transmissuri,
1519 2154 1643 2193 prefixo
1682 2154 1828 2193 partibus
1866 2155 2004 2184 termino
2041 2155 2258 2193 peremptorio

1250 2207 1448 2246 competenti
1469 2217 1533 2246 quo
1555 2217 1611 2246 per
1632 2217 1664 2237 se
1685 2208 1736 2237 vel
1758 2210 1980 2246 procuratores
2001 2208 2144 2246 ydoneos
2165 2217 2259 2247 apos-

1249 2260 1346 2290 tolico
1361 2270 1393 2290 se
1407 2261 1593 2299 conspectui
1607 2263 1838 2299 representem,
1852 2261 1974 2299 justam
1983 2270 2078 2299 super
2086 2261 2257 2299 premissis,

1250 2316 1381 2343 auctore
1409 2313 1557 2347 Domino,
1585 2313 1780 2343 sententiam
1806 2316 1982 2352 receptare.
2009 2314 2120 2343 Testes
2146 2316 2256 2344 autem

1251 2369 1312 2396 eto.
1332 2367 1409 2396 Dat.
1429 2366 1575 2400 Viterbii,
1599 2366 1648 2396 III
1668 2375 1767 2396 nonas
1786 2367 1905 2401 martii,
1924 2376 2009 2396 anno
2028 2369 2155 2406 quarto.
2174 2379 2186 2394 »

1330 2589 1421 2614 2495
1737 2588 1874 2621 Viterbe,
1889 2590 1936 2615 12¹·
1946 2590 2072 2616 octobre
2085 2590 2170 2616 1257.

1290 2637 1440 2671 Magistro
1471 2637 1600 2664 Nicolao
1632 2637 1767 2663 Reatino
1796 2637 1847 2670 jus
1877 2639 2080 2664 canonicatus
2111 2638 2195 2671 quod
2224 2638 2256 2664 in

1250 2677 1378 2704 ecclesia
1411 2677 1548 2704 Reatina
1574 2677 1784 2710 acquisiverat
1810 2679 1841 2704 et
1867 2678 1952 2711 quod
1977 2678 2048 2704 inde
2075 2685 2092 2703 a
2118 2678 2255 2710 quadam

1249 2717 1477 2743 constitutione
1507 2717 1666 2743 irritatum
1698 2717 1810 2749 fuerat,
1843 2717 1990 2744 restituit.
2024 2717 2119 2750 (Rea.
2154 2717 2202 2749 25,
2233 2717 2253 2744 f.

1250 2756 1317 2788 127,
1341 2764 1390 2783 an.
1419 2757 1469 2784 IV.
1495 2764 1519 2783 c.
1545 2756 1606 2790 75.)

1290 2858 1341 2880 «..‚
1365 2846 1514 2884 magistro
1537 2845 1668 2875 Nicolao
1690 2845 1832 2879 Reatino,
1855 2845 1998 2883 scriptori
2020 2846 2132 2879 nostro,
2157 2845 2257 2884 capel-

1248 2899 1319 2928 lano
1343 2899 1444 2928 dilecti
1467 2899 1532 2937 sitii
1557 2898 1653 2928 nostri
1678 2898 1730 2933 H.‚
1758 2897 1840 2927 tituli
1865 2899 1974 2928 Sancte
1999 2898 2115 2928 Sabine
2138 2898 2257 2937 presbi-

1248 2952 1303 2981 teri
1322 2951 1502 2981 cardinalis.
1522 2951 1641 2981 Petitio
1657 2953 1713 2980 tua
1733 2951 1824 2980 nobis
1839 2969 1887 2979 —.
1904 2950 2135 2985 Dat.Viterbii,
2147 2952 2257 2981 kalen-

1248 3005 1296 3034 dis
1331 3005 1482 3038 octobris,
1518 3013 1603 3034 anno
1637 3004 1769 3033 tertio.»

2115 3172 2149 3198 98
