2477 3512
246 296 294 327 49·
305 301 309 320 ι

246 363 353 393 firmas
381 362 549 392 babentes.
582 371 637 391 eas
667 371 725 402 per
752 365 881 392 nostras
915 362 1045 394 litteras
1080 363 1235 397 duximus

245 417 490 449 confirmandas.
516 416 652 458 Ideoque
681 417 871 449 discretioni
899 420 965 452 tue.
981 430 1038 460 per
1057 422 1236 461 apostolica
1262 445 1264 468 ἱ

245 473 573 515 scriptamandamus,
589 475 748 513 quatenus
762 475 957 506 senteutiam
971 478 1003 506 et
1017 476 1238 519 condempna-
1262 482 1265 491 ⁵

247 532 365 561 tionem
376 529 519 567 easdem,
532 540 589 570 per
605 535 636 560 te
653 530 703 560 vel
718 531 891 571 perulium,
910 533 1101 563 executioni
1113 533 1235 574 debite,
1263 526 1265 551 l

244 586 439 618 auctoritate
468 588 589 624 nostra,
615 586 804 617 demandes.
843 586 1121 627 ContradivtoreS,
1169 592 1236 621 etc.

244 699 424 736 secularis3
466 709 525 729 non
565 699 716 730 obstante
754 700 990 732 esnistitutione
1035 702 1075 732 de
1108 702 1235 734 duabus

242 756 450 791 dietis,etc.,
473 755 643 786 dummodo
677 756 761 786 infra
795 757 880 798 ipsas·
914 768 977 788 non
1005 759 1105 799 possit
1136 770 1236 801 super
1261 760 1262 765 ’

242 812 302 843 biis
319 812 484 843 commode
504 813 630 853 assequi
647 813 776 853 justitie
791 813 1075 854 coniplementuim
1094 819 1127 846 et
1150 816 1233 847 ultra

242 869 371 900 tertiam
391 868 443 899 vel
465 872 610 908 quartam
644 869 765 909 aliquas
803 871 866 900 etc.
901 870 973 901 Dat.
998 871 1164 909 Laterani,
1191 873 1234 903 XI

240 924 560 965 kalemlasjanuarii.
584 935 667 955 anno
684 926 790 956 tertio.
820 940 832 951 »

314 1061 411 1087 1571
724 1061 838 1090 Lati-sm,
857 1062 889 1087 22
907 1061 1063 1087 decembre
1084 1064 1159 1088 ¹256.

275 1149 357 1175 Clero
374 1149 589 1183 monopolitano
605 1148 888 1182 i1iandat.q1mtenus
904 1148 1148 1183 [suli-›jopiscopo
1166 1150 1213 1175 Mo

238 1197 420 1231 nopolitano,
448 1204 536 1231 quem
552 1196 587 1222 ad
612 1196 713 1222 sedern
738 1196 886 1230 propriam
910 1196 1041 1227 remittit,
1070 1196 1227 1223 humiliter

240 1244 382 1271 intendat.
398 1245 476 1270 inno.
492 1246 534 1272 25,
550 1252 575 1270 a.
595 1244 716 1276 111,e.2‚
735 1244 753 1269 s.
774 1246 794 1270 Ι.

284 1341 299 1356 «
328 1326 420 1359 Clero
438 1326 706 1369 ΑΙΙοηοροΙίῑαηο.
741 1327 968 1359 Venerabilem
997 1328 1132 1359 fratrem
1153 1338 1227 1359 nos—

238 1387 349 1415 trum..
382 1384 566 1425 episwpum
588 1384 847 1425 Monopolitanav
868 1385 1020 1422 ecclesie,
1044 1384 1083 1415 ad
1111 1385 1230 1415 Roma-

238 1451 309 1471 nam
331 1440 510 1471 Ecclesiam
528 1440 724 1471 nullomedio
738 1441 944 1481 pertinentis,
957 1441 1054 1471 cuide
1071 1441 1218 1472 manibus

238 1497 357 1528 nostris
389 1506 501 1527 munus
521 1497 777 1528 consecrationis
802 1496 1030 1538 impendimus,
1049 1497 1087 1528 ad
1113 1497 1224 1528 sedem

237 1553 395 1594 propriam
423 1563 495 1583 cum
516 1556 626 1584 nostre
647 1553 751 1594 gratie
770 1553 969 1594 plenitudine
994 1553 1224 1591 remittente&

238 1609 486 1640 universitatem
504 1612 649 1641 vestram
669 1620 832 1651 rogamus,
858 1620 1024 1641 monemus
1053 1611 1086 1640 et
1114 1610 1224 1641 horta-

236 1676 306 1696 mur
324 1667 462 1704 attente,
483 1676 540 1706 per
561 1667 739 1708 apostolica
763 1667 853 1697 vobis
873 1667 993 1707 scripta
1011 1666 1223 1703 mandantes,

237 1724 395 1762 quatenus
424 1722 525 1763 ipsum
562 1723 600 1754 ob
627 1723 845 1754 reverentiam
865 1722 1053 1764 Apostolice
1075 1722 1167 1754 Sedis
1192 1727 1226 1754 et

237 1781 380 1809 nostram
398 1779 595 1820 recipientes
619 1779 759 1820 ylariter
785 1784 819 1811 et
853 1779 995 1821 benigne
1029 1781 1223 1817 tractantes,

237 1835 265 1866 ei
283 1838 445 1875 tamquam
467 1836 617 1877 episcopo
643 1838 676 1867 et
695 1837 816 1877 pastori
838 1836 1015 1867 animarum
1036 1837 1224 1867 vestrarum

237 1891 403 1922 humiliter
420 1892 609 1931 intendatis,
632 1892 843 1934 impendendo
873 1892 932 1924 sibi
952 1892 1170 1924 obedientiam
1195 1896 1228 1924 et

236 1948 453 1979 reverentiam
466 1948 604 1980 debitam
623 1951 655 1980 et
675 1949 837 1981 devotam.
856 1950 1003 1990 Alioquin
1013 1950 1224 1988 sententiam,

238 2014 331 2045 quam
352 2004 434 2035 idem
460 2005 629 2046 episcopus
659 2006 720 2037 rite
742 2007 854 2037 tulerit
878 2008 911 2038 in
943 2006 1086 2038 rebelles
1120 2008 1226 2037 ratam

237 2061 469 2092 habebimuset
489 2062 648 2093 faciemus
659 2065 793 2094 ain-tore
814 2064 960 2103 Domino,
990 2074 1091 2105 usque
1113 2063 1151 2094 ad
1177 2074 1226 2094 sa-

236 2118 453 2149 tisfactionem
480 2118 683 2159 condignam,
709 2120 924 2161 appellatione
947 2122 1088 2158 remota,
1120 2121 1225 2151 invio—

237 2173 376 2205 labiliter
393 2174 570 2206 observari.
582 2176 651 2207 Dat.
668 2176 831 2215 Laterani,
846 2177 1058 2219 XLkalendas
1066 2178 1224 2218 januarii,

239 2240 323 2262 anno
345 2231 453 2262 tertio.
474 2244 488 2259 »

311 2356 409 2383 1575
729 2358 844 2389 Latran,
857 2359 889 2383 22
905 2357 1061 2384 decembre
1080 2359 1154 2384 1256.

274 2438 382 2471 Populo
403 2438 620 2473 Monopolitano
642 2440 771 2472 mandat,
786 2443 933 2474 quatenus
955 2440 1124 2474 supradicto
1148 2441 1225 2475 epis-

239 2492 310 2518 copo
322 2485 471 2512 humiliter
487 2486 629 2513 intendat.
647 2487 726 2521 (nnc.
743 2489 787 2519 25,
804 2495 829 2514 a.
847 2488 892 2520 ΙΙΙ,
909 2496 933 2514 c.
952 2490 976 2520 3,
993 2488 1011 2514 s.
1030 2489 1065 2523 Ἰ.)

284 2590 297 2604 ‹1
326 2577 454 2619 Populo
484 2577 750 2621 Monopolilano.
798 2579 921 2619 Populo
964 2579 1225 2621 Monopolitanae

239 2632 381 2664 civitatis
402 2639 434 2665 et
450 2634 588 2666 diocesis
613 2654 665 2665 —.
690 2636 762 2666 Dat.
786 2636 820 2666 ut
842 2635 935 2666 alias.
963 2648 977 2663 »

314 2773 410 2799 ¹576
785 2777 900 2808 Latran,
917 2779 930 2801 ὅ
943 2776 1059 2810 janvier
1077 2778 1153 2802 1257.

275 2852 313 2878 De
328 2853 465 2889 llelbinga
477 2856 547 2881 etde
561 2856 680 2883 (lulinea
696 2857 841 2891 prioribus
861 2856 974 2884 ordinis
986 2857 1224 2883 Praedicatorum

241 2901 269 2924 et
283 2900 444 2933 guardiam)
456 2902 579 2929 fratrum
596 2904 738 2930 Minorum
749 2905 778 2931 in
794 2905 910 2931 Toruno
923 2904 1052 2936 mandat,
1069 2907 1101 2930 ut
1112 2912 1226 2931 excom-

242 2941 448 2969 municationis
470 2945 645 2971 sententiam
673 2946 701 2971 in
736 2947 909 2981 magistrum
935 2950 963 2972 et
988 2946 1093 2972 fratres
1121 2946 1227 2972 domus

241 2981 363 3008 Sancta<¹
385 2984 488 3010 Mariae
511 2986 768 3019 Tlieutonieorum,
786 2987 820 3014 ab
837 2988 941 3014 abbate
958 2987 992 3013 de
1010 2988 1137 3019 Mezano,
1156 2990 1226 3013 tunc

1262 633 1263 643 ,
1289 608 1341 639 nis
1369 608 1622 641 predicatormn
1648 616 1678 641 e!
1703 635 1723 641 ..

243 645 393 675 invocato
425 642 463 673 ad
497 642 569 680 hoc,
599 643 625 673 si
652 654 787 674 necesse
821 644 930 682 fuerit,
959 645 1084 676 auxilio
1114 646 1235 678 brachii
1262 646 1263 654 ¹

1261 699 1263 715 [

936 294 1018 326 REG
1027 295 1172 327 ISTiilcs
1197 297 1502 330 D’ALEXANDRE
1529 300 1571 329 IV

1291 366 1454 400 Apostolicf·
1471 366 1553 393 Sedis
1569 367 1673 402 legato.
1692 368 1790 400 laium,
1809 378 1899 404 usque
1914 371 1949 396 ad
1964 372 2193 400 satisfactionem
2211 382 2272 402 eon

1289 414 1408 447 dignam
1423 414 1629 441 inviolabiliter
1646 415 1793 442 obsta-vari
1812 417 1928 444 saciant.
1948 418 2023 444 ‘'Rffl..
2040 421 2083 452 25,
2097 428 2123 446 a.
2142 421 2187 453 ΙΙΙ,
2204 430 2228 448 e.
2246 424 2272 453 4.

1290 461 1309 487 l'.
1329 464 1356 493 Ι;
1376 462 1515 488 ΡυττυΑετ
1534 464 1637 489 16653„

1336 566 1350 580 ι(
1381 578 1400 583 ..
1428 551 1468 583 (le
1488 551 1655 595 Helbinyu
1678 560 1735 585 el..
1758 552 1797 584 (le
1826 554 1964 586 Culmea
1979 555 2162 598 prioribus,
2184 556 2271 589 ordi-

1753 610 1946 653 (Jnardiano
1972 612 2125 653 fratrum
2156 613 2269 646 Mino-

1289 676 1361 696 rum
1384 665 1416 696 iu
1453 666 1596 703 Turum),
1624 666 1809 698 Culmensis
1833 666 1985 699 diocesis.
2008 669 2162 701 Exhibita
2178 670 2272 702 nobis

1288 721 1396 754 dilecti
1435 723 1488 753 filii
1527 723 1642 754 nobilis
1670 724 1728 754 viri
1755 725 1898 755 Kazmiri
1929 725 2019 756 ducis
2053 726 2204 759 Lam-ieie
2241 729 2274 759 et

1288 778 1441 820 Cuyavie,
1464 779 1574 810 devoti
1591 780 1704 818 nostri,
1739 782 1851 821 petitio
1872 782 2070 821 continebat,
2093 784 2175 824 quod
2202 793 2275 816 cum

1287 835 1360 866 olim
1388 837 1430 873 ei,
1458 836 1561 867 felicis
1590 836 1824 868 recordationis
1856 839 2060 870 Innocentius
2091 850 2174 881 papa
2200 850 2274 882 pre-

1286 891 1442 924 decessor
1471 898 1594 931 noster,
1618 896 1724 925 terras
1762 904 1972 936 paganorum,
1997 905 2058 936 que
2095 897 2215 928 Golens
2241 898 2275 928 et

1288 949 1434 980 Polexici
1454 950 1634 991 vulgariter
1655 953 1856 992 apl‘wlantur,
1879 951 2008 984 duxerit
2032 953 2271 993 concedendas,

1286 1005 1456 1039 dummodo
1479 1010 1597 1049 pagani
1617 1012 1777 1040 terrarum
1799 1009 1922 1040 illarum
1942 1012 2056 1051 sponte
2076 1011 2145 1042 sine
2165 1010 2274 1052 gladio

1288 1062 1379 1094 fidem
1392 1064 1510 1096 Christi
1531 1066 1735 1107 susciperent
1755 1076 1813 1108 per
1826 1066 2032 1107 baptismum,
2049 1066 2166 1098 dilecto
2179 1066 2272 1098 filio..

1287 1119 1404 1152 abbate
1425 1121 1465 1152 de
1484 1122 1628 1160 Mezano,
1645 1123 1836 1154 Pla‹·entine
1847 1122 2000 1155 diocesis.
2023 1124 2098 1154 tunc
2118 1124 2151 1154 in
2170 1124 2273 1165 parti-

1287 1177 1345 1208 bus
1366 1177 1428 1208 illis
1449 1178 1634 1219 Apostolice
1652 1178 1743 1209 Sedis
1769 1179 1889 1219 legato,
1912 1179 1969 1210 sibi
1993 1189 2092 1220 super
2116 1179 2176 1211 hoc
2197 1189 2274 1211 con-

1286 1236 1456 1265 servatore
1484 1244 1652 1271 concesso,
1682 1245 1743 1265 non
1780 1235 1930 1266 obstante
1968 1235 2050 1276 quod
2089 1238 2156 1267 tota
2183 1237 2273 1268 terra

1286 1290 1421 1321 Pruseie
1443 1301 1597 1322 concessa
1610 1291 1672 1323 suit
1686 1302 1703 1322 a
1727 1291 1811 1323 Sede
1824 1292 2038 1333 Apostolica.,
2059 1292 2216 1333 magistro
2241 1295 2276 1324 et

1284 1346 1439 1378 fratribus
1468 1347 1581 1378 domus
1603 1348 1722 1379 Sam-te
1743 1349 1846 1380 Marie
1867 1349 2152 1386 Tbeutonicorum,
2174 1358 2269 1390 quam

1282 1407 1417 1445 possent
1446 1404 1505 1435 sibi
1539 1415 1597 1445 per
1618 1404 1760 1445 gladium
1793 1405 1982 1447 subjugare,
2005 1405 2087 1437 idem
2115 1405 2214 1437 abbas
2241 1406 2272 1436 in

1281 1459 1400 1491 dictum
1422 1461 1614 1502 magistrum
1633 1464 1665 1492 et
1677 1462 1831 1502 quosdam
1853 1462 1892 1493 de
1913 1463 1989 1503 Ipsis
2012 1462 2270 1504 fratribus‚quia

1280 1518 1352 1559 ipsi,
1376 1520 1409 1549 ut
1429 1521 1628 1551 evacuarent
1663 1520 1800 1561 gratiam
1835 1519 1941 1551 eidem
1975 1520 2047 1551 duci
2078 1529 2175 1561 super
2198 1519 2259 1551 hoc

1278 1575 1397 1606 factam
1419 1586 1436 1606 a
1456 1575 1691 1617 predecessore
1712 1576 1869 1618 predicto,
1895 1579 2002 1607 terras
2021 1576 2164 1614 easdem,
2186 1576 2265 1617 ipsis

1279 1632 1414 1673 paganis
1442 1633 1563 1673 paratis
1591 1634 1623 1664 et
1661 1632 1844 1664 volentibus
1870 1634 1984 1674 sponte
2017 1633 2101 1664 unda
2138 1632 2265 1664 renasci

1279 1688 1494 1729 baptismatis,
1523 1689 1685 1720 intrantes
1715 1689 1747 1720 in
1775 1689 1893 1730 gladio,
1926 1700 1995 1721 eam
2025 1689 2083 1720 sibi
2108 1699 2171 1720 non
2191 1688 2260 1720 sine

1280 1744 1380 1776 inulta
1400 1744 1557 1776 effusione
1586 1746 1755 1787 sanguinis
1782 1745 2008 1788 sul‘ijugarunt,
2029 1747 2061 1777 et
2087 1745 2265 1787 diligenter

1279 1802 1317 1833 ab
1339 1803 1408 1843 ipso
1435 1802 1552 1833 abbate
1591 1803 1714 1836 moniti,
1747 1803 1785 1833 ab
1814 1802 1997 1843 hujusmodi
2033 1802 2262 1844 subjugatione

1279 1859 1473 1900 resipiscere
1499 1860 1736 1890 contumaciter
1759 1858 1975 1901 denegarunt,
1997 1869 2069 1890 cum
2093 1859 2153 1890 hoc
2173 1859 2263 1891 esset

1279 1915 1360 1947 adeo
1396 1915 1555 1946 notorium
1578 1915 1661 1956 quod
1699 1916 1784 1947 nulla
1811 1919 1941 1957 poterat
1979 1915 2256 1957 tergiversatione

1278 1972 1390 2011 celari,
1418 1974 1764 2005 excommunicationis
1784 1975 1992 2011 sententiam,
2014 1973 2169 2014 exigente
2191 1971 2264 2013 jus-

1279 2031 1348 2061 titia
1367 2029 1596 2072 promulgavit.
1626 2031 1731 2067 Quare
1760 2031 1818 2061 l'uit
1846 2041 1888 2061 ex
1922 2032 2014 2071 parte
2045 2029 2144 2071 ipsius
2172 2028 2262 2060 ducis

1279 2086 1368 2118 nobis
1399 2087 1565 2118 humiliter
1587 2087 1814 2128 supplicatum,
1834 2089 1866 2118 ut
1895 2086 2031 2118 eandem
2063 2085 2259 2117 sententiam

1277 2143 1375 2174 robur
1409 2143 1592 2175 faceremus
1619 2142 1782 2174 firmitatis
1811 2143 1953 2174 debitum
1981 2142 2140 2174 obtinere.
2172 2141 2263 2174 Ideo-

1279 2210 1339 2240 que
1362 2199 1552 2231 discretioni
1578 2201 1700 2238 vestre,
1724 2199 1763 2230 ad
1786 2201 1889 2231 instar
1908 2198 2150 2241 predecessoris
2171 2198 2260 2240 ejus-

1278 2256 1363 2296 dem,
1377 2267 1436 2297 per
1453 2256 1629 2298 apostolica
1646 2257 1768 2298 scripta
1789 2255 1988 2293 mandamus,
2009 2257 2170 2296 quatenus
2189 2263 2265 2286 sen-

1278 2313 1413 2344 tentiam
1426 2313 1541 2354 ipsam,
1556 2313 1639 2344 sicut
1652 2312 1888 2344 rationabiliter
1899 2313 1950 2344 est
1970 2312 2106 2353 prolata,
2123 2311 2263 2350 faciatis,

1279 2370 1474 2401 auctoritate
1504 2371 1626 2408 nostra,
1667 2380 1766 2410 usque
1797 2369 1837 2401 ad
1862 2368 2119 2400 satisfactionem
2157 2366 2264 2399 eondi-

1277 2436 1386 2467 gnam,
1409 2426 1624 2468 appellatimie
1654 2428 1789 2465 remota,
1819 2425 2051 2456 inviolabiliter
2079 2423 2257 2456 observari.

1279 2483 1348 2514 Non
1377 2482 1529 2514 obstante
1558 2482 1770 2524 indulgentia,
1799 2492 1860 2523 qua
1896 2482 2052 2513 fratribus
2076 2482 2259 2512 vestrorum

1277 2538 1422 2571 ordinum
1435 2540 1473 2570 ab
1488 2539 1602 2571 eadem
1613 2539 1698 2570 Sede
1716 2539 1833 2570 dieitur
1848 2548 1921 2570 esse
1942 2547 2144 2576 concessum,
2162 2547 2202 2568 ne
2222 2536 2263 2568 de

1278 2596 1383 2626 causis
1410 2596 1456 2627 eis
1479 2596 1517 2627 ab
1547 2596 1660 2627 eadem
1685 2595 1769 2627 Sede
1795 2595 1978 2626 commissis
2004 2595 2095 2626 inviti
2125 2603 2262 2635 cognos-

1277 2663 1352 2684 cere
1393 2654 1578 2684 teneantur.
1614 2652 1703 2688 Quo-l
1744 2652 1769 2682 si
1809 2661 1872 2682 non
1904 2662 2015 2684 omnes
2044 2652 2107 2683 etc,
2144 2650 2261 2682 Datum

1279 2709 1442 2743 Laterani,
1461 2709 1552 2739 nonis
1565 2708 1720 2749 januarii,
1743 2718 1824 2738 anno
1846 2708 1982 2739 tertio.»

1349 2853 1448 2880 1577
1822 2854 1935 2885 Latran,
1953 2854 1968 2878 Ξ
1981 2851 2096 2887 jauvier
2115 2853 2188 2878 1257.

1313 2941 1446 2976 Magistro
1461 2944 1488 2967 et
1500 2941 1639 2968 fratribus
1651 2942 1808 2977 Hospitalis
1819 2941 2064 2976 Jcrosolymitani,
2074 2940 2181 2975 quibus
2193 2948 2260 2967 eou-

1278 2989 1365 3016 cessit
1378 2988 1484 3021 locum,
1499 2990 1526 3016 in
1543 2998 1598 3025 quo
1614 2991 1824 3017 monasterium
1837 2989 1941 3016 Montis
1951 2989 2044 3015 'l‘abor
2055 2989 2144 3016 situm
2157 2989 2260 3021 extitit,
