2477 3512
955 279 1227 326 CINQUIEME
1252 279 1419 318 ANNEE
2200 288 2242 321 75

121 405 275 429 «manus
299 395 393 427 curie
417 392 677 425 rationabiliter
702 392 882 429 devoluta,
910 401 973 423 nos
999 391 1043 423 ad
1070 392 1128 423 de-

121 449 330 481 «votionem
355 450 457 479 tuam
484 445 689 478 benivolum
715 447 916 486 respectum
941 445 1125 480 habentes,

121 502 242 534 «bona
274 501 350 543 ipsa
384 499 514 535 omnia,
548 497 644 530 culta
677 498 809 529 scilicet
843 500 879 529 et
911 497 1057 534 inculta,
1091 496 1127 528 in

121 567 134 583 α
148 554 295 587 civitate
311 556 346 585 et
363 555 465 585 extra
481 551 660 584 civilatem
677 551 756 587 sita,
776 560 912 582 necnon
928 552 964 581 et
981 550 1128 581 domum

121 617 216 649 «que
257 607 325 638 fuit
366 605 572 647 quondam..
613 603 769 645 episcopi
809 602 1052 634 Mothonensis
1092 602 1128 633 in

121 660 272 692 «eadem
313 658 467 701 positam
508 657 666 693 civitate,
709 659 897 697 tamquam
937 657 1053 686 rector
1093 657 1129 687 et

121 725 134 741 «
149 712 313 744 dominus
332 710 486 743 Ecclesie
505 710 666 741 Romane
685 708 825 740 nomine
844 707 1002 740 civitatis
1019 707 1129 749 ipsius

120 765 184 796 «in
209 765 353 796 feudam
378 763 444 794 tibi
468 765 504 794 et
528 761 693 803 legitimis
717 761 906 792 heredibus
930 760 1002 791 tuis
1026 770 1069 792 ex
1093 763 1129 792 te

121 817 455 852 «descendentibus,
490 815 685 846 secundum
718 813 1013 846 consuetudinem
1046 813 1130 845 civi-

121 870 235 901 «tatis
260 869 430 911 ejusdem,
458 868 584 899 damus
610 870 645 898 et
671 866 908 903 concedimus,
934 869 971 898 et
996 867 1039 898 de
1064 866 1130 898 hiis

122 926 184 954 «te
214 933 275 964 per
304 922 475 953 birretum
505 922 667 951 nostrum
697 919 958 961 presentialiter
985 919 1131 951 investi—

122 985 239 1007 «mus.
273 975 311 1006 In
341 974 442 1015 cujus
470 972 716 1005 testimonium
747 982 888 1013 presens
917 972 1131 1004 instrumen-

122 1030 227 1060 «tum
252 1038 313 1070 per
337 1036 464 1058 manus
488 1025 703 1067 infrascripti
730 1025 857 1056 notarii
883 1025 957 1057 fieri
983 1026 1131 1057 manda-

122 1094 134 1110 «
148 1081 265 1112 vimus
286 1083 321 1112 et
342 1079 443 1121 sigilli
465 1079 577 1111 nostri
598 1078 813 1120 appensione
835 1078 975 1110 muniri.
998 1079 1130 1110 Actum

122 1147 133 1163 α
148 1136 202 1177 est
219 1134 284 1166 hoc
301 1133 472 1174 Anagnie,
490 1132 525 1163 in
543 1141 682 1163 camera
701 1131 849 1173 predicti
868 1131 1001 1163 domini
1018 1132 1131 1164 cardi-

122 1200 135 1216 «
150 1187 249 1224 nalis,
269 1186 334 1218 sub
354 1196 447 1218 anno
466 1184 611 1217 Domini
630 1184 876 1221 MCCLVIIII,
897 1185 1130 1226 pontificatus

123 1239 284 1271 «domini
316 1238 509 1270 Alexandri
542 1248 632 1279 pape
670 1237 744 1268 IIIl
777 1247 870 1269 anno
904 1237 1041 1279 quinto,
1076 1238 1132 1270 die

123 1292 285 1330 «martis,
314 1292 400 1323 XVI
427 1291 648 1333 septembris,
680 1290 734 1322 III
760 1290 964 1327 indictione,
992 1301 1133 1332 presen-

123 1346 247 1378 «tibus
270 1344 463 1377 venerabili
487 1347 587 1386 patre
612 1344 755 1375 domino
776 1343 818 1375 B.
842 1343 1006 1385 episcopo
1031 1344 1134 1376 Gaie-

123 1402 260 1435 «tano;
297 1398 440 1429 domino
476 1397 611 1429 Uberto
647 1397 691 1428 de
725 1397 951 1433 Cochenat0;
987 1397 1130 1428 domino

124 1453 192 1484 «Α.
218 1451 466 1483 archidiacono
489 1450 714 1487 Bononiensi,
742 1449 876 1481 domini
902 1458 992 1491 pape
1017 1450 1132 1491 capel-

123 1518 136 1534 «
150 1505 239 1536 lanis
269 1507 304 1535 et
334 1503 477 1535 domino
501 1503 694 1544 Synibaldo
713 1503 755 1534 de
771 1502 913 1539 Alabm,
931 1503 1131 1535 camenario

124 1557 345 1599 «supradicti
389 1555 522 1587 domini
566 1555 764 1592 cardinalis,
809 1565 850 1586 ac
893 1565 949 1586 me
992 1556 1130 1587 notario

123 1609 388 1651 «infrascripto.
418 1609 493 1650 Ego
522 1609 705 1640 Johannes
735 1609 777 1640 de
807 1608 989 1650 Campulo,
1020 1609 1133 1650 Apos-

123 1663 255 1696 «tolice
279 1662 377 1694 Sedis
400 1662 615 1694 auctoritate
639 1661 810 1699 notarius,
835 1661 1002 1703 predictis
1025 1662 1133 1694 inter-

124 1716 202 1748 «fui
236 1718 272 1748 et
307 1716 349 1747 de
384 1715 556 1747 mandato
592 1714 741 1756 predicti
776 1714 910 1746 domini
944 1715 1132 1748 cardinalis

125 1779 192 1801 «ea
214 1769 250 1800 in
274 1768 453 1810 publicam
474 1768 627 1799 formam
649 1767 766 1808 redegi
789 1777 829 1799 ac
851 1767 991 1808 signum
1013 1778 1132 1800 meum

125 1822 229 1855 «feci.
253 1834 265 1850 υ

171 1875 266 1907 Nulli
293 1876 411 1906 nostre
437 1873 718 1906 confirmationis
744 1875 779 1904 et
805 1873 1038 1915 suppletionis
1064 1878 1132 1908 etc.

125 1920 209 1952 Dat.
233 1918 404 1960 Anagnie,
430 1918 479 1950 VI
504 1918 574 1950 kal.
600 1917 812 1955 novembris,
838 1927 931 1949 anno
957 1918 1094 1960 quinto.
1120 1932 1134 1949 n

202 2083 290 2110 2979
548 2082 683 2117 Anagni,
707 2083 742 2109 21
767 2083 938 2110 novembre
961 2083 1048 2110 1259.

165 2136 419 2163 Declarationem
438 2136 581 2170 magistri
600 2136 739 2170 Gregorii
758 2137 796 2163 de
816 2136 958 2170 Neapoli,
978 2136 1131 2170 capellani

124 2181 182 2214 sui,
205 2181 237 2207 in
260 2181 424 2215 questione
446 2180 528 2207 inter
550 2180 707 2214 religiosos
730 2180 913 2207 monasterii
935 2181 1132 2208 Sublacensis

126 2227 158 2253 et
175 2225 327 2259 populum
348 2225 568 2252 Sublacensem
586 2227 656 2252 orta
674 2225 853 2257 confirmat,
872 2225 974 2252 dictae
994 2225 1130 2252 declara-

124 2270 219 2297 tionis
238 2271 379 2297 tenorem
397 2269 545 2296 inserens.
564 2269 661 2303 (Rau.
681 2270 729 2301 25,
749 2270 769 2296 f.
789 2269 858 2302 227,
878 2277 928 2296 an.
948 2269 985 2302 V,
1004 2277 1029 2297 c.
1049 2270 1131 2303 207.)

172 2372 184 2389 «
214 2384 234 2392 ..
265 2358 381 2391 abbati
410 2360 439 2390 et
467 2359 644 2391 conventui
672 2359 870 2391 monasterii
901 2359 1136 2392 Sublacensis.

127 2412 298 2444 Exhibita
322 2412 423 2444 nobis
444 2421 489 2443 ex
510 2414 612 2454 parte
635 2414 753 2444 vestra
776 2412 902 2454 petitio
926 2412 1134 2446 continebat

127 2466 222 2508 quod
252 2465 336 2498 olim
365 2465 458 2496 inter
485 2475 561 2502 vos,
591 2475 636 2497 ex
665 2468 766 2507 parte
796 2475 877 2502 una,
908 2468 944 2497 et
974 2466 1134 2499 homines

127 2519 201 2551 sive
222 2518 394 2561 populum
417 2518 657 2555 Sublacenses‚
680 2528 785 2560 super
806 2518 960 2550 collectis
981 2519 1134 2552 servitiis

127 2574 163 2604 et
187 2571 263 2603 aliis
287 2571 323 2602 in
348 2571 479 2612 quibus
501 2571 567 2612 ipsi
591 2571 693 2603 vobis
717 2574 904 2613 tamquam
930 2573 1059 2604 vassali
1082 2575 1134 2604 te-

128 2627 267 2661 nentur,
292 2634 335 2656 ex
359 2624 481 2661 altera,
506 2626 583 2655 orta
607 2624 731 2655 fuisset
754 2624 902 2656 materia
927 2625 1132 2666 questionis,

128 2678 273 2710 tandem
307 2677 399 2708 inter
432 2676 499 2708 alia
533 2677 614 2708 talis
646 2677 739 2708 inter
771 2680 890 2719 partes
922 2678 1132 2719 compositio

128 2730 331 2767 intervenit,
357 2729 522 2761 videlicet
548 2730 653 2771 quod,
680 2730 708 2761 si
733 2740 795 2761 vos
821 2730 977 2772 aliquam
1002 2733 1133 2763 terram

128 2784 184 2816 vel
218 2783 403 2816 castellum
436 2792 551 2814 emere
586 2783 817 2823 contingeret,
854 2784 939 2815 dicti
974 2784 1134 2816 homines

127 2837 201 2869 sive
221 2836 373 2878 populus
394 2836 525 2867 debent
545 2836 646 2867 vobis
668 2839 811 2877 propter
831 2837 895 2867 hoc
916 2837 989 2868 sine
1009 2837 1133 2868 fraude

128 2890 352 2922 moderatum
391 2889 587 2920 subsidium
627 2889 802 2921 exhibere.
845 2891 909 2922 Sed
951 2900 1031 2921 cum
1071 2901 1133 2921 vos

128 2952 239 2984 nuper
277 2942 450 2983 quasdam
488 2942 723 2983 passessiones
761 2943 846 2974 sitas
884 2943 918 2974 in
958 2943 1132 2973 territorio

129 2995 234 3027 castri
260 2995 390 3026 (Icrrcti
412 2995 447 3026 in
471 3005 540 3036 quo
565 2995 818 3027 monasterium
842 2998 1000 3027 vestrum
1025 2996 1136 3026 ‹lomi-

1240 390 1335 422 nium
1372 391 1567 422 dinoscitur
1599 391 1769 428 obtinere,
1804 392 1975 424 emissetis
2008 396 2044 425 et
2077 395 2243 435 peteretis

1239 443 1340 474 vobis
1360 444 1404 474 ab
1424 444 1555 475 eisdem
1575 444 1777 475 hominibus
1797 445 1870 476 sive
1889 446 2019 486 populo
2040 446 2244 487 hujusmodi

1241 496 1438 528 subsidium
1471 497 1638 534 exhiberi,
1673 497 1757 538 ipsis
1790 498 2028 529 asserentibus
2060 508 2103 530 ex
2136 509 2175 530 eo
2209 509 2244 532 se

1240 549 1285 580 ad
1310 549 1345 580 id
1373 559 1442 581 non
1467 550 1578 582 teneri
1604 550 1699 591 quod
1726 551 1980 582 monasterium
2005 554 2164 583 vestrum
2189 551 2246 592 jus

1239 601 1381 643 aliquod
1415 612 1476 634 seu
1511 602 1707 634 dominium
1741 603 1928 634 obtinebat
1960 603 1995 634 in
2029 603 2078 635 eis
2102 607 2246 645 propter

1242 656 1336 696 quod
1368 666 1437 686 non
1468 656 1647 687 debebant
1678 656 1813 687 dietum
1843 656 2040 687 subsidium
2069 657 2244 694 exhibere,

1243 718 1305 739 nos
1346 708 1514 740 dilectum
1554 707 1668 739 silium
1709 708 1918 749 magistrum
1959 709 2164 750 Gregorium
2204 710 2246 742 de

1244 760 1403 802 Neapoli,
1442 762 1701 793 subdiaconum
1739 764 1775 792 et
1812 761 2035 803 capellanum
2074 765 2245 799 nostrum,

1243 823 1348 855 super
1373 814 1438 845 hiis
1464 814 1626 856 partibus
1652 813 1814 845 dedimus
1839 813 2049 851 auditorem,
2077 815 2249 846 mandan-

1243 869 1297 898 tes
1316 866 1430 898 eidem
1450 866 1534 898 viva
1554 876 1640 898 voce
1661 869 1701 897 ut
1721 866 1943 907 questionem
1963 867 2167 907 hujusmodi
2188 877 2249 909 per

1242 919 1574 961 interpretationem
1605 929 1665 951 seu
1697 919 1972 951 declarationem
2003 920 2045 951 de
2076 920 2181 961 plano
2213 922 2248 951 et

1244 972 1316 1004 sine
1335 972 1457 1014 judicii
1476 972 1626 1014 strepitu
1646 974 1682 1004 et
1702 972 1822 1003 ordine
1840 972 2025 1013 judiciario
2045 982 2115 1004 non
2131 982 2249 1004 serva—

1242 1028 1291 1062 to,
1319 1025 1509 1057 terminare
1535 1028 1685 1063 curaret,
1713 1025 1773 1066 qui
1800 1025 1931 1056 auditis
1956 1025 2037 1057 hinc
2063 1025 2144 1057 inde
2170 1035 2249 1066 pro-

1241 1078 1382 1120 positifs
1415 1081 1451 1110 et
1487 1078 1672 1119 diligenter
1704 1078 1873 1119 inspectis
1907 1080 1943 1109 et
1972 1078 2073 1110 nobis
2096 1078 2250 1110 fideliter

1241 1131 1407 1164 recidatis
1436 1132 1536 1172 (sic),
1564 1132 1606 1163 de
1632 1131 1773 1173 speciali
1799 1131 1970 1163 mandato
1996 1133 2116 1163 nostro
2142 1131 2250 1163 inter·

1241 1187 1404 1227 pretatus
1427 1184 1440 1204 1
1472 1185 1542 1216 fuit
1575 1187 1610 1216 et
1635 1184 1744 1216 etiam
1770 1183 1964 1216 declaravit
1983 1186 2020 1215 et
2040 1184 2248 1216 diffiniendo

1243 1237 1491 1280 pronuntiavit
1530 1238 1625 1279 quod
1665 1237 1750 1269 dicti
1788 1237 1947 1269 homines
1986 1237 2059 1269 sive
2098 1237 2249 1279 populus

1241 1291 1344 1323 vobis
1367 1293 1535 1322 tenentur
1557 1294 1592 1322 et
1616 1291 1747 1322 debent
1769 1292 1926 1332 prestare
1948 1290 2145 1322 subsidium
2168 1300 2249 1322 cum

1242 1354 1306 1376 vos
1328 1347 1458 1376 terram
1480 1344 1535 1375 vel
1556 1343 1751 1380 castellum,
1773 1343 1809 1374 in
1830 1343 2006 1375 territorio
2028 1343 2063 1374 in
2085 1353 2154 1384 quo
2176 1352 2250 1375 mo-

1245 1397 1439 1429 nasterium
1465 1400 1624 1428 vestrum
1651 1396 1759 1428 habet
1786 1396 1982 1428 dominium
2008 1395 2064 1428 vel
2088 1395 2250 1437 jurisdic-

1244 1451 1388 1487 tionem,
1415 1450 1589 1491 contingit
1615 1459 1739 1485 emere,
1766 1450 1959 1480 dummodo
1984 1449 2019 1480 id
2046 1449 2140 1490 quod
2166 1448 2250 1480 emi-

1244 1508 1302 1536 tur
1340 1505 1385 1536 ad
1424 1504 1532 1545 ipsius
1571 1503 1776 1534 monasterii
1814 1502 1955 1544 plenam
1994 1501 2249 1543 proprietatem

1244 1568 1313 1589 non
1335 1559 1485 1598 spectat,
1509 1567 1571 1588 nec
1592 1566 1635 1588 ex
1656 1566 1696 1587 eo
1719 1556 1813 1597 quod
1835 1555 1965 1587 emitur
1983 1554 1996 1574 ²
2016 1564 2137 1586 omnes
2158 1554 2250 1586 fruc-

1244 1613 1304 1642 tus
1327 1613 1363 1642 et
1387 1612 1581 1651 proventus
1606 1610 1650 1640 ad
1676 1608 1931 1640 monasterium
1955 1607 2165 1649 perveniant
2189 1616 2250 1638 no-

1244 1663 1431 1699 minatum,
1469 1665 1575 1704 prout
1610 1662 1645 1693 in
1680 1661 1809 1693 litteris
1842 1661 1924 1692 inde
1959 1660 2129 1692 confectis
2164 1659 2250 1691 dicti

1243 1716 1415 1758 capellani
1445 1715 1556 1757 sigillo
1587 1714 1734 1755 signatis
1764 1713 1902 1756 plenius
1931 1713 2145 1745 continetur.
2176 1712 2250 1744 Nos

1243 1770 1375 1811 itaque,
1402 1768 1529 1800 vestris
1555 1768 1694 1800 devotis
1719 1767 1882 1809 precibus
1906 1766 2099 1808 benignum
2123 1765 2251 1807 imper-

1245 1823 1373 1854 tientes
1407 1831 1600 1858 assensum,
1635 1820 1967 1861 interpretationem
2001 1829 2061 1851 seu
2096 1819 2250 1850 declara-

1243 1876 1377 1907 tionem
1399 1874 1614 1916 hujusmodi,
1636 1876 1672 1905 et
1693 1873 1861 1914 quicquid
1883 1883 1944 1914 per
1963 1872 2115 1904 eundem
2136 1871 2251 1913 capel-

1242 1930 1364 1961 lanum
1391 1938 1496 1969 super
1522 1928 1587 1959 hoc
1614 1927 1751 1958 factum
1777 1929 1841 1963 est,
1870 1928 1988 1957 ratum
2015 1925 2188 1956 habentes
2214 1927 2250 1955 et

1243 1985 1396 2024 gratum,
1435 1981 1470 2012 id
1510 1980 1725 2012 auctoritate
1763 1978 1957 2021 apostolica
1996 1977 2249 2010 confirmamus

1242 2038 1278 2067 et
1300 2034 1473 2077 presentis
1493 2033 1614 2074 scripti
1637 2032 1834 2074 patrocinio
1855 2031 2127 2067 communimus,
2150 2032 2249 2062 teno-

1242 2098 1316 2120 rem
1338 2088 1538 2119 litterarum
1560 2086 1782 2128 ipsaruinde
1804 2085 1912 2118 verbo
1935 2085 1979 2116 ad
2002 2084 2151 2116 verbum
2173 2092 2249 2124 pre-

1242 2141 1402 2174 sentibus
1422 2139 1526 2171 inseri
1546 2139 1716 2171 facientes
1738 2138 1797 2180 qui
1818 2138 1900 2170 talis
1919 2140 1972 2169 est
1995 2148 2002 2169 :

1746 2237 1880 2270 Anagni.
1897 2236 1935 2264 24
1953 2235 2083 2264 octobre
2099 2234 2186 2266 1259,

1288 2308 1300 2324 «
1320 2294 1412 2326 Olim
1431 2293 1580 2334 religiosi
1600 2292 1689 2324 viri..
1709 2292 1821 2323 abbas
1839 2293 1875 2322 et
1894 2292 2091 2322 conventus
2110 2298 2249 2320 monas-

1244 2348 1349 2381 «terii
1375 2346 1597 2379 Sublacensis
1622 2348 1658 2377 et
1683 2345 1843 2377 homines
1868 2344 1941 2375 sive
1966 2343 2118 2385 populus
2143 2341 2249 2374 castri

1244 2415 1257 2431 «
1273 2401 1414 2434 Sublaci
1435 2409 1540 2442 super
1560 2399 1715 2431 collectis
1736 2397 1888 2430 servitiis
1909 2399 1945 2429 et
1967 2396 2042 2428 aliis
2063 2395 2098 2427 in
2121 2395 2249 2436 quibus

1245 2454 1359 2487 «dicti
1394 2453 1553 2485 homines
1589 2452 1662 2484 sive
1699 2451 1850 2493 populus
1885 2453 2073 2491 tamquam
2109 2447 2249 2479 vassalli

1244 2510 1439 2540 «tenentur
1477 2505 1600 2538 abbati
1638 2507 1673 2536 et
1711 2503 1903 2536 conventui
1941 2501 2164 2544 supradictis,
2204 2500 2247 2531 ad

1245 2560 1565 2603 «compositionem
1597 2557 1818 2590 amicabilem
1850 2557 2080 2592 devenerunt,
2112 2554 2146 2586 in
2179 2562 2248 2594 qua

1243 2615 1362 2646 «inter
1380 2613 1447 2645 alia
1467 2612 1670 2644 continetur
1688 2611 1794 2652 quod,
1815 2610 1842 2641 si
1862 2609 2060 2651 predictum
2080 2607 2247 2639 abbatem

1244 2681 1257 2697 «
1271 2670 1307 2699 et
1334 2668 1552 2699 conventum
1580 2664 1765 2705 contingat
1792 2673 1905 2694 emere
1934 2665 2064 2693 terram
2092 2660 2248 2701 aliquam

1246 2734 1257 2749 «
1272 2720 1327 2752 vel
1349 2718 1545 2755 castellum,
1568 2718 1653 2749 dicti
1674 2717 1833 2748 homines
1852 2716 1925 2747 sive
1946 2713 2107 2756 populus,
2131 2712 2249 2743 mode-

1244 2787 1256 2802 «
1271 2776 1347 2805 rate
1367 2783 1406 2803 ac
1426 2772 1499 2803 sine
1518 2771 1652 2807 fraude,
1674 2769 1870 2803 subsidium
1887 2767 2097 2810 prestabunt
2117 2765 2248 2796 eisdem

1246 2836 1335 2868 «pro
1378 2824 1581 2866 hujusmodi
1623 2823 1802 2864 emptione
1844 2822 1974 2853 Verum
2016 2830 2096 2851 cum
2138 2827 2249 2859 nuper

1246 2879 1384 2911 «abbas
1411 2877 1558 2919 predicti
1585 2875 1788 2908 monasterii
1816 2874 1988 2916 quasdam
2015 2871 2248 2914 possessiones

1279 2973 1298 2991 l.
1320 2972 1385 2991 Hm.
1404 2977 1408 2990 z
1429 2970 1593 2994 inlerlmlalux.

1280 3007 1303 3026 2.
1321 3007 1392 3026 (lette
1409 3005 1488 3030 partie
1505 3005 1534 3024 de
1552 3004 1648 3028 phrase,
1665 3003 1752 3028 depuis
1768 3003 1799 3023 ml
1817 3002 1894 3027 ipsius
1911 3008 1925 3021 a
1941 3001 1980 3021 eie
1997 3000 2095 3025 ajouter»
2112 3004 2141 3019 en
2158 3001 2250 3022 marge.
