2477 3512
211 273 270 303 754
931 272 1189 305 REGISTRES
1211 272 1547 306 D’ALEXANDRE
1568 273 1617 306 1V

213 378 326 407 dabilis
345 378 596 407 conversationis
608 395 657 406 —-.
674 377 749 407 Dat.
767 378 912 412 Viterbii,
932 379 1077 408 kalendis
1096 378 1219 408 decem-

214 430 288 463 bris,
314 439 398 459 anno
424 430 529 459 tertio.
556 441 568 456 ι)

292 612 378 637 2418
676 612 814 643 Viterbe,
827 612 863 638 13
876 611 1038 638 decembre
1051 612 1136 639 1257.

253 661 456 687 Abbatissam
489 660 671 687 monasterii
705 660 734 688 S.
768 660 982 687 Bal-tholomei
1016 661 1053 687 de
1088 660 1218 692 Falesio,

212 700 329 726 ordinis
360 700 388 727 S.
422 700 580 731 Damiani,
611 700 818 726 Massanensis
849 700 990 731 diocesis,
1021 707 1117 734 quam
1146 701 1220 727 illuc

214 740 398 773 Raynaldus
435 740 471 766 de
507 739 618 771 Τοεοο,
654 739 915 773 poenitentiarius
951 741 981 766 et
1018 740 1219 774 cappellanus

213 786 313 813 papae
341 780 378 806 de
406 780 557 805 mandato
581 779 752 812 apostolico
781 786 798 805 a
827 779 1015 806 monasterio
1045 780 1073 807 S.
1104 779 1218 806 Mariae

214 819 251 845 de
275 819 386 850 Massa,
411 820 517 845 utrum
541 819 802 845 monasteriorum
825 819 958 845 liberum
981 821 1012 845 et
1036 821 1218 853 exemptum

213 860 365 890 statuens,
386 858 602 890 transtulerat,
632 858 801 885 confirmat
830 858 927 891 (Rea.
958 858 1006 890 25,
1035 859 1055 886 f.
1087 859 1143 885 115
1173 862 1218 890 v0,

213 905 262 925 an.
289 898 340 929 IV,
362 906 387 925 c.
410 898 448 930 63
470 898 643 925 Porrfflsr
668 898 788 931 17110.)

255 996 299 1018 «..,
328 984 482 1013 abbatisse
507 985 534 1013 et
567 984 728 1013 conventui
753 984 932 1013 monasterii
959 983 1066 1013 Sancti
1090 983 1219 1012 Bartho-

212 1035 302 1066 lomei
336 1037 372 1066 de
406 1036 540 1070 Falesia,
574 1036 695 1066 ordinis
730 1036 837 1066 Sancti
869 1036 1033 1070 Damiani,
1067 1036 1220 1065 Massane

212 1089 351 1119 diocesis.
366 1090 445 1119 Cum
459 1090 477 1119 a
492 1089 583 1119 nobis
596 1107 646 1118 —.
662 1090 737 1118 Dat.
752 1089 898 1123 Viterbii,
912 1089 1018 1118 idibus
1032 1088 1218 1123 decembris,

211 1150 297 1171 anno
333 1142 438 1172 tertio.
477 1154 489 1169 »

292 1344 378 1370 2417
677 1345 815 1377 Viterbe,
829 1344 865 1371 18
877 1344 1039 1372 decembre
1052 1345 1138 1372 1257.

251 1393 440 1420 Monasterio
459 1394 487 1420 S.
508 1393 591 1419 Petri
612 1393 739 1425 Montis,
750 1393 897 1420 Metensis
917 1394 1057 1426 diocesis,
1078 1393 1221 1420 concedit

211 1434 247 1459 ut
261 1433 298 1459 de
312 1433 464 1459 beneficio
478 1433 697 1466 exemptionis,
711 1433 791 1459 sicut
804 1433 836 1459 in
850 1435 943 1460 antea
967 1433 1099 1461 fruatur.
1122 1433 1219 1467 (Bm.

211 1472 260 1503 25,
285 1472 305 1499 f.
333 1472 389 1499 115
413 1476 460 1504 νῦ,
485 1480 534 1500 an.
563 1473 615 1504 IV,
640 1480 664 1499 c.
692 1472 733 1505 7.)

254 1574 298 1596 «..,
315 1562 421 1592 abbati
438 1564 464 1591 et
480 1562 641 1592 conventui
657 1562 837 1592 monasterii
855 1562 961 1592 Sancti
977 1562 1063 1592 Petri
1086 1562 1220 1596 Montis,

213 1615 332 1644 ordinis
375 1615 482 1645 Sancti
524 1615 709 1654 Auqustini,
751 1615 904 1645 Metensis
951 1615 1089 1645 diocesis.
1141 1615 1221 1645 Cum

212 1667 444 1697 monasterium
482 1670 634 1698 vestrum
666 1668 708 1698 ad
738 1669 791 1707 jus
823 1671 856 1698 et
893 1669 1124 1707 proprietatem
1157 1669 1222 1698 Ro-

212 1729 307 1750 mane
329 1720 479 1754 Ecclesie,
507 1723 545 1750 ut
572 1721 723 1755 asseritis,
760 1721 942 1759 specialiter
975 1724 1008 1751 et
1048 1721 1223 1751 inmediate

213 1773 375 1812 pertineat
400 1776 433 1802 et
461 1773 563 1811 gavisi
591 1773 717 1803 fueritis
737 1774 769 1803 in
790 1774 933 1812 personis
953 1776 986 1804 et
1006 1774 1101 1804 rebus
1121 1783 1223 1813 usque

214 1835 300 1855 nunc
315 1826 457 1864 plenaria
473 1826 623 1856 libertate
638 1829 672 1855 et
686 1835 704 1856 a
719 1829 866 1865 tempore
881 1827 973 1865 cujus
989 1827 1142 1856 memoria
1159 1836 1222 1856 non

213 1879 335 1913 existit,
357 1887 394 1908 ac
415 1879 456 1908 ad
478 1881 628 1918 percepte
649 1879 808 1909 libertatis
829 1879 983 1909 indicium
1005 1889 1106 1909 unum
1127 1880 1224 1909 dena-

213 1931 296 1961 rium
311 1940 444 1961 aureum
458 1932 561 1961 eidem
576 1932 717 1961 Ecclesie
731 1932 823 1962 annis
837 1933 969 1971 singulis
982 1935 1041 1962 aut
1055 1933 1093 1962 de
1108 1934 1224 1972 quarto

214 1984 246 2014 in
270 1986 422 2023 quartum
445 1993 566 2014 annum
586 1985 770 2014 Bisantium
792 1985 994 2024 persolvatis,
1018 1995 1086 2020 nos,
1108 1986 1224 2015 vestris

215 2037 514 2076 supplicationibus,
531 2037 686 2072 inclinati,
702 2038 786 2067 veris
802 2038 1016 2068 existentibus
1031 2039 1225 2077 supradictis

216 2093 251 2119 ut
275 2090 358 2119 sicut
382 2090 548 2125 hactenus,
561 2091 608 2120 ita
632 2093 665 2120 et
688 2090 719 2120 in
733 2094 899 2129 posterum
924 2091 1029 2121 nullus
1052 2092 1132 2121 alius
1156 2101 1225 2130 pre-

214 2146 363 2182 terquam
396 2143 563 2172 Romanus
594 2143 742 2182 pontifex
779 2144 811 2173 in
842 2153 901 2173 vos
932 2146 965 2173 et
1007 2153 1056 2174 res
1101 2147 1225 2174 vestras

216 2196 336 2225 habeat
349 2198 546 2234 potestatem
558 2196 609 2225 vel
622 2196 878 2234 jurisdictionem
892 2200 1040 2227 exerceat
1052 2198 1223 2232 insuetam,

215 2249 308 2278 vobis
331 2249 526 2278 auctoritate
549 2249 746 2287 presentium
770 2249 982 2288 indulgemus.
1007 2250 1094 2280 Nulli
1117 2253 1224 2280 nostre

217 2301 427 2331 concessionis
468 2304 540 2335 etc.,
589 2302 665 2331 Dat.
706 2302 851 2335 Viterbii,
887 2303 946 2331 XV
978 2303 1041 2332 kal.
1074 2303 1223 2341 januarii,

216 2363 301 2384 anno
334 2354 440 2383 tertio.

299 2544 385 2569 2418
686 2545 823 2577 Viterbe,
836 2545 873 2571 12
885 2545 1047 2572 decembre
1060 2545 1145 2574 1257.

259 2592 536 2626 Archipresbytero
547 2594 578 2619 et
592 2593 731 2627 capitulo
742 2593 887 2620 ecclesiae
898 2594 936 2620 de
947 2594 1062 2625 Cumis,
1078 2594 1223 2620 Mediola-

219 2632 322 2658 nensis
336 2632 477 2664 diocesis,
493 2633 625 2659 mandat
636 2634 671 2659 ut
687 2633 876 2659 Jacohinum
894 2633 1014 2660 dictum
1022 2633 1228 2666 Lazaronum,

221 2672 392 2698 scholarem
418 2671 692 2704 Mediolanensem,
718 2674 887 2706 postquam
909 2673 1003 2699 fuerit
1025 2673 1159 2700 clericali
1180 2680 1229 2700 ca-

220 2713 339 2737 ractere
358 2711 534 2744 insignitus,
555 2712 586 2738 in
606 2712 792 2738 canonicum
812 2714 842 2739 et
863 2713 893 2739 in
914 2712 1043 2739 tratrem
1063 2713 1227 2747 recipiant,

221 2751 550 2823 eiquelxpracbegdam,
563 2751 702 2785 aliquam
721 2752 888 2785 assignent.
905 2752 1001 2785 (Rea.
1018 2752 1066 2784 25,
1080 2752 1100 2780 f.
1119 2753 1175 2779 115
1193 2756 1229 2779 v0

222 2797 271 2817 an.
351 2810 357 2821 ‚
388 2798 412 2817 c.
465 2812 471 2818 .

263 2891 306 2911 «..,
335 2879 588 2918 archipresbitero
601 2882 627 2910 et
654 2880 789 2919 capitulo
816 2881 936 2911 ecclesie
951 2881 987 2910 de
1005 2881 1139 2911 Cuman.
1158 2881 1229 2922 (sic)

221 2931 469 2962 Mediolanensis
488 2933 658 2972 [diocesisl.
680 2933 805 2963 Ascribi
828 2933 1031 2972 cupientibus
1048 2934 1160 2964 militie
1178 2952 1228 2963 -.

222 2984 299 3013 Dat.
325 2985 471 3019 Viterbii,
501 2985 531 3014 11
557 2986 629 3015 idus
655 2986 842 3019 decembris,
868 2995 953 3016 anno
977 2987 1084 3016 tertio.
1110 2998 1123 3014 »

1408 382 1467 408 241
1476 382 1497 408 9
1792 383 1930 415 Viterbe,
1943 383 1979 410 13
1991 383 2153 410 decembre
2165 383 2250 412 1257.

1369 430 1551 464 Praeposito
1577 433 1608 457 et
1634 431 1773 465 capitulo
1799 431 1946 458 ecclesiae
1971 432 2009 458 de
2035 432 2159 464 Cizano,
2185 432 2334 460 Mediola-

1326 470 1429 496 nensis
1459 470 1600 502 diocesiS,
1631 471 1763 497 mandat
1792 473 1827 497 ut
1856 471 2054 504 praedictum
2083 471 2273 499 Jacobinum
2301 472 2334 499 in

1326 510 1512 536 canonicum
1543 510 1696 543 recipiant
1727 510 1817 544 eique
1847 510 2058 544 praebendam
2090 511 2229 545 aliquam
2260 512 2335 538 assi-

1327 551 1431 581 gnent.
1451 549 1547 581 (Rea.
1567 549 1615 581 25,
1634 550 1653 577 l.
1675 550 1741 581 116,
1760 557 1809 577 an.
1831 549 1883 581 IV,
1901 557 1926 578 c.
1946 550 1987 583 9.)

1368 651 1379 664 a
1402 661 1430 672 ..,
1459 639 1615 677 preposito
1649 641 1676 668 el
1704 639 1840 678 capitulo
1868 639 1988 669 ecclesie
2007 639 2044 669 de
2064 639 2190 674 Cizano,
2212 639 2335 670 Medio-

1326 691 1464 721 lanensis
1484 692 1623 721 diocesis.
1645 692 1810 721 Provideri
1831 692 2026 730 pauperibus
2046 692 2165 722 clericis
2184 710 2235 722 -.
2256 693 2333 723 Dat.

1326 744 1472 778 Viterbii,
1503 744 1574 774 idus
1605 745 1792 779 decembris,
1822 754 1907 774 anno
1936 745 2043 774 tertio.
2075 757 2086 772 n

1406 933 1496 959 2420
1913 934 1948 961 21
1977 934 2140 961 decembre
2165 934 2251 962 1257.

1367 982 1505 1008 ,Iohanni
1537 983 1621 1009 dicto
1654 983 1804 1015 Ferrario,
1835 983 1985 1010 canonico
2018 983 2164 1010 ecclesiae
2195 983 2232 1010 de
2258 982 2335 1010 Gor-

1326 1022 1465 1054 gonzola,
1480 1022 1720 1049 Mediolanensis
1737 1023 1878 1055 diocesis,
1895 1023 2035 1056 indulget
2061 1023 2161 1050 utduo
2178 1022 2335 1050 ecclesias-

1326 1060 1390 1087 tica
1398 1061 1710 1135 Ilzenefifgafecipere
1727 1064 1758 1089 et
1775 1063 1906 1089 retinere
1922 1063 2030 1097 possit.
2048 1063 2144 1096 (Rea.
2162 1062 2210 1094 25,
2227 1062 2248 1090 f.
2267 1062 2334 1094 116,

1328 1108 1376 1128 an.
1444 1121 1450 1133 ‚
1467 1109 1492 1128 c.
1551 1123 1557 1129 .

1369 1202 1380 1216 «
1408 1191 1551 1220 Johanni
1579 1191 1657 1220 dicto
1686 1191 1841 1226 Ferraria,
1871 1192 2018 1222 canonico
2046 1192 2166 1222 ecclesie
2193 1192 2229 1221 de
2262 1191 2336 1222 Gor-

1328 1243 1464 1281 yonzola,
1488 1244 1737 1274 Mediolanensis
1760 1244 1899 1274 diocesis.
1924 1245 2114 1274 Devotionis
2137 1247 2193 1274 tue
2216 1244 2336 1283 suppli-

1327 1296 1509 1326 cationibus
1532 1297 1687 1331 inclinati,
1711 1297 1906 1327 auctoritate
1928 1297 1989 1327 tibi
2011 1297 2209 1336 presentium
2231 1297 2336 1327 indul-

1327 1357 1438 1387 gemus
1458 1351 1495 1378 ut
1514 1349 1546 1379 in
1566 1358 1629 1379 una
1650 1350 1783 1379 civitate
1801 1350 1852 1380 vel
1872 1359 1936 1380 uno
1955 1350 2131 1389 plebanatu
2152 1350 2215 1380 duo
2233 1350 2336 1389 possis

1329 1402 1542 1432 ecclesiastica
1583 1403 1749 1437 beneficia,
1790 1403 1816 1432 si
1855 1403 1915 1433 tibi
1955 1403 2106 1433 canonice
2146 1402 2335 1437 offerantur,

1328 1455 1424 1484 libere
1448 1455 1585 1494 recipere
1609 1458 1641 1485 et
1663 1456 1748 1485 licite
1771 1456 1918 1491 retinere,
1941 1456 2174 1486 constitutione
2195 1465 2214 1486 a
2236 1455 2336 1486 felicis

1327 1508 1558 1538 recordationis
1579 1509 1612 1538 C.
1635 1517 1730 1547 papa,
1753 1509 1974 1548 predecessore
2007 1511 2127 1543 nostro,
2149 1511 2228 1538 tunc
2247 1508 2337 1538 tituli

1329 1561 1439 1591 Sancti
1465 1561 1565 1591 Marci
1591 1562 1768 1600 presbitero
1795 1562 1958 1596 cardinali,
1986 1562 2018 1591 in
2046 1561 2239 1592 Lombardie
2264 1569 2337 1600 par-

1328 1614 1416 1643 tibus
1429 1615 1614 1653 Apostolice
1635 1615 1724 1645 Sedis
1743 1615 1860 1654 legato,
1881 1624 1976 1654 super
1996 1615 2056 1645 hoc
2076 1615 2163 1644 edita
2184 1623 2248 1645 non
2268 1614 2341 1644 obs-

1327 1669 1440 1702 tante;
1464 1667 1593 1706 proviso
1615 1668 1702 1706 quod
1724 1668 1837 1697 eadem
1859 1667 2016 1698 beneficia
2039 1668 2156 1697 debitis
2178 1667 2340 1707 obsequiis

1329 1728 1394 1749 non
1428 1719 1630 1749 fraudentur.
1665 1720 1752 1749 Nulli
1782 1723 1889 1750 nostre
1921 1720 2132 1750 concessionis
2169 1723 2230 1750 etc.
2262 1720 2340 1750 Dat·

1329 1772 1476 1807 Viterbii,
1496 1772 1564 1802 XII
1583 1773 1647 1802 kal.
1666 1773 1816 1811 januarii,
1836 1782 1921 1803 anno
1940 1775 2067 1812 quarto.
2088 1784 2099 1800 »

1411 1975 1493 2002 2421
1859 1977 1998 2009 Viterbe,
2010 1977 2027 2003 2
2037 1977 2161 2011 Janvier
2172 1976 2258 2004 1258.

1373 2024 1647 2058 Dispensationem
1659 2032 1676 2052 a
1694 2025 1909 2052 Lemovicensi
1926 2025 2071 2059 episcopo
2089 2024 2228 2052 Guidoni
2245 2024 2341 2051 Mala-

1331 2063 1426 2130 {eyclla
1442 2072 1632 2137 )concessam
1659 2065 1836 2092 confirmat.
1859 2065 1956 2099 (REG.
1985 2065 2033 2097 25,
2061 2065 2081 2092 f.
2112 2064 2179 2097 116,
2204 2065 2258 2092 an.
2288 2063 2340 2096 lv,

1371 2205 1382 2220 «
1407 2193 1543 2224 Gnidoni
1559 2193 1752 2233 Malaleyda‚
1767 2194 1982 2224 archidiacono
2002 2194 2145 2224 Marchie
2165 2194 2197 2224 in
2217 2193 2342 2224 ecclesia

1330 2245 1549 2276 Lemovicensi.
1572 2247 1671 2277 Lecta
1693 2256 1800 2276 coram
1823 2247 1914 2276 nobis
1935 2250 1993 2276 tua
2015 2247 2130 2286 petitio
2152 2246 2339 2276 continebat

1332 2300 1418 2338 quod
1437 2300 1628 2329 venerabilis
1662 2299 1762 2329 frater
1780 2303 1888 2329 noster
1906 2299 2144 2329 Lemovicensis
2161 2299 2339 2338 episcopus,

1331 2352 1382 2381 cui
1401 2352 1500 2381 felicis
1516 2352 1744 2382 recordationis
1765 2362 1848 2391 papa
1867 2353 1900 2386 Ι.,
1923 2353 2125 2391 predecessor
2142 2354 2260 2386 noster.
2279 2352 2340 2381 dis·

1332 2405 1489 2444 pensandi
1514 2414 1587 2434 cum
1613 2406 1739 2434 duobus
1765 2406 1884 2435 clericis
1910 2406 1985 2440 suis,
2012 2408 2109 2444 prout
2134 2404 2276 2444 pensatis
2295 2404 2341 2443 ip-

1333 2467 1440 2488 sorum
1465 2459 1587 2488 meritis
1611 2461 1644 2488 et
1667 2458 1736 2488 aliis
1761 2459 2011 2488 circumstantiis
2034 2458 2211 2488 secundum
2235 2457 2340 2487 Deum

1334 2511 1483 2549 expedire
1510 2511 1645 2545 videret,
1674 2512 1760 2550 quod
1789 2514 1924 2550 uterque
1951 2511 2103 2550 ipsorum,
2132 2512 2259 2549 praeter
2285 2510 2342 2540 ob-

1334 2566 1426 2593 tenta
1466 2563 1621 2593 beneficia
1661 2573 1770 2593 curam
1809 2565 1990 2594 animarum
2030 2564 2193 2597 habentia,
2233 2565 2341 2602 posset

1335 2617 1421 2646 aliud
1455 2617 1704 2646 ecclesiasticum
1737 2617 1929 2646 beneficium
1962 2626 2017 2646 seu
2050 2618 2257 2655 personatum
2290 2615 2340 2645 vel

1336 2669 1527 2708 dignitatem
1557 2669 1692 2699 similem
1724 2679 1833 2699 curam
1864 2670 1986 2699 habens
2015 2672 2048 2699 et
2077 2670 2174 2699 libere
2204 2669 2341 2707 recipere

1334 2722 1366 2751 in
1394 2722 1558 2760 provincia
1583 2722 1786 2756 Bituricensi,
1813 2723 1839 2752 si
1865 2723 1925 2752 sibi
1952 2723 2103 2752 canonice
2129 2721 2283 2751 offeretur
2308 2723 2342 2751 et

1335 2783 1400 2804 una
1434 2783 1506 2804 cum
1540 2775 1682 2804 obtentis
1714 2775 1800 2805 licite
1833 2776 1979 2809 retinere,
2013 2773 2244 2804 constitutione
2277 2782 2340 2803 non

1335 2827 1487 2857 obstante
1504 2828 1628 2857 concilii
1645 2828 1809 2867 generalis,
1828 2828 1984 2858 concessit
2000 2827 2133 2857 liberam
2150 2826 2340 2856 facultatem

1334 2882 1442 2910 tecum
1469 2880 1525 2918 qui
1550 2883 1628 2910 tunc
1654 2881 1808 2919 temporis
1833 2880 1998 2910 ecclesiam
2021 2880 2131 2910 Sancti
2153 2879 2282 2918 Sulpicii
2306 2880 2341 2908 et

1335 2933 1632 2963 archidiaconatum
1647 2933 1788 2963 Marchie
1803 2933 1835 2962 in
1849 2926 2070 2962 Lemovicensi
2085 2932 2215 2962 ecclesia
2229 2939 2339 2962 curam

1335 2986 1516 3015 animarum
1546 2986 1700 3015 habentes
1728 2995 1888 3016 annexam
1917 2994 1956 3015 ex
1985 2985 2222 3024 dispensatione
2250 2983 2342 3015 Sedis
