2477 3512
301 246 365 274 (586
995 246 1230 278 REGISTRES
1257 247 1561 280 D’ALEXANDRE
1587 250 1632 280 IV

297 318 474 359 hujusmodi
489 319 629 359 provisio
650 319 1036 357 devolvatur,cassamus
1061 324 1094 352 et
1116 321 1282 353 irritamus
1306 318 1310 372 1¹
1333 323 1451 354 lierem
1487 334 1529 355 ex
1566 324 1684 360 altera.
1717 335 1825 356 coram
1858 331 1891 356 te
1926 327 2122 358 auctoritate
2159 328 2321 359 ordinaria

295 374 421 404 omnino
442 374 491 404 vel
506 375 610 415 potins
627 385 755 405 cassum
777 379 808 406 et
828 376 953 407 irritum
977 377 1173 408 nuntiamus.
1195 378 1280 409 Nulli

294 430 388 471 Lete„
408 434 519 461 nostre
535 430 777 468 declarationis,
792 433 1036 464 constitutionis
1065 437 1098 464 et
1123 435 1279 466 cassatio-

293 486 339 516 nis
370 492 433 517 etr.
470 486 583 517 Datum
606 487 758 522 Viterbii,
796 488 836 518 111
867 489 936 520 idus
964 489 1171 531 septembris.
1197 501 1278 523 anno

293 543 400 574 tertio.
420 558 434 570 ν

357 654 452 681 2231
747 656 872 687 vitei-be,
895 658 927 682 28
942 657 1110 690 septembre
1130 659 1203 683 1257.

321 741 513 775 [Eberhardol
545 743 763 769 constantiensi
789 744 926 778 episcopo
955 745 1084 772 declarat
1109 746 1274 782 Heilwigem
1300 750 1301 775 ζ

287 789 417 815 relictam
431 790 580 823 quondam
596 791 722 817 Conradi
735 791 770 817 de
780 792 877 818 lloven
887 796 951 818 voto
959 793 1103 819 castitatis
1112 794 1274 820 servandae

289 840 430 870 perpetuo
451 840 479 863 et
506 837 573 863 aliis
593 839 665 864 votis
682 838 877 871 solemnibus,
906 839 975 865 lieet
993 841 1123 867 nondum
1141 841 1274 875 expletus
1299 864 1300 881 3

1298 921 1300 931 Α
1325 890 1459 922 muliere
1489 892 1557 932 ipsa
1587 892 1740 923 emissum
1761 892 1984 934 sollempniter
2010 892 2214 934 probaretur,
2238 902 2314 934 pro-

1298 964 1299 970 κ
1325 946 1424 978 fessio
1441 949 1549 978 tamen
1571 949 1618 979 sic
1639 949 1726 979 sacta
1740 959 1800 980 non
1818 952 1909 980 tenet
1930 949 2015 979 infra
2042 950 2169 990 tempus
2200 948 2314 990 proba-

283 884 320 910 sit
333 884 460 910 tirocinii
477 893 584 916 annus,
601 886 754 921 obstringi,
768 887 853 921 eique
865 887 995 920 mandat,
1010 892 1041 914 ut
1057 888 1109 914 boc
1123 889 1272 923 negotium

285 931 411 958 decidat.
428 933 506 965 „uem
528 934 571 964 25,
588 941 613 959 a.
633 934 678 965 111,
696 941 721 959 c.
741 935 801 966 639,
819 934 838 960 s.
856 936 904 963 82:
927 936 1069 961 Powmsu·
1086 938 1188 965 170163
1209 937 1273 961 Ben-

284 987 392 1009 Nouun.
409 982 478 1006 Arta
491 982 655 1013 pontifis-um
673 982 821 1012 Men-aeica,
839 986 856 1007 t.
872 983 890 1011 1,
907 984 982 1008 662⁴

328 1077 341 1091 «ι
369 1087 389 1092 ,.
420 1062 573 1105 episcopo
608 1063 872 1095 Constantiam—i.
910 1065 956 1095 Ex
994 1068 1106 1095 tenore
1145 1072 1271 1095 tuarum

285 1119 407 1161 pridem
429 1120 611 1160 accepimus
632 1120 828 1158 litterarum,
852 1120 935 1160 qnod
962 1121 1134 1161 Heilwigis
1158 1121 1273 1152 relicta

282 1176 440 1217 quondam
463 1175 601 1206 Cunradi
621 1176 660 1206 de
686 1177 797 1207 Iloven
830 1177 903 1207 lairi
931 1179 985 1208 tue
1013 1176 1168 1215 diocesis,
1199 1179 1271 1208 tune

282 1232 350 1263 zelo
367 1232 529 1263 castitatis
548 1235 576 1262 et
599 1231 766 1273 religionis
781 1243 931 1271 accensa,
950 1233 1034 1264 insra
1054 1236 1145 1275 septa
1159 1233 1272 1264 domus
1298 1259 1299 1278 3

283 1299 339 1319 sne
360 1289 461 1329 primo
482 1291 591 1319 votum
614 1289 776 1319 castitatis
799 1289 960 1321 servande.
986 1293 1142 1331 perpetuo
1165 1291 1275 1321 taliter
1298 1328 1299 1332 Ἰ

283 1346 460 1382 emisisset,
478 1346 548 1376 utin
560 1346 705 1376 manibus
719 1346 829 1376 fratris
844 1346 989 1377 Bertoldi
1010 1347 1048 1378 de
1071 1347 1183 1378 ordine
1196 1347 1273 1377 Pre-

281 1402 474 1437 dicatorum,
497 1412 589 1442 quem
611 1401 749 1433 dilectus
770 1402 854 1433 filius
870 1404 908 1433 A.
932 1403 1019 1444 prior
1034 1404 1133 1444 ipsius
1151 1403 1273 1434 ordinis
1298 1431 1300 1436 t

284 1458 324 1489 de
339 1458 475 1500 1⁴'riburg
495 1458 534 1488 ad
554 1459 743 1499 petitionem
769 1459 870 1500 ipsius
890 1459 929 1489 H.
961 1459 1036 1490 illuc
1060 1463 1193 1501 propter
1212 1460 1272 1491 hoc
1299 1482 1300 1489 1

283 1515 469 1556 specialiter
489 1514 682 1552 destinarat,
706 1515 801 1545 anulo
818 1526 874 1546 sue
895 1515 1156 1557 desponsationis
1179 1527 1273 1547 reve-

283 1572 392 1603 renter
409 1571 568 1609 exhibito,
580 1582 678 1613 seper
695 1572 797 1613 ipsum
815 1572 845 1602 in
858 1572 1100 1603 observantiam
1117 1574 1272 1614 p'erpetue

282 1628 481 1659 continentie
507 1627 653 1658 duxisset
683 1628 813 1659 Domino
843 1628 1114 1669 desponsandam,
1141 1630 1272 1660 tandem

281 1684 1273 1723 admonasteriummonialiumdoAdelnhnsen‚ordinisSaneti

282 1741 468 1782 Augustini,
490 1741 664 1772 viventium
682 1741 858 1772 secundum
872 1742 1021 1773 instituta
1036 1742 1137 1783 ipsius
1151 1743 1272 1773 ordinis

283 1797 538 1835 Predicatorum,
555 1797 694 1828 diocesis
715 1798 913 1838 supradicte,
933 1798 1146 1835 accedens,in
1170 1800 1271 1830 mani—

282 1855 339 1885 bus
352 1854 463 1885 ‹tiles-ti
476 1853 557 1884 filii..
583 1854 860 1895 priorisjamdicti
878 1854 999 1885 ordinis
1025 1855 1270 1886 Predicatorum

281 1911 378 1952 ipsius
399 1910 473 1947 loci,
490 1911 636 1952 promisit
656 1921 692 1941 ac
714 1911 803 1941 vovit
826 1921 861 1941 se
890 1921 1081 1952 permanere
1113 1915 1270 1953 perpetuo

281 1967 500 1998 continentem
524 1971 556 1998 et
575 1968 733 1998 victuram
755 1968 785 1997 in
803 1968 971 2009 religione,
995 1978 1030 1998 ac
1054 1969 1118 1999 Deo
1141 1969 1171 1999 in
1197 1980 1270 2010 pre-

284 2024 350 2054 l'ato
371 2024 579 2057 monasterio,
614 2023 719 2064 quoad
752 2024 889 2056 viveret,
911 2025 1121 2062 servituram,
1154 2026 1271 2056 verbo-

281 2090 349 2110 rum
372 2080 596 2111 nichilominus
626 2080 867 2121 sollempnitate
895 2080 1052 2117 adhibita,
1070 2092 1163 2121 qnam
1181 2082 1270 2112 adbi-

282 2136 356 2167 bere
377 2141 616 2167 consueverunt
637 2136 827 2178 profitentes
849 2137 992 2175 Domino,
1018 2137 1114 2178 juxta
1133 2148 1270 2169 consue-

281 2192 424 2223 tudinem
453 2193 639 2223 monasterii
671 2193 852 2230 memorati,
884 2193 1010 2224 donatis
1049 2204 1173 2234 quoque
1209 2194 1269 2236 ipsi

283 2249 478 2280 monasterio
499 2249 681 2280 liberaliter
696 2249 842 2279 omnibus
858 2249 947 2280 bonis
961 2251 1040 2280 suis.
1058 2251 1268 2281 Postmodum

280 2308 387 2336 autem
422 2304 567 2346 predicta
603 2305 728 2343 nmlier,
769 2305 873 2335 adhuc
912 2306 943 2336 in
984 2305 1093 2337 babitu
1129 2307 1269 2338 seculari

280 2362 441 2395 existens,
469 2372 526 2402 per
553 2361 713 2401 quendam
741 2372 831 2392 suum
859 2362 990 2393 affinem
1020 2374 1037 2392 a
1072 2364 1268 2394 monasterio

281 2421 348 2461 ipso
367 2420 526 2450 violenter
540 2419 691 2455 abducta,
704 2429 765 2460 que
787 2430 904 2460 sponsa
924 2421 1046 2451 (Jbristi
1067 2420 1186 2452 effecta
1200 2422 1269 2452 fue-

281 2479 344 2514 rat,
362 2487 409 2513 se,
429 2476 606 2515 instigante
630 2476 760 2506 humani
782 2477 914 2517 generis
935 2477 1076 2508 inimico,
1100 2478 1268 2519 Radnlpho

282 2533 362 2563 laico
384 2532 586 2563 ministeriali
601 2532 640 2563 de
654 2532 846 2570 Walthinlo,
866 2533 1050 2574 supradicte
1063 2533 1214 2572 diocesis,
1229 2534 1269 2565 de

284 2590 368 2619 facto
404 2589 684 2619 matrimonialiter
714 2589 887 2629 copulavit.
916 2588 1057 2629 Cumque
1085 2590 1203 2621 dilecte
1238 2591 1268 2621 in

283 2644 410 2676 Christo
432 2644 521 2675 lilio..
541 2645 695 2685 priorissa
708 2651 739 2676 et
761 2648 941 2676 conventus
957 2646 1056 2686 ipsius
1079 2647 1268 2678 monasterii

283 2711 353 2731 eam
377 2705 409 2731 ut
427 2711 515 2731 suam
544 2701 715 2731 monialem
748 2703 948 2742 repeterent,
972 2712 1008 2731 ac
1038 2702 1120 2732 idem
1148 2702 1268 2733 Hadul-

282 2757 361 2797 plius
388 2756 447 2787 sibi
478 2757 606 2797 prefata
632 2756 712 2787 bona
743 2758 843 2798 ipsius
874 2758 1028 2795 mulieris,
1056 2765 1215 2798 tamquam
1238 2760 1268 2789 in

282 2807 436 2843 dotem'ei
458 2823 627 2851 concessa,
654 2820 717 2843 lain
736 2813 865 2844 mobilia
884 2824 977 2854 quam
998 2814 1169 2845 immobilia
1192 2825 1268 2846 ven-

282 2868 418 2903 dicaret.
442 2875 474 2900 et
489 2869 657 2910 superbiis
672 2870 758 2900 inter
783 2869 915 2901 easdem
935 2871 1121 2911 priorissam
1139 2874 1172 2901 et
1191 2881 1267 2902 con—

285 2931 411 2955 ventum
435 2936 474 2955 ex
498 2927 589 2966 parte
616 2936 688 2961 una,
713 2928 745 2956 et
765 2925 870 2957 dictos
906 2925 1106 2967 Radulpbum
1128 2938 1165 2957 ar
1199 2938 1268 2958 inu-

1333 381 1461 420 questio
1483 380 1579 411 fuerit
1615 381 1732 412 diutius
1752 382 1890 422 agitata,
1912 382 2040 413 demum
2071 393 2171 424 super
2201 384 2319 416 libellis

1304 460 1306 478 ,
1332 436 1406 466 hine
1428 437 1502 467 inde
1523 438 1682 478 porrectis
1704 438 1760 468 lite
1780 439 1965 469 contestata
1986 438 2318 480 legitime,pr0ductis

1303 481 1305 526 1
1332 493 1473 524 testibus
1493 497 1527 524 et
1547 494 1813 525 attestationibus
1834 494 2018 536 publicatis,
2033 505 2104 526 cum
2121 495 2190 536 jam
2211 497 2319 536 inten-

1302 572 1303 590 ,
1330 549 1546 580 tiodictarum
1566 551 1719 591 priorisse
1750 554 1784 581 et
1813 554 1994 582 conventus
2022 551 2190 582 videretur
2222 552 2318 593 plene

1301 610 1303 653 j
1329 605 1476 641 fundata,
1507 606 1567 636 suit
1596 616 1652 647 pro
1682 611 1776 648 parte
1797 607 1898 648 ipsius
1923 607 2080 648 Radulpbi
2105 609 2314 649 propositum,

1329 662 1423 701 quod,
1447 672 1518 693 eum
1538 663 1666 704 prefata
1687 663 1802 694 mulier
1829 663 1955 694 servilis
1983 663 2176 695 conditionis
2196 665 2316 696 existe-

1300 739 1301 746 ,
1328 723 1390 752 ret,
1413 717 1534 749 donare
1563 729 1625 750 non
1653 720 1759 760 potuit
1781 719 1863 751 bona
1883 730 1953 756 sua,
1973 730 2163 761 quamquam
2184 721 2252 762 ipse
2285 721 2316 752 id

1327 778 1430 808 minus
1447 778 1650 809 sufficienter
1664 778 1851 820 probavisse
1867 785 2031 816 noscatur,
2047 779 2194 819 allegans
2213 780 2315 811 nichi—

1326 833 1462 865 lominus
1483 835 1578 875 qnod,
1601 835 1674 866 licet
1698 839 1805 866 votum
1824 836 1991 877 religionis
2006 846 2060 867 seu
2073 836 2284 877 professionis
2297 846 2315 867 a

1298 1033 1299 1037 ,
1325 1003 1708 1040 tioniconcessum‚11ec
1746 1005 1866 1037 dictam
1898 1006 2065 1037 mulierem
2085 1010 2162 1037 ante
2196 1015 2312 1036 annum

1324 1058 1476 1100 religioni
1489 1061 1594 1101 potuit
1606 1060 1764 1102 obligare,
1776 1061 1886 1093 adhoc
1900 1063 2165 1094 constitutionem
2177 1072 2195 1093 a
2209 1062 2313 1094 felicis

1298 1116 1299 1135 ³
1324 1116 1559 1147 recordationis
1575 1117 1598 1148 Ι.
1618 1127 1698 1158 papa
1718 1118 1954 1158 predecessore
1971 1122 2080 1150 nostro
2101 1119 2232 1158 editam,
2252 1129 2313 1160 que

1324 1183 1391 1203 non
1419 1172 1528 1203 solum
1559 1174 1684 1215 incipit,
1712 1174 1902 1205 inducendo.
1937 1175 2075 1216 Propter
2097 1175 2179 1216 quod
2206 1178 2312 1207 utrum

1324 1228 1437 1260 littera
1467 1230 1566 1271 ipsius
1593 1230 1835 1271 predecessoris
1863 1232 2014 1262 confecta
2035 1231 2154 1262 exinde
2182 1232 2223 1262 sit
2256 1242 2312 1273 pro

1324 1288 1558 1319 constitutione
1579 1287 1740 1326 habenda,
1761 1293 1794 1320 et
1809 1289 1848 1320 de
1866 1289 1964 1330 ipsius
1985 1289 2154 1321 intellectu
2175 1288 2313 1321 effectus

1325 1343 1449 1382 dubius,
1471 1355 1529 1375 nos
1546 1355 1643 1386 super
1663 1344 1723 1375 hoe
1739 1346 1909 1376 consulere
1931 1346 2114 1383 voluisti,et
2130 1345 2312 1387 hujusmodi

1326 1402 1491 1442 negotium
1515 1411 1586 1432 cum
1608 1402 1691 1432 actis
1712 1402 1742 1432 in
1760 1402 1882 1442 jndicio
1912 1401 2029 1433 habitis
2051 1405 2105 1433 tuo
2132 1402 2239 1443 sigillo
2268 1403 2313 1433 si-

1327 1458 1437 1498 gnatis
1458 1457 1547 1489 nobis
1569 1458 1809 1495 transmittens,
1836 1459 2008 1500 postulasti
2028 1459 2192 1499 negotium
2209 1459 2311 1500 ipsum

1327 1515 1409 1555 apud
1430 1513 1548 1545 Sedem
1569 1515 1801 1556 Apostolicam,
1816 1525 1875 1556 per
1893 1514 2101 1546 diffinitivam
2117 1515 2311 1546 sententiam

1299 1574 1300 1591 ³
1326 1571 1508 1608 terminari,
1532 1571 1654 1612 profixo
1669 1582 1726 1612 per
1753 1575 1784 1602 te
1804 1571 1949 1612 partibus
1970 1573 2063 1602 certo
2085 1572 2234 1609 termino,
2252 1581 2313 1612 quo

1299 1622 1300 1651 l
1326 1638 1360 1658 se
1382 1630 1513 1669 propter
1532 1628 1592 1658 hoc
1616 1630 1726 1659 nostro
1761 1629 1948 1669 conspectui
1979 1630 2221 1669 presentarent.
2248 1628 2312 1659 Nos

1325 1684 1433 1724 itaque
1454 1684 1575 1715 dictum
1599 1685 1765 1725 negotium
1789 1687 1821 1715 et
1851 1685 2126 1716 examinationem
2149 1685 2248 1726 ipsius
2267 1684 2314 1715 di-

1323 1740 1411 1772 lecto
1431 1741 1495 1771 lilio
1518 1742 1677 1782 magistro
1698 1742 1856 1782 Gregorio
1877 1741 1916 1772 de
1938 1741 2084 1782 Neapoli,
2115 1741 2312 1773 subdiacono

1323 1801 1356 1828 et
1385 1798 1552 1839 capellano
1589 1798 1877 1836 nostro,duximus
1908 1798 2186 1830 committendum.
2227 1798 2312 1830 Sane

1296 1873 1297 1892 1
1323 1858 1535 1896 procuratore
1556 1855 1742 1887 earumdem
1763 1856 1920 1896 priorisse
1941 1858 1974 1887 et
1986 1858 2163 1887 conventus
2183 1864 2312 1896 compa-

1296 1896 1297 1954 1
1322 1914 1417 1942 rente
1437 1912 1620 1943 intermino
1636 1922 1745 1943 coram
1763 1922 1813 1951 eo,
1832 1912 1960 1953 prefato
1981 1913 2111 1953 negotio
2136 1911 2313 1953 diligenter

1295 1961 1297 1986 l
1323 1968 1509 1999 examinato
1529 1970 1563 1999 et
1583 1969 1673 1999 nobis
1694 1969 1788 2009 plene
1813 1968 1919 1999 relato
1942 1978 2000 2009 per
2020 1978 2103 2006 enm,
2127 1967 2311 1999 considera-

1294 2021 1297 2061 l
1322 2024 1424 2055 vimus
1441 2035 1500 2055 non
1514 2035 1588 2056 esse
1605 2025 1802 2056 conveniens
1812 2024 1889 2055 illud
1901 2024 2020 2055 anobis
2035 2034 2092 2065 per
2107 2024 2312 2055 diffinitivam

1325 2082 1521 2112 sententiam
1543 2082 1723 2119 terminari,
1737 2086 1801 2113 tum
1814 2084 1948 2123 propter
1957 2080 2137 2112 absentiam
2153 2080 2312 2111 dictorum

1324 2138 1484 2179 Radnlphi
1510 2141 1542 2169 et
1568 2139 1711 2169 mulieris
1732 2140 1764 2169 et
1793 2138 1867 2178 quia
1891 2139 1925 2168 tu
1948 2137 1988 2168 de
2013 2138 2087 2179 jure
2114 2136 2228 2168 dubius
2253 2145 2311 2167 nos

1323 2204 1419 2236 super
1434 2195 1602 2236 premissis
1622 2194 1837 2226 consulendos
1864 2194 1997 2230 duxisti,
2022 2198 2088 2224 tum
2115 2193 2213 2224 etiam
2237 2193 2310 2233 quia

1323 2252 1459 2292 prefatis
1478 2252 1561 2282 actis
1580 2252 1673 2282 unico
1692 2250 1798 2291 sigillo
1819 2251 1968 2291 signatis,
1987 2260 2059 2281 cum
2075 2260 2113 2281 ea
2140 2260 2201 2280 non
2221 2249 2312 2280 inve-

1322 2308 1465 2338 nerimus
1489 2308 1676 2349 conscripta
1702 2318 1760 2348 per
1780 2307 1937 2348 publicam
1964 2316 2135 2348 personam
2155 2305 2207 2337 vel
2230 2304 2310 2336 duos

1321 2365 1408 2395 viros
1427 2364 1573 2405 ydoneos
1597 2364 1772 2395 secundum
1795 2364 1929 2395 formam
1951 2363 2193 2395 constitutionis
2213 2371 2311 2403 super

1320 2422 1380 2452 hor
1403 2422 1503 2459 edile,
1525 2422 1620 2453 fidem
1647 2422 1850 2462 nequivimus
1871 2421 2038 2452 adhibere.
2055 2420 2164 2456 Quare
2180 2429 2237 2450 nos
2253 2418 2309 2450 tibi

1322 2488 1420 2520 super
1445 2479 1529 2519 juris
1558 2478 1664 2513 dnbio,
1694 2485 1805 2509 tenore
1842 2478 2041 2518 presentium
2062 2475 2307 2517 respondemus,

1321 2534 1415 2574 quod,
1437 2535 1462 2565 si
1483 2535 1642 2576 premissa
1669 2535 1810 2565 veritate
1833 2534 1989 2571 nitantur,
2008 2533 2175 2574 sepedicta
2195 2531 2311 2562 mulier

1319 2591 1468 2631 religioni
1497 2590 1681 2622 earumdem
1702 2591 1856 2632 priorisse
1872 2597 1906 2621 et
1925 2593 2118 2621 conventus,
2145 2598 2206 2619 non
2237 2587 2310 2618 obs-

1320 2649 1411 2678 tante
1431 2647 1662 2678 constitutione
1676 2647 1758 2688 ipsa,
1776 2657 1837 2687 qne
1855 2647 1895 2677 de
1913 2645 2159 2677 Predicatorum
2189 2649 2222 2675 et
2249 2644 2309 2675 Mi-

1321 2713 1432 2734 norum
1453 2704 1589 2734 l'ratrum
1607 2703 1770 2734 ordinibus
1780 2703 1973 2734 mentionem
1986 2701 2171 2743 specialiter
2182 2700 2308 2731 faciens

1321 2759 1455 2791 extendi
1476 2759 1515 2790 ad
1537 2759 1616 2790 alios
1634 2759 1765 2790 ordines
1784 2769 1844 2789 non
1871 2758 2011 2795 videtur,
2035 2767 2109 2788 esse
2129 2755 2309 2787 dinoscitur

1321 2816 1456 2855 alligata
1476 2818 1509 2846 et
1527 2826 1598 2846 cum
1619 2816 1689 2857 ipsa
1704 2825 1819 2857 sponsa
1841 2815 1961 2846 Christi
1980 2813 2081 2844 semel
2102 2811 2306 2850 effecta‚non

1319 2873 1460 2914 potnerit
1477 2871 1680 2914 postmodum
1702 2872 1798 2902 alicui
1821 2872 1891 2902 viro
1910 2868 2190 2901 matrimonialiter
2207 2878 2307 2909 copu-

1319 2930 1390 2968 lari,
1405 2931 1643 2962 matrimonium
1664 2932 1749 2962 inter
1765 2931 1864 2972 ipsam
1881 2932 1915 2960 et
1933 2928 2069 2960 eundem
2090 2928 2128 2958 R.
2157 2928 2306 2958 contrac—
