2477 3512
947 301 1175 340 TnoisOEME
1200 300 1346 338 ANNEE

176 389 191 403 «
204 374 346 407 Ger-aldo
356 375 470 406 abbati
480 375 641 407 secularis
652 374 785 407 ecclesie
793 375 912 406 Sancti
923 375 1026 406 Pauli
1035 377 1121 407 Nar-

129 430 293 462 bonensis.
316 431 364 462 Ad
386 432 536 463 decorem
565 442 683 473 sponse
711 432 802 462 varia
822 432 852 462 in
878 432 1027 463 Ecclesia
1047 435 1121 462 sunt

130 488 270 529 insignia
290 488 496 528 dignitatum,
509 492 543 519 ut
562 489 717 519 latentem
734 488 931 518 intrinsecus
952 488 1015 519 filie
1030 489 1120 529 regis

131 544 268 585 speciem
297 544 503 575 multiformis
533 545 680 576 exterius
710 544 830 574 indicet
862 544 1056 584 pulcritudo,
1089 546 1121 575 et

129 600 184 637 hii,
208 601 260 640 qui
281 600 474 641 specialibus
507 601 662 631 honorum
694 600 794 631 titulis
821 600 959 638 clarent,
987 601 1120 631 misticis

130 666 240 687 verum
263 658 364 698 signis
386 657 552 695 admoniti,
575 657 709 687 meliora
735 657 912 697 spiritualis
940 657 1043 688 forme
1069 667 1121 687 ca-

129 713 265 744 rismata
285 713 479 744 emulemur.
497 713 655 743 Volentes
675 713 777 754 igitur
796 712 905 743 Sancti
927 712 1021 743 Pauli
1040 713 1121 743 Nar-

130 768 279 800 bonensis
305 770 477 800 ecclesiam
498 769 669 802 honorare,
691 769 864 810 presertim
896 779 967 800 cum
995 769 1121 800 dicatur

130 825 212 866 quod
233 825 366 856 abbates
387 825 560 866 ipsius,qui
583 826 713 856 fuerunt
727 835 784 865 pro
807 830 963 866 tempore,
986 826 1016 855 in
1038 826 1120 856 sino-

129 882 190 918 dis,
213 892 272 922 que
300 881 546 912 sunthactenus
573 882 603 911 in
631 881 834 912 Narbonensi
861 881 1000 912 ecclesia
1032 881 1119 912 cele—

130 938 233 975 brate,
262 942 292 968 et
314 940 346 968 tu
364 938 474 975 etiam,
497 938 634 978 primum
657 938 760 968 locum
782 938 867 968 inter
888 938 967 968 alios
983 938 1118 969 abbates

130 994 348 1025 Narbonensis
379 993 520 1024 diocesis
558 996 629 1034 post
673 994 948 1035 archiepiscopum
994 994 1118 1025 Narbo—

129 1060 261 1080 nensem
295 1050 531 1080 consueveritis
564 1050 710 1086 tenere¹,
744 1053 776 1081 et
807 1051 1024 1082 verecundum
1061 1051 1118 1081 tibi

128 1105 265 1146 quodam
299 1105 392 1135 modo
426 1106 576 1137 videatur
612 1106 684 1137 aliis
711 1106 879 1137 abbatibus
906 1108 1118 1148 posteriorem

128 1162 231 1192 locum
252 1162 282 1192 in
300 1162 481 1203 hujusmodi
502 1163 613 1193 sinodo
630 1163 817 1193 tenentibus
838 1167 869 1194 et
891 1163 1002 1194 baculo
1023 1170 1117 1194 uten-

129 1218 213 1249 tibus
234 1219 389 1259 pastorali
410 1219 537 1260 insigne
559 1219 664 1249 baculi
686 1220 870 1260 hujusmodi
898 1230 958 1250 non
984 1220 1116 1259 habere,

128 1274 309 1305 devotionis
337 1277 390 1305 tue
426 1276 576 1316 precibus
610 1276 767 1309 inclinati.
799 1278 832 1306 ut
875 1279 938 1306 tam
971 1278 1002 1306 tu
1026 1287 1117 1317 qnam

130 1331 174 1361 tui
187 1341 396 1362 successores
412 1332 441 1361 in
456 1331 575 1362 sinodis
589 1335 619 1363 et
638 1332 724 1367 alibi,
744 1332 927 1373 hujusmodi
943 1332 990 1363 uti
1007 1332 1119 1363 baculo

127 1387 230 1418 libere
258 1387 408 1420 valeatis,
432 1387 608 1418 secundum
627 1388 708 1428 quod
731 1388 783 1418 alii
807 1388 953 1429 ejusdem
979 1388 1119 1419 diocesis

130 1443 264 1474 abbates
290 1447 433 1477 utuntur,
467 1443 523 1474 tibi
553 1448 583 1474 et
615 1454 672 1485 per
703 1448 734 1474 te
761 1445 1005 1475 successoribus
1029 1445 1117 1485 ipsis,

129 1500 325 1530 auctoritate
345 1501 557 1540 presentium.
576 1500 792 1541 indulgemus.
806 1501 889 1531 Nulli
905 1500 981 1531 etc.
995 1511 997 1540 ᾗ
1010 1502 1120 1531 nostre

130 1556 350 1586 concessionis
370 1558 434 1587 etc.
458 1557 572 1587 Datum
596 1557 759 1590 Laterani.
784 1557 849 1588 XV
866 1557 1021 1587 kalendas
1038 1557 1120 1597 apri-

130 1612 180 1650 lis,
202 1622 284 1642 anno
299 1612 408 1643 tertio.
436 1627 448 1639 ι)

206 1748 301 1775 1869
703 1750 817 1779 Latran,
839 1752 867 1775 15
884 1750 953 1776 avril
976 1753 1048 1777 12:⁰27.

162 1840 392 1873 Archiepiscopo
408 1840 592 1866 Narbonensi
607 1843 710 1866 notum
726 1840 794 1866 facit
811 1848 841 1866 se
855 1840 1019 1874 amagistro
1036 1841 1122 1866 Petro

127 1887 499 1919 succentoreNarbonensi,
508 1888 612 1913 nuntio
622 1888 765 1921 ejusdem,
774 1895 919 1914 summam
928 1888 1120 1914 ducentarum

126 1934 271 1960 librarum
283 1935 499 1961 Turonensinm
514 1935 668 1968 recepisse.
688 1936 766 1961 «Res.
781 1936 951 1967 25,a.111,e.
964 1938 1023 1965 261,
1036 1935 1119 1968 nas.)

173 2042 187 2055 «
212 2053 232 2058 ..
249 2027 499 2070 archiepiscopo
516 2026 740 2059 Narbonensi.
764 2028 1017 2058 Fraternitatem
1030 2030 1117 2058 tuam

129 2084 231 2125 plenis
246 2085 469 2126 prosequimur
487 2084 668 2115 actionibus
686 2083 973 2125 gratiaru1n,quod
992 2094 1033 2114 ex
1053 2085 1119 2114 sin-

129 2150 205 2171 cere
219 2140 400 2172 dilectionis
417 2139 552 2179 affectu,
572 2151 664 2182 quem
688 2140 726 2171 ad
745 2151 802 2171 nos
812 2142 845 2171 et
867 2141 1043 2171 Romanam
1058 2151 1118 2181 ge-

129 2197 174 2227 ris
190 2196 382 2235 Ecclesiam,
402 2208 460 2228 nos
475 2201 507 2228 et
522 2197 701 2228 Ecclesiam
715 2197 818 2238 ipsam
832 2199 1025 2228 reverenter
1040 2197 1118 2228 visi-

130 2256 213 2289 tans,
244 2258 278 2283 ut
310 2253 445 2289 teneris,
473 2263 575 2294 nuper
614 2253 705 2284 nobis
737 2264 794 2294 per
828 2253 981 2284 dilectum
1018 2253 1116 2285 filium

130 2309 320 2349 magistrum
328 2309 459 2339 Petrum
468 2311 693 2341 succentorem
706 2309 962 2347 Narbonensem,
973 2311 1115 2341 nuntium

130 2368 230 2403 tuum,
254 2364 314 2396 CC.
329 2364 428 2395 libras
444 2365 677 2396 Turonensium
701 2366 926 2405 transmisisti,
949 2376 1041 2407 quam
1062 2377 1117 2408 pc-

129 2421 223 2452 cunie
239 2421 455 2461 quantitatem
473 2421 561 2452 nobis
581 2422 619 2452 ab
634 2432 671 2453 eo
693 2421 835 2453 fideliter
849 2423 1049 2463 assignatam
1072 2423 1118 2453 in-

129 2481 223 2519 tegre
245 2488 301 2508 nos
330 2478 458 2508 noveris
487 2479 663 2519 recepisse.
689 2479 803 2509 Datum
831 2479 996 2511 Laterani.
1022 2480 1117 2510 XVII

128 2534 192 2564 kal.
215 2534 300 2565 maii.
317 2544 399 2564 anno
417 2534 525 2565 tertio.
548 2548 561 2562 »

202 2674 300 2700 1870
702 2674 814 2705 Latran,
833 2677 863 2700 22
881 2674 951 2700 avril
972 2677 1045 2701 1257.

163 2761 307 2795 Episcopo
337 2759 688 2792 Ultrasilvanoconcedit,
713 2764 743 2787 ut
763 2762 797 2787 ad
819 2766 1010 2795 augmentum
1028 2762 1116 2789 divini

129 2808 234 2840 cultus,
254 2808 463 2834 [Jltrasnvanae
486 2806 628 2833 ecclesiae
650 2808 781 2834 redditus
801 2813 993 2843 augmentare
1014 2810 1116 2844 possit,

127 2856 315 2882 annectendo
329 2856 402 2882 duas
416 2854 542 2889 capellas
555 2855 598 2881 vel
618 2854 756 2882 ecclesias
771 2857 807 2882 ad
832 2856 926 2890 ipsum
942 2856 986 2883 vel
1003 2858 1117 2891 capitu—

128 2902 187 2929 lum
203 2903 334 2938 ejusdem
352 2903 494 2929 ecclesiae
515 2902 683 2929 immediate
701 2906 868 2936 spectantes
889 2904 1012 2937 singulis
1026 2905 1117 2939 ipsius

164 2998 183 3019 1.
197 2997 245 3020 MS.
264 3004 268 3019 2
285 2998 374 3020 tenere
390 2997 508 3027 primuni
533 2997 634 3020 locuni.

2094 311 2158 341 575

1172 374 1358 408 praebendiS,
1376 374 1415 400 ita
1435 374 1512 408 quod
1522 374 1556 400 de
1575 376 1765 408 proventibus
1788 376 2003 409 praedictarum
2021 377 2161 404 ecclesia-

1172 431 1237 448 rum
1254 431 1305 448 seu
1327 421 1505 456 capellarum
1531 422 1603 448 nihil
1631 423 1752 449 omnino
1776 424 1928 458 recipiant,
1959 425 2015 450 nisi
2045 425 2073 451 in
2098 426 2159 458 ipsa

1173 470 1297 496 ecelesia
1326 469 1499 495 residentes.
1519 470 1596 494 dim.
1628 472 1670 498 25,
1701 478 1724 495 a.
1752 471 1797 502 ΙΙΙ,
1826 479 1849 497 c.
1879 473 1938 500 262,
1963 472 1980 497 l'.
2006 474 2059 502 35;
2089 473 2159 498 Por-

1172 525 1258 542 Tffixsi·
1274 518 1379 542 los-26³

1220 622 1233 636 «
1260 634 1279 639 ..
1308 608 1458 652 episcopo
1492 609 1728 641 Ulmus-ilvam.
1759 612 1823 643 'l'ua
1850 614 1939 644 nobis
1968 614 2158 646 fraternitas

1172 665 1345 703 intimavit,
1362 666 1445 706 quod
1458 676 1514 707 pro
1530 677 1567 698 eo
1583 667 1775 707 frequenter
1786 669 2040 701 Ultrasilvanam
2052 672 2159 702 eccle-

1172 721 1251 751 siam
1271 721 1381 752 debito
1401 723 1629 753 canonicm'llm
1655 723 1808 764 obsequio
1829 725 2015 757 ‹lefrainlari
2033 728 2158 758 nontin-

1173 778 1231 819 git,
1251 778 1325 818 quia
1348 788 1385 808 ea
1405 779 1543 819 ipsorum
1566 784 1747 820 nequeunte
1769 782 2019 813 necessitatibus
2050 784 2158 824 provi-

1172 834 1260 873 dere,
1283 834 1379 865 iidem
1401 835 1439 865 ab
1460 836 1584 873 altaris,
1601 837 1639 867 de
1661 847 1721 876 quo
1742 847 1801 867 non
1820 845 1953 878 possunt
1975 840 2098 875 vivere,
2122 850 2156 871 se

1172 890 1365 922 subtrahunt
1392 891 1500 922 debita
1521 893 1677 924 servitute
1696 903 1701 926 2
1729 904 1825 934 super
1845 905 1904 934 quo
1922 895 2025 926 eidem
2054 897 2158 936 provi-

1169 947 1238 978 deri
1256 948 1397 979 ecclesie
1409 959 1466 988 μοι·
1486 949 1672 990 Apostolicc
1693 950 1785 980 Sedis
1807 951 2012 981 clementiam
2037 953 2156 993 suppli-

1170 1004 1252 1035 citer
1270 1004 1453 1045 postulasti.
1480 1006 1544 1036 Nos
1558 1006 1666 1046 itaque
1689 1007 1751 1037 tuis
1772 1007 1920 1047 precibus
1942 1008 2099 1045 inclinati,
2126 1011 2159 1039 ut

1170 1060 1209 1091 ad
1236 1066 1444 1101 augmentum
1464 1062 1562 1092 divini
1585 1063 1692 1093 cultus
1718 1063 1818 1104 ipsius
1845 1064 1986 1094 ecclesie
2013 1064 2158 1095 redditus

1171 1120 1383 1158 augmentare
1406 1118 1528 1152 valeas,
1551 1118 1630 1149 duas
1652 1120 1810 1150 ecclesias
1827 1130 1883 1150 seu
1903 1120 2044 1161 capellas
2065 1120 2101 1150 ad
2128 1125 2159 1150 te

1170 1173 1222 1204 vel
1237 1174 1410 1215 capitulum
1430 1175 1575 1216 ejusdem
1591 1176 1729 1206 ecclesi(¹
1746 1176 1933 1207 immediate
1956 1179 2158 1218 spectantes,

1171 1230 1308 1271 singulis
1333 1232 1431 1272 ipsius
1457 1232 1643 1272 prebendis,
1667 1233 1706 1263 ‹le
1732 1243 1892 1263 consensu
1922 1233 1999 1264 dicti
2026 1233 2161 1274 capituli

1171 1289 1326 1328 perpetuo
1347 1288 1591 1329 annelfftendo,
1620 1299 1743 1320 necnon
1770 1293 1802 1319 ct
1828 1290 2084 1321 contradictores
2106 1300 2164 1330 per

1171 1354 1340 1375 censuram
1355 1345 1624 1380 ecclesiasticam,
1637 1345 1853 1386 appellatirme
1864 1346 2056 1387 postposita,
2071 1356 2162 1377 coar-

1172 1403 1254 1435 tare,
1282 1401 1477 1432 auctoritate
1504 1401 1561 1432 tibi
1589 1403 1788 1443 presentium
1807 1393 1957 1433 duximus
1980 1403 2162 1433 conceden-

1172 1457 1263 1489 dum:
1286 1457 1330 1487 ita
1348 1458 1429 1497 quod
1458 1458 1496 1488 de
1523 1458 1731 1498 proventibus
1758 1459 1975 1499 predictarum
2002 1459 2160 1490 ecclesia-

1173 1524 1242 1544 rum
1269 1524 1324 1544 sen
1356 1514 1554 1555 capellarum
1577 1514 1675 1545 nichil
1701 1516 1828 1546 omnino
1851 1516 2020 1556 recipiant,
2045 1516 2104 1546 nisi
2131 1516 2162 1546 in

1172 1571 1243 1611 ipsa
1263 1570 1403 1601 ecclesia
1425 1570 1622 1608 residentes,
1640 1572 1767 1612 proviso
1792 1572 1874 1611 quod
1892 1572 2003 1603 eedem
2023 1572 2162 1603 ecclesie

1172 1628 1221 1658 vel
1237 1628 1360 1668 capelle
1381 1628 1499 1658 debitis
1523 1638 1583 1659 non
1605 1628 1798 1659 fraudentur
1814 1629 1990 1670 obsequiis,
2008 1629 2064 1660 sed
2085 1639 2162 1660 con-

1173 1694 1255 1725 grua
1270 1684 1423 1715 ministris
1445 1685 1616 1715 servituris
1634 1688 1788 1726 perpetuo
1809 1687 1838 1716 in
1860 1686 1994 1723 eisdem,
2013 1686 2052 1717 de
2074 1686 2164 1717 bonis

1172 1741 1327 1782 ipsarum,
1344 1742 1447 1782 portio
1469 1742 1668 1783 assignetur,
1687 1744 1716 1772 et
1731 1743 1909 1773 animarum
1926 1754 2002 1773 cura
2018 1743 2121 1780 ineis,
2138 1744 2163 1773 si

1175 1797 1284 1828 forsan
1318 1798 1396 1839 ipsis
1425 1799 1602 1836 immineat,
1636 1798 1819 1829 nullatenus
1852 1799 2050 1841 negligatur.
2080 1800 2164 1830 Nulli

1174 1856 1285 1885 nostre
1301 1855 1523 1886 concessionis
1547 1860 1610 1886 etc.
1634 1856 1750 1885 Datum
1771 1856 1933 1894 Laterani,
1957 1856 1985 1886 X
2006 1856 2162 1887 kalendas

1175 1911 1261 1946 maii,
1278 1921 1359 1941 anno
1381 1911 1489 1942 tertio.
1512 1925 1524 1939 υ

1247 2060 1335 2086 1871
1767 2061 1881 2092 Latran,
1898 2062 1913 2086 4
1927 2060 1998 2086 avril
2016 2062 2090 2087 1257.

1206 2148 1373 2183 Magistrum
1397 2149 1595 2177 Thornashnn.
1618 2152 1720 2175 natum
1742 2149 1847 2175 nobilis
1866 2150 1918 2175 viri
1936 2150 2061 2176 Mauritii
2087 2150 2161 2176 Glie—

1170 2195 1244 2221 roldi
1259 2196 1293 2221 dc
1322 2196 1454 2225 Ybernia,
1483 2198 1659 2223 canonicum
1683 2197 1905 2225 Dublinensem,
1923 2198 1952 2223 in
1973 2197 2159 2231 capellanum

1169 2251 1253 2269 suum
1271 2244 1407 2270 admittit.
1426 2245 1504 2277 (Rs...
1523 2246 1564 2272 25.
1582 2252 1606 2270 a.
1625 2245 1672 2272 ΙΙΙ,
1690 2254 1712 2270 r.
1733 2247 1791 2275 2653,
1808 2245 1826 2270 s.
1839 2247 1887 2277 :353
1903 2246 2042 2271 Po'r'rnAs'r
2056 2246 2160 2279 16813.)

1216 2362 1229 2373 11
1253 2347 1417 2390 Alaqist1·o
1447 2347 1632 2387 leomasz‘o,
1663 2355 1741 2380 nalo
1768 2349 1888 2381 nobilis
1914 2349 1977 2380 viri
2001 2350 2161 2381 Mam-icii

1172 2403 1331 2435 Glzeroldz'
1344 2403 1382 2436 de
1397 2403 1542 2443 Ibernia,
1566 2405 1728 2437 canonico
1747 2405 1957 2442 flaminem-i,
1980 2405 2156 2448 capellano

1171 2466 1294 2497 nostro,
1314 2460 1508 2492 Aurelianis
1530 2462 1764 2493 commoranti.
1791 2463 1916 2493 Meritis
1939 2466 1991 2494 tue
2014 2463 2158 2504 probita-

1170 2517 1212 2547 tis
1228 2535 1280 2547 ——.
1306 2517 1375 2548 Dat.
1400 2518 1566 2552 Laterani,
1590 2519 1617 2548 ΙΙ
1639 2529 1738 2549 nonas
1759 2519 1882 2560 apriliS,
1906 2529 1988 2549 anno
2012 2519 2120 2549 tertio.
2147 2532 2160 2546 »

1242 2653 1342 2680 1872
1707 2654 1994 2687 Latran,16janvier
2012 2656 2088 2681 1257.

1206 2758 1365 2784 Confirmat
1380 2758 1521 2792 quicquid
1539 2766 1590 2791 per
1607 2757 1778 2791 magistrum
1798 2757 1939 2783 Jacohuin
1959 2756 1993 2783 de
2012 2757 2161 2784 Mirabello

1171 2805 1346 2831 canonicum
1374 2805 1582 2831 Novariensem
1606 2804 1715 2830 sactum
1744 2807 1797 2835 est,
1824 2804 1901 2830 circa
1929 2804 2158 2838 reffl‘gnationem

1170 2852 1356 2886 quorundam
1383 2852 1606 2879 beneficiorum.
1624 2859 1697 2885 quae
1722 2852 1811 2886 Hugo.
1834 2852 1996 2878 canonicus
2016 2852 2159 2878 ecclcsiae

1171 2900 1357 2931 nrivatensiS,
1376 2903 1404 2926 et
1419 2899 1591 2926 Guillelmus
1614 2900 1649 2925 de
1673 2899 1751 2931 Cros,
1769 2899 1930 2925 canonicus
1955 2899 2096 2925 ecclesiae
2113 2900 2158 2925 Ni-

1170 2947 1340 2980 mociensis,
1356 2948 1383 2974 in
1407 2948 1516 2974 eisdem
1545 2946 1677 2973 ecclesiis
1701 2947 1886 2973 obtinebant.
1909 2948 1986 2973 (lino.
2004 2948 2047 2978 25,
2065 2955 2089 2972 a.
2110 2947 2158 2980 111,

1170 2995 1399 3028 e.264«‚f.35n
