2477 3512
693 527 1051 603 INCIPIT
1132 526 1618 602 REGESTUM

179 726 628 854 DOMINI
723 723 1453 850 ALEXANDRI
1547 723 1868 851 PAPE
1956 729 2135 852 IIII

567 977 1056 1033 PONTIFICATUS
1108 976 1213 1032 SUI
1265 976 1437 1032 ANNO
1487 977 1748 1040 QUARTO

174 1447 261 1473 2412
558 1447 696 1479 Viterbe,
708 1447 746 1474 23
758 1447 920 1474 decembre
933 1447 1018 1473 1257.

135 1496 234 1523 Priori
267 1496 295 1523 S.
338 1495 492 1522 Johannis
529 1496 561 1522 in
593 1495 701 1522 Monte
731 1495 938 1522 Bononiensis
970 1495 1102 1521 mandat

93 1536 272 1563 Alexander
296 1543 380 1569 papa
408 1535 450 1561 IV
476 1537 512 1561 ut
538 1535 752 1567 Guillelmum,
778 1537 930 1562 rectorem
955 1534 1102 1561 ecclesiae

94 1576 132 1602 de
158 1575 302 1607 saliceto,
327 1575 532 1601 Bononiensis
557 1575 699 1607 diocesis,
731 1575 763 1601 in
797 1575 925 1602 ecclesia
950 1574 1102 1601 paduana

92 1615 125 1642 in
143 1615 328 1642 canonicum
346 1614 442 1648 recipi
459 1615 549 1648 eique
568 1615 606 1641 de
624 1615 803 1648 praebenda
821 1615 927 1648 aliqua
945 1614 1102 1648 provideri

91 1655 198 1682 faciat.
222 1655 319 1688 (ΒΕΘ.
344 1654 392 1686 25,
415 1654 436 1681 f.
462 1654 528 1686 115,
552 1661 602 1681 an.
629 1654 681 1687 IV,
705 1662 730 1682 c.
755 1654 796 1688 1.)

133 1752 146 1767 ι
174 1763 203 1775 ..,
230 1740 330 1779 priori
358 1739 465 1770 Sancti
491 1739 650 1769 Johannis
678 1739 711 1769 in
738 1739 848 1769 Monte
880 1738 1100 1768 Bononiensis.

91 1793 142 1823 Ad
175 1793 391 1832 provisionem
422 1792 549 1822 illorum
581 1810 631 1821 —.
683 1792 759 1821 Dat.
793 1792 939 1825 viterbii,
973 1791 1004 1821 X
1036 1791 1100 1821 kal.

95 1846 244 1885 januarii,
274 1854 360 1875 anno
389 1847 515 1884 quarto.
540 1856 552 1872 »

171 2005 230 2031 241
238 2005 258 2031 3
558 2006 696 2038 Viterbe,
708 2005 745 2033 20
757 2005 920 2032 decembre
932 2005 1018 2033 1257.

133 2055 248 2082 Omnia
281 2061 300 2081 a
333 2054 513 2088 patriarcha
546 2054 812 2088 Jerosolymitano
842 2055 897 2088 qui
923 2054 1100 2088 Hugonem,

92 2094 381 2121 administratorem
406 2094 552 2121 ecclesiae
574 2094 790 2126 sebastiensis,
813 2094 967 2128 prioratui
988 2094 1025 2120 de
1049 2094 1102 2120 Vi-

92 2134 227 2168 gnareia‚
254 2134 486 2160 Lemovicensis
512 2134 653 2166 diocesis,
679 2134 711 2160 in
736 2134 871 2168 priorem
897 2134 1100 2167 praefecerat,

92 2174 178 2201 facta
195 2173 373 2201 confirmat.
392 2173 489 2206 (Bm.
508 2173 556 2205 25,
574 2174 595 2201 f.
616 2174 682 2205 115,
701 2180 751 2201 an.
773 2173 825 2205 IV,
843 2181 868 2200 c.
888 2174 929 2207 2.)

134 2262 145 2276 α
170 2250 312 2288 Huyoni,
341 2250 587 2280 administratori
613 2250 733 2279 ecclesie
760 2250 975 2283 Sebastiensis,
1003 2249 1102 2288 capel-

90 2302 162 2333 lano
184 2304 296 2332 nostro.
320 2302 442 2332 Meritis
464 2305 520 2332 tue
533 2303 714 2333 devotionis
737 2303 919 2332 inducimur
936 2305 984 2338 ut,
1004 2311 1103 2342 quam

92 2356 186 2395 digne
209 2364 389 2394 possumus,
412 2355 472 2385 tibi
494 2355 631 2385 libenter
661 2356 799 2394 gratiam
829 2355 995 2385 faciamus.
1021 2356 1103 2385 Sane

92 2408 207 2448 petitio
226 2411 284 2438 tua
308 2408 400 2438 nobis
423 2408 567 2438 exhibita
591 2409 780 2438 continebat
803 2410 889 2447 quod
912 2409 1102 2438 venerabilis

91 2459 191 2489 frater
213 2462 354 2494 noster..‚
378 2460 561 2498 patriarcha
585 2460 908 2498 Hierosolymitanus,
930 2460 1102 2489 attendens

92 2515 183 2551 grata
212 2513 393 2542 devotionis
421 2513 573 2552 obsequia
601 2522 663 2552 que
689 2513 749 2542 sibi
776 2515 809 2542 et
835 2513 963 2542 ecclesie
990 2513 1103 2542 Hiero-

92 2565 273 2595 solimitane
299 2568 332 2595 et
356 2566 509 2595 membris
533 2566 602 2604 ejus
627 2566 795 2604 oportunis
819 2566 1020 2604 temporibus
1044 2566 1103 2595 im-

92 2618 243 2657 pendisti,
262 2618 414 2657 quodque
432 2618 592 2657 prioratus
610 2619 649 2648 de
666 2619 846 2657 Vignareia,
865 2618 1102 2648 Lemovicensis

94 2671 237 2705 diocesis,
268 2680 324 2710 per
352 2673 408 2700 tue
438 2671 600 2709 diligentie
629 2672 773 2701 studium
803 2674 933 2710 poterat
968 2671 1103 2701 feliciter

92 2724 273 2763 gubernari,
299 2726 332 2753 te
366 2724 511 2763 predicto
535 2724 691 2762 prioratui
715 2726 794 2753 tunc
818 2724 949 2753 vacanti
975 2726 1007 2754 et
1032 2733 1101 2763 per-

92 2776 210 2806 tinenti
229 2777 270 2807 ad
291 2777 426 2807 eandem
447 2777 611 2806 ecclesiam
633 2777 726 2815 pleno
745 2778 826 2815 jure,
859 2777 971 2815 prioris
991 2780 1024 2806 et
1050 2786 1101 2807 ca-

93 2829 186 2867 pituli
202 2830 330 2859 ecclesie
346 2830 488 2868 predicte
503 2830 544 2859 ad
560 2830 591 2859 id
603 2830 775 2859 accedente
790 2839 956 2864 consensu,
967 2830 1100 2868 prefecit

93 2882 245 2912 canonice
293 2883 325 2912 in
382 2884 521 2922 priorem
574 2892 611 2913 ac
671 2883 897 2913 nichilominus
955 2884 1099 2913 omnium

92 2934 296 2964 ecclesiarum
315 2937 348 2965 et
366 2936 568 2974 prioratuum
588 2936 628 2965 ad
648 2936 783 2964 eandem
803 2935 967 2965 ecclesiam
987 2936 1099 2965 Hiero-

93 2987 321 3026 solymitanam
342 2989 560 3027 spectantium
581 2989 613 3018 in
635 2996 730 3026 regno
752 2989 895 3022 Francie‚
917 2989 976 3018 tibi
997 2989 1098 3018 admi-

1210 1444 1435 1474 nistrationem
1458 1445 1629 1478 commisit,
1654 1447 1750 1483 prout
1773 1445 1805 1473 in
1829 1444 1943 1473 litteris
1967 1445 2040 1474 inde
2064 1445 2219 1476 confectis

1209 1497 1333 1536 plenius
1367 1498 1485 1527 dicitur
1517 1497 1684 1527 contineri.
1718 1497 1784 1527 Nos
1817 1498 1929 1537 itaque
1961 1498 2026 1527 tuis
2059 1499 2220 1537 supplica-

1208 1550 1352 1584 tionibus
1374 1550 1519 1579 inclinati
1543 1551 1629 1589 quod
1653 1559 1748 1588 super
1771 1550 1831 1580 hoc
1853 1559 1872 1580 a
1896 1551 2090 1589 patriarcha,
2115 1551 2219 1589 priore

1209 1605 1243 1632 et
1255 1603 1397 1641 capitulo
1410 1603 1562 1641 predictis
1575 1603 1709 1641 provide
1721 1602 1845 1632 factum
1859 1605 1908 1632 est
1920 1605 2028 1632 ratum
2042 1605 2074 1632 et
2086 1603 2218 1633 firmum

1210 1655 1376 1690 habentes,
1411 1655 1443 1685 id
1478 1656 1674 1685 auctoritate
1708 1656 1885 1694 apostolica
1921 1655 2151 1685 confirmamus
2185 1658 2220 1686 et

1209 1709 1366 1747 presentis
1421 1708 1532 1747 scripti
1589 1708 1769 1747 patrocinio
1829 1709 2076 1738 communimus.
2130 1709 2217 1739 Nulli

1209 1764 1317 1791 nostre
1363 1760 1617 1791 confirmationis
1662 1763 1723 1790 ete.
1758 1761 1835 1791 Dat.
1870 1761 2016 1796 viterbii,
2059 1761 2108 1791 XI
2154 1762 2218 1791 kal.

1208 1814 1358 1853 Januarii,
1386 1823 1470 1844 anno
1498 1816 1624 1853 quarto.
1653 1825 1664 1840 n

1287 1987 1375 2013 2414
1696 1987 1834 2020 Viterbe,
1845 1987 1884 2015 30
1896 1988 2059 2015 decembre
2072 1988 2158 2016 1257.

1249 2036 1369 2063 Abbati
1409 2038 1440 2063 et
1482 2036 1652 2063 conventui
1694 2037 1876 2063 monasterii
1914 2036 1944 2064 S.
1980 2034 2219 2071 Wandregesili,

1211 2076 1475 2109 Rothomagensis
1501 2076 1642 2108 diocesis,
1668 2076 1801 2102 mandat
1826 2077 1862 2102 ut
1887 2077 2037 2110 magistro
2064 2077 2219 2104 Riccardo

1210 2116 1248 2142 de
1275 2116 1407 2147 Senatis,
1435 2116 1545 2142 clerico
1570 2115 1751 2149 Bajocensis
1778 2116 1920 2147 diocesis,
1947 2116 2076 2150 aliquod
2103 2116 2220 2143 benefi-

1209 2156 1294 2182 cium
1331 2155 1576 2182 ecclesiasticum
1613 2157 1793 2189 competens
1831 2156 1998 2189 assignent.
2026 2156 2122 2189 (ΒΕΘ.
2170 2156 2218 2189 25,

1209 2195 1230 2223 f.
1255 2195 1322 2227 115,
1344 2202 1393 2222 an.
1419 2194 1471 2227 IV,
1493 2202 1518 2222 c.
1540 2195 1582 2228 3).

1252 2296 1264 2312 u
1286 2307 1315 2319 ..‚
1349 2284 1453 2315 abbati
1486 2286 1512 2314 et
1545 2284 1706 2315 conventui
1734 2284 1914 2315 monasterii
1945 2285 2053 2315 Sancti
2083 2285 2220 2315 Vandre-

1210 2338 1309 2378 yesili,
1332 2338 1453 2368 ordinis
1484 2338 1591 2368 Sancti
1610 2337 1780 2373 Benedicti,
1803 2338 2058 2376 Rothomayensis
2078 2338 2219 2369 diocesis.

1211 2391 1415 2421 Constitutus
1446 2391 1478 2420 in
1510 2390 1670 2429 presentia
1702 2408 1751 2419 —-.
1784 2391 1860 2420 Dat.
1893 2391 2038 2424 Viterbii,
2075 2391 2123 2420 111
2154 2391 2218 2421 kal.

1210 2444 1359 2483 januarii,
1388 2452 1473 2473 anno
1502 2445 1628 2482 quarto.
1659 2455 1670 2470 »

1290 2604 1377 2630 2415
1670 2604 1807 2637 Viterbe,
1822 2604 1868 2630 ler
1879 2604 2041 2631 decembre
2054 2604 2138 2632 1257.

1252 2657 1378 2684 Matheo
1403 2657 1440 2683 de
1465 2657 1635 2689 Florencia,
1660 2658 1771 2684 rectori
1803 2657 1949 2684 ecclesiae
1981 2657 2018 2684 de
2050 2657 2217 2690 Dolentan,

1210 2696 1451 2723 Lichefeldensis
1478 2698 1510 2723 et
1538 2697 1778 2723 Conventrensis
1807 2697 1986 2728 diocesium,
2014 2697 2155 2730 indulget
2183 2699 2219 2724 ut

1210 2744 1272 2763 una
1292 2744 1363 2763 cum
1382 2737 1544 2770 praedicta
1562 2737 1700 2765 ecclesia,
1721 2737 1807 2763 aliud
1827 2737 2015 2763 beneficium
2034 2737 2168 2770 recipere
2187 2738 2218 2764 et

1209 2777 1342 2803 retinere
1361 2776 1475 2803 valeat.
1495 2776 1592 2809 (REG.
1613 2776 1660 2808 25,
1679 2776 1700 2803 f.
1723 2776 1777 2803 115
1796 2779 1842 2808 νο,
1862 2783 1911 2803 an.
1935 2776 1986 2807 IV,
2006 2783 2030 2803 c.
2051 2776 2081 2809 5)
2098 2776 2152 2810 (1).

1251 2873 1263 2889 «
1290 2862 1417 2891 Matheo
1445 2862 1481 2891 de
1508 2861 1681 2895 Florencia,
1710 2861 1816 2890 rectori
1844 2860 1964 2890 ecclesie
1991 2861 2027 2891 de
2054 2861 2217 2896 Dolentan,

1209 2914 1448 2953 Licheleldensis
1477 2916 1503 2943 et
1533 2914 1769 2944 Conventrensis
1798 2913 1976 2943 diocesium.
2007 2914 2122 2943 Merita
2151 2914 2219 2943 lau-

1244 2996 1268 3019 1.
1292 2996 1312 3019 ll
1331 2996 1378 3025 n’y
1398 3003 1412 3020 a
1431 3001 1480 3024 pas
1500 2996 1533 3019 de
1552 3002 1575 3019 c.
1595 2996 1619 3019 4.

2078 3157 2112 3182 95
