2477 3512
958 309 1188 348 TnoisOEME
1214 314 1359 351 ANNEE

151 386 385 418 Cenomanensi
417 386 567 426 episcopo
603 395 701 427 super
730 385 790 415 hoc
829 384 948 415 eisdem
983 385 1141 426 episcopis

150 444 382 473 conservatore
413 452 582 477 concesso,
612 442 664 482 qui
702 442 733 472 in
758 440 891 472 eundem
924 442 953 471 J.
988 441 1137 472 comitem

148 498 318 529 occasione
358 498 550 539 provisionis
596 500 627 528 et
671 497 912 528 constitutionis
956 497 1138 539 hujusmodi
1164 521 1165 524 ,

150 554 497 585 excommunicationis
518 553 712 592 sententiam
738 553 968 594 promulgavit.
997 553 1138 593 Cumque
1163 580 1165 587 ‚

150 610 353 652 postmodum
372 610 541 651 sepefatus
559 610 587 640 J.
612 619 734 647 comes,
756 609 841 650 apud
863 609 978 640 sedem
998 611 1137 651 Aposto-

150 666 243 697 licam
268 666 307 697 de
345 666 546 697 observanda
570 665 801 696 constitutione
822 665 970 706 predicta
1001 666 1136 706 prestito

148 723 345 764 juramento,
379 721 417 752 ab
454 721 564 752 eadem
601 722 778 760 sententia,
796 722 998 767 ‘auctoritate
1024 723 1135 753 nostra

2110 328 2171 358 671

1166 389 1167 426 Ι
1263 388 1363 415 2187
1773 393 1899 425 Viterbe,
1917 395 1931 420 8
1947 395 2107 421 aoot1257.

1225 479 1394 506 Abbatissae
1411 484 1438 506 et
1454 483 1611 507 conventui
1630 485 1798 510 {nonasterii
1811 486 1836 510 S.
1849 487 1950 511 Annae
1966 486 2001 511 de
2017 486 2178 512 Jerusalem

1163 539 1165 555 f
1190 526 1331 561 indulget,
1350 531 1380 553 ut
1394 529 1429 554 ad
1448 529 1649 562 receptionem
1670 530 1835 564 aliquarum
1853 533 2025 559 monialium
2042 542 2094 560 seu
2117 542 2180 568 pro-

1189 574 1332 601 visionem
1356 575 1522 610 aliquorum
1541 577 1570 602 in
1588 578 1781 611 pensionibus
1802 580 1844 605 vel
1864 581 2069 608 ecclesiasticis
2092 581 2179 608 bene—

1188 621 1262 648 ficiis
1277 631 1335 648 non
1350 626 1506 650 teneantur
1523 632 1574 658 per
1589 624 1701 651 litteras
1715 626 1796 652 Sedis
1813 629 1994 661 Apostolicae
2009 637 2177 663 expressam

1188 669 1223 695 de
1252 670 1366 696 indulto
1392 671 1561 704 hujusmodi
1583 673 1764 699 mentionem
1785 683 1841 700 non
1866 675 2016 703 facientes.
2034 678 2112 709 (Rue.
2132 679 2177 708 25,

1188 725 1213 742 a.
1234 718 1278 748 ui,
1292 726 1315 743 e.
1332 720 1391 749 3298,
1411 720 1427 744 f.
1446 720 1513 751 75v.)

150 778 323 810 obtinuerit
343 788 378 808 se
398 777 532 816 absolvi,
553 780 584 808 et
600 778 841 809 constitutionis
862 779 962 819 ipsius
981 779 1010 808 in
1026 779 1136 819 aliqui·
1160 819 1161 825 ἵ

151 835 206 866 bus
233 834 481 871 correctionem,
500 834 530 864 in
559 833 631 864 aliis
661 844 740 864 vero
769 834 1027 865 emendationem
1051 835 1134 865 etin

149 890 309 921 nonnullis
330 890 429 920 etiam
451 889 706 920 moderationem
728 901 786 931 per
807 893 949 921 nostram
974 890 1044 921 fieri
1061 901 1135 932 pro-

147 945 321 977 videntiam
343 945 528 986 postularit,
555 956 612 976 nos
633 946 754 977 dilecto
784 946 873 977 filio..
906 946 1013 977 abbati
1033 948 1134 978 Beate

146 1002 248 1033 Marie
264 1002 303 1032 de
325 1002 495 1039 Precibus,
510 1003 710 1033 Venetensis
729 1002 884 1038 diocesis,
907 1005 1027 1034 nostris
1047 1004 1135 1034 dedi-

145 1069 213 1089 mus
234 1058 355 1089 litteris
376 1059 406 1088 in
429 1058 601 1096 mandatis⁷
626 1060 658 1089 ut
688 1069 746 1089 vos
769 1070 811 1090 ex
835 1062 928 1100 parte
945 1062 1056 1090 nostra
1078 1070 1134 1101 pe-

119 1113 124 1115 ’
144 1115 321 1155 remptorie
338 1115 440 1145 citare
462 1125 519 1155 per
535 1125 569 1145 se
586 1115 637 1145 vel
658 1115 754 1145 alium
772 1119 976 1156 procuraret⁷
997 1119 1030 1147 ut
1050 1116 1134 1146 infra

145 1172 267 1202 eertum
300 1171 471 1202 terminum
504 1171 535 1201 in
558 1174 670 1202 nostra
691 1172 850 1202 curaretis
872 1173 1036 1213 presentia
1063 1183 1133 1203 cum

144 1227 325 1268 provisione
369 1230 402 1258 et
438 1228 670 1258 constitutione
710 1227 865 1268 predictis
901 1239 958 1269 per
992 1239 1049 1259 vos
1080 1229 1133 1259 vel

145 1283 223 1314 alios
254 1294 456 1324 comparere,
487 1287 631 1314 nostram
666 1294 764 1325 super
791 1285 853 1315 hiis
881 1285 1131 1322 correctionem,

144 1339 404 1370 emendationem
425 1344 457 1370 et
477 1340 743 1373 moderationem,
772 1342 867 1381 prout
894 1341 972 1371 ordo
999 1342 1133 1372 rationis

143 1396 306 1436 exigeret,
328 1396 502 1436 recepturi.
519 1396 564 1426 Ex
586 1396 678 1426 vobis
697 1397 798 1438 igitur
814 1397 1053 1428 venerabilibus
1070 1398 1133 1427 fra—

484 1452 693 1483 Macloviensi
729 1454 762 1484 et
792 1478 812 1483 ..

144 1452 245 1483 tribus
286 1452 406 1483 nostris
413 1477 419 1487 ,
428 1478 448 1483 ,,
853 1454 1045 1485 Trecorensi
1077 1465 1133 1495 pro

143 1510 234 1549 parte
255 1513 365 1539 vestra
386 1512 419 1539 et
443 1508 696 1539 nichilominus.
727 1509 927 1540 Nannetensi
955 1520 1012 1551 pro
1037 1521 1072 1541 se
1099 1513 1134 1542 et
1158 1545 1159 1551 ἵ

143 1565 282 1595 ecclesia
303 1575 361 1595 sua
379 1565 541 1606 episcopis
558 1575 594 1595 ac
613 1568 825 1606 procuratore
842 1566 941 1607 ipsius
959 1567 987 1597 ιΙ.
1005 1568 1132 1598 comitis

1233 833 1246 846 α
1273 845 1293 849 ..
1311 819 1475 851 abbatisse
1494 828 1523 851 el
1543 822 1722 853 conventui
1745 824 1941 854 monasterii
1961 828 1993 855 S.
2018 827 2113 857 Anne
2133 826 2172 857 de

1160 872 1161 881 ¹
1185 875 1381 914 Jerusalem,
1401 876 1530 908 ordinis
1548 878 1582 908 S.
1615 878 1797 911 Benedicti.
1828 881 2112 913 commoratilibus
2135 881 2169 913 in

1187 933 1307 963 Accam.
1339 934 1428 970 Cum,
1451 934 1533 964 sicut
1561 944 1601 965 ex
1634 938 1726 976 parte
1758 941 1868 967 vestra
1892 937 1952 967 fuit
1974 939 2169 979 propositum

1186 999 1293 1019 coram
1311 989 1411 1027 nobis,
1429 1000 1497 1027 vos,
1509 994 1640 1032 propter
1651 991 1903 1023 sarracenorum
1917 993 2076 1031 incursus5
2089 995 2173 1035 jam-

1159 1056 1160 1059 *
1186 1045 1302 1076 dudum
1324 1048 1480 1088 aproprio
1503 1048 1700 1079 monasterio
1717 1049 1900 1087 exulantes,
1914 1049 1997 1090 apud
2014 1050 2122 1081 Accon
2143 1051 2174 1081 in

1159 1117 1160 1132 ι
1185 1102 1256 1133 loco
1276 1103 1356 1133 satis
1377 1104 1447 1134 arto
1468 1105 1647 1139 moremini,
1671 1106 1871 1146 paupertatis
1892 1107 2019 1137 sarcina
2041 1116 2174 1147 pregra-

1185 1162 1272 1195 vate,
1286 1170 1342 1191 nos
1358 1160 1447 1191 vobis
1460 1172 1556 1203 snper
1566 1161 1625 1192 hoc
1640 1163 1776 1203 paterno
1787 1164 2022 1203 compatientes
2036 1163 2169 1202 affectu,

1159 1206 1160 1254 i
1186 1217 1382 1247 auctoritate
1398 1217 1487 1248 vobis
1508 1219 1708 1258 presentium
1722 1219 1939 1259 indulgemus,
1954 1222 1988 1250 ut
2001 1220 2040 1250 ad
2062 1230 2173 1261 recep-

1159 1263 1160 1270 *
1185 1275 1304 1305 tionem
1326 1275 1502 1315 aliquarum
1525 1276 1708 1306 monialium
1731 1287 1785 1307 seu
1808 1277 2024 1317 provisionem
2050 1278 2173 1319 aliquo-

1184 1341 1253 1360 rum
1272 1331 1301 1361 in
1336 1332 1543 1372 pensionibus
1576 1332 1625 1363 vel
1655 1332 1818 1363 beneficiis
1841 1333 2079 1365 ecclesiasticis
2110 1344 2170 1365 non

1185 1388 1360 1418 teneamini
1381 1398 1438 1429 por
1456 1389 1584 1419 litteras
1599 1389 1807 1429 apostolicas,
1830 1400 1889 1430 que
1911 1390 2037 1431 plenam
2058 1392 2090 1421 et
2112 1400 2169 1422 ex-

1158 1453 1159 1462 *
1184 1453 1330 1484 pressam
1352 1444 1391 1475 de
1411 1444 1470 1475 hac
1490 1444 1692 1485 indulgentia
1713 1455 1773 1476 non
1796 1446 1933 1477 fecerint
1962 1447 2169 1478 mentionem.

1158 1500 1159 1535 l
1185 1499 1270 1530 Nulli
1292 1500 1385 1541 [etei
1413 1502 1524 1531 nostre
1545 1502 1763 1532 concessionis
1782 1504 1845 1533 etc.
1880 1503 1994 1533 Datum
2018 1503 2169 1536 Viterbii,

1158 1560 1159 1583 i
1185 1557 1229 1587 Vl
1252 1556 1321 1587 idus
1342 1558 1483 1597 augusti⁷
1499 1568 1580 1588 :inno
1596 1559 1704 1589 tertio.
1726 1572 1739 1585 υ

142 1620 404 1662 comparentibus
423 1624 556 1662 propter
571 1621 630 1652 hoc
658 1622 689 1651 in
714 1624 837 1652 statuto
863 1623 1001 1653 termino
1024 1633 1131 1654 coram

142 1677 244 1715 nobis,
265 1680 296 1707 et
318 1677 403 1708 dicto
426 1680 637 1718 procuratore
656 1679 906 1714 correctionem,
930 1680 1131 1711 emendatio-

142 1743 214 1764 nem
236 1736 268 1764 et
294 1733 548 1764 moderationem
577 1734 760 1775 hujusmodi
781 1734 851 1766 fieri
878 1746 948 1766 cum
976 1736 1131 1767 instantia

100 1818 103 1821 .
139 1790 336 1831 postulante,
371 1800 428 1821 nos
454 1791 669 1830 provisionem
698 1795 730 1821 et
764 1791 1029 1823 constitutionem
1058 1803 1132 1834 pre-
1157 1796 1158 1818 ἶ

139 1846 243 1877 dictas
274 1846 475 1887 inspeximus
511 1852 544 1877 et
578 1847 834 1878 examinavimus
881 1847 1054 1889 diligenter

139 1902 257 1933 auditis
279 1913 316 1933 ac
336 1903 529 1941 intellectis,
542 1914 603 1944 que
624 1904 755 1934 fuerunt
773 1905 934 1936 hincinde
951 1906 1129 1947 proposita,
1156 1911 1157 1919 ¹

1100 1852 1158 1880 et*

1255 1693 1356 1720 2188
1668 1695 1790 1727 viterbe,
1806 1697 1821 1720 2
1837 1696 2004 1729 septembre
2025 1698 2097 1722 1257.

1219 1783 1354 1816 Magistro
1373 1783 1484 1815 Hugoni
1503 1783 1538 1809 de
1550 1784 1737 1813 Mortuomari
1752 1784 1894 1818 indulget,
1909 1787 1941 1810 ut
1953 1787 2068 1818 praeter
2084 1785 2173 1812 eccle-

1157 1843 1158 1846 =
1184 1831 1258 1855 siam
1272 1831 1306 1856 de
1324 1830 1454 1862 Biseleia,
1473 1830 1684 1865 wigorniensis
1700 1832 1853 1865 dioecesis,
1871 1832 2025 1859 ecclesiam
2040 1833 2074 1859 de
2092 1834 2174 1859 Vete-

1157 1901 1158 1904 ,
1184 1878 1206 1903 ri
1230 1878 1416 1908 Radenowra.
1443 1879 1666 1905 Heresordensis
1691 1879 1846 1906 dioecesis.
1870 1888 1957 1913 quani
1981 1880 2067 1906 habet
2092 1889 2173 1906 com-

1156 1926 1158 1963 }
1183 1926 1363 1957 mendatam,
1377 1927 1507 1960 recipere
1525 1927 1627 1953 valeat.
1644 1927 1721 1960 (nm.
1740 1929 1783 1958 25,
1802 1935 1827 1953 a.
1846 1928 1893 1959 ΙΙΙ,
1911 1936 1934 1953 c.
1953 1929 2015 1959 599,
2033 1928 2052 1953 s.
2070 1928 2124 1961 76.)

141 1960 214 1999 quia
232 1960 331 1990 nichil
366 1960 397 1990 in
425 1960 473 1990 eis
503 1961 717 2002 repperimus,
741 1961 823 2001 quod
853 1962 1028 2002 equitatem
1069 1973 1130 1993 non
1156 2003 1157 2006 Ἰ

139 2018 274 2057 saperet
285 2019 318 2046 et
334 2016 464 2057 justitie
486 2016 713 2048 rectitudinem
739 2027 798 2048 non
821 2018 969 2057 haberet,
998 2019 1027 2049 in
1052 2020 1131 2060 ipsis

140 2072 247 2103 habito
264 2073 400 2103 fratrum
423 2077 604 2104 nostrorum
619 2073 766 2112 consilio,
784 2074 884 2105 nichil
897 2075 1129 2106 immutandum

139 2128 287 2159 duximus
310 2129 359 2159 vel
372 2130 471 2159 etiam
484 2130 714 2160 innovandum.
735 2130 894 2162 Nolumus
910 2134 1032 2171 autem,
1048 2132 1130 2173 quod

138 2194 197 2225 per
224 2184 285 2215 hoc
320 2184 411 2215 vobis
448 2185 544 2216 detur
572 2186 708 2216 materia
741 2189 952 2218 memoratum
978 2188 1129 2219 comitem

138 2242 253 2270 contra
266 2240 451 2272 eorumdem
472 2242 664 2282 provisionis
682 2244 715 2273 et
734 2243 976 2275 constitutionis
993 2244 1128 2275 formam

138 2298 194 2326 aut
208 2296 374 2337 predictas
395 2298 646 2329 consuetudines
664 2299 810 2330 indebite
832 2300 1038 2338 molestandi,
1055 2302 1129 2341 quia

144 2352 169 2382 si
191 2362 286 2383 secus
307 2354 571 2394 presumpseritis
593 2356 874 2396 agere‚faciemus
889 2356 992 2387 eidem
1020 2358 1128 2388 comiti

138 2419 175 2438 ac
207 2409 358 2450 episcopo
391 2408 637 2443 Cenomanensi.
673 2422 742 2442 cum
779 2412 817 2442 ad
851 2422 908 2443 nos
938 2423 1035 2454 super
1067 2414 1127 2444 hoc

139 2465 237 2506 ipsius
260 2466 394 2505 querela
419 2468 617 2507 pervenerit,
654 2468 799 2499 exhiberi
830 2469 961 2510 justitie
989 2471 1127 2512 complc-

139 2523 291 2552 mentum.
319 2522 430 2552 Datum
458 2523 603 2557 Viterbii,
629 2524 703 2555 Xlll
732 2525 889 2555 kalendas
917 2527 1124 2567 septembris,

138 2588 219 2607 anno
242 2578 350 2608 tertio.
368 2592 380 2604 ι»

207 2675 309 2702 2186
633 2677 783 2707 νιῑθιῶεμί
794 2679 960 2712 septembre
979 2682 1053 2705 1257.

172 2768 315 2802 Episcopo
349 2769 562 2794 Cenonianensi
603 2769 734 2795 mandat.
766 2772 911 2803 quatenus
939 2770 1124 2803 supradictas

138 2815 331 2848 provisionem
362 2818 390 2842 et
417 2815 658 2841 constitutionem
688 2824 740 2850 per
763 2819 851 2842 totam
883 2817 1062 2843 Britanniam
1089 2817 1123 2843 ab

138 2862 276 2889 omnibus
296 2863 444 2889 observari
460 2863 558 2889 saciat.
578 2863 656 2893 (Rem.
675 2865 717 2893 25
735 2872 760 2889 a.
779 2865 825 2895 ΙΙΙ,
844 2873 867 2890 c.
885 2865 934 2890 597
945 2864 965 2895 ²,
979 2866 997 2890 s.
1016 2867 1081 2890 7332

183 2971 195 2983 «ι
213 2956 398 2999 ..episcopo
412 2956 669 2988 Cenomanemi.
685 2956 806 2987 Dudum
819 2957 904 2987 inter
913 2957 994 2987 bone
1006 2967 1123 2987 inemo-

139 3013 184 3044 rie
195 3031 246 3044 ——-.
262 3013 332 3043 Dat.
347 3013 498 3051 viterbii,
517 3013 542 3043 ll
556 3023 657 3044 nonas
668 3013 968 3054 septembris‚anno
980 3013 1088 3044 tertio.
1108 3026 1120 3039 n

1156 2029 1157 2041 ι
1229 2033 1241 2045 «
1269 2019 1433 2061 illaqz'stro
1449 2019 1587 2061 Hchoni
1605 2019 1646 2050 cle
1664 2019 1890 2051 Mortuomari
1917 2019 2039 2051 rectori
2067 2020 2167 2052 eccle-

1182 2075 1229 2106 sie
1258 2074 1298 2106 (le
1325 2074 1497 2118 Byselegsa,
1534 2075 1781 2118 lViqorniensis
1805 2075 1954 2107 diocesis.
1981 2077 2167 2118 Apostolice

1156 2125 1157 2129 ¹
1183 2132 1276 2162 Sedis
1297 2132 1479 2173 benignitas
1499 2151 1549 2163 —.
1570 2133 1641 2163 Dat.
1656 2133 1806 2166 Viterbii.
1826 2134 1883 2163 llll
1906 2143 2006 2164 nonas
2025 2135 2166 2174 septem-

1183 2188 1258 2226 bris,
1276 2199 1357 2219 anno
1380 2189 1487 2220 tertio.
1511 2203 1524 2215 υ

1252 2340 1352 2367 2189
1744 2339 1869 2366 Viterbe,
1888 2340 1918 2364 13
1935 2339 2095 2364 aosit1257.

1216 2429 1305 2455 Priori
1325 2432 1351 2455 et
1373 2429 1530 2455 conventui
1555 2428 1739 2455 Lewensibus
1763 2427 1906 2462 indulget,
1923 2430 1964 2459 ut,
1980 2427 2102 2453 cedente
2123 2427 2164 2452 vel

1178 2477 1340 2503 decedente
1363 2476 1506 2503 Willelmo
1525 2479 1638 2502 rectore
1655 2475 1795 2502 ecclesiae
1812 2475 1847 2501 de
1870 2474 1971 2507 Alisas,
1990 2475 2018 2500 in
2038 2482 2095 2508 qua
2117 2473 2166 2507 jus

1178 2525 1312 2550 obtinent
1329 2527 1513 2558 patronatus,
1533 2523 1687 2550 ecclesiam
1704 2523 1796 2557 ipsam
1815 2523 1842 2548 in
1859 2522 1993 2556 proprios
2010 2529 2081 2548 usus
2098 2521 2164 2547 reti-

1179 2580 1247 2598 nere
1259 2572 1383 2598 valeant.
1401 2572 1480 2603 (Risu.
1498 2574 1540 2601 25,
1558 2580 1583 2597 a.
1600 2572 1646 2600 ΙΙΙ,
1662 2580 1686 2597 c.
1704 2573 1755 2597 600
1769 2571 1787 2599 ¹,
1803 2570 1821 2595 f.
1839 2570 1893 2596 76st

1222 2688 1233 2700 ι·
1264 2699 1282 2704 ..
1304 2672 1413 2715 priori
1430 2679 1461 2704 et
1479 2671 1659 2704 conventui
1684 2670 1906 2707 Lewensz‘bus,
1933 2669 2162 2702 Clzmiczcensis

1176 2728 1317 2768 ordinis,
1355 2728 1568 2761 (liceis-trensz‘s
1591 2727 1744 2759 diocesis.
1776 2728 1852 2760 Cum
1880 2727 2020 2758 ecclesia
2050 2729 2160 2757 vestra

1176 2786 1398 2827 hospitalitate
1424 2786 1599 2827 conspicua
1631 2787 1663 2816 et
1699 2785 1730 2815 in
1761 2795 1798 2815 ea
1830 2784 2019 2825 specialiter
2048 2782 2159 2823 vigeat

1175 2843 1382 2874 observantia
1404 2842 1574 2884 regularis,
1599 2841 1730 2883 dignum
1757 2840 1954 2871 arbitramur
1972 2842 2003 2870 et
2021 2839 2156 2876 decens,

1176 2903 1205 2930 ut
1239 2900 1339 2940 ipsam
1377 2898 1467 2929 donis
1505 2897 1700 2929 extollamus
1737 2897 1924 2938 specialium
1963 2897 2157 2937 gratiarum.

1175 2956 1256 2986 Hinc
1275 2959 1323 2987 est
1359 2955 1441 2996 quod
1462 2966 1531 2990 nos,
1554 2954 1673 2985 vestris
1691 2952 1979 2995 supplicationibus
1999 2952 2156 2989 inclinati⁷

1175 3012 1370 3053 presentium
1390 3011 1479 3042 vobis
1503 3014 1616 3041 tenore
1637 3010 1857 3047 concedimus,
1881 3011 1926 3047 ut,
1945 3008 2083 3040 cedente
2105 3010 2159 3039 aut
