2477 3512
185 286 225 319 18
884 282 1152 315 REGISTRES
1179 281 1531 315 D’ALEXANDRE
1560 282 1608 314 IV

183 402 297 433 «dicti
331 401 463 433 domini
497 401 667 443 Stephani
700 400 899 437 cardinalis,
933 401 1053 442 scripsi
1079 404 1113 432 et
1142 411 1186 442 pu

186 454 352 486 «blicavi.
386 467 397 482 »

229 521 241 535 «
273 508 430 548 Cumque
464 507 692 548 postmodum
728 516 806 547 pars
839 506 1013 537 dictorum
1047 506 1189 537 abbatis

182 563 242 591 «ct
278 563 475 591 conventus
507 559 782 590 Molismcnsiuni
816 559 989 599 quosdam
1023 558 1189 590 articulos

185 613 369 653 «ejusdem
413 612 586 643 sententie
630 622 717 653 quos
760 611 886 642 dubios
927 614 959 642 ct
1005 611 1189 651 ambiguos

183 676 282 697 «esse
323 666 473 701 dicebat,
514 667 647 706 pctcrct
688 674 748 705 pei·
782 664 906 695 Sedein
947 663 1188 705 i-Xpostolicam

184 718 391 754 «declarari,
434 720 465 748 ct
511 727 571 759 pro
614 720 713 758 parte
754 717 909 758 ipsarum
952 716 1112 758 priorisse
1153 718 1189 747 et

183 774 407 802 «conventus
445 770 679 801 Andcciarum
718 773 841 801 contra
881 770 1012 801 dictam
1050 771 1190 800 senten-

184 824 298 855 «uam
336 823 546 854 beneficium
584 823 820 854 restitutionis
856 823 888 853 in
927 822 1114 862 integrum,
1153 824 1189 852 et

183 877 334 908 «eadem
377 876 504 907 irritari
546 876 721 907 sententia
765 878 969 917 peterentur
1010 875 1032 911 ¹,
1091 884 1190 906 sanc-

182 930 366 961 «tissimus
397 931 498 971 pater
527 928 690 960 (lominus
719 928 929 964 Alexander,
962 928 1081 959 divina
1111 937 1190 968 pro-

182 983 368 1014 «videntia
396 992 487 1023 papa
515 984 675 1022 quartus,
703 981 804 1012 nobis
831 982 870 1012 ().
897 981 1017 1012 Sancti
1044 980 1190 1011 Adriani

182 1035 360 1067 «diacono
390 1034 570 1071 cardinali,
602 1034 800 1075 predictum
835 1034 1014 1073 negotium
1045 1033 1190 1064 audien-

183 1089 296 1120 «dum
331 1091 365 1119 et
400 1087 711 1118 determinandum
745 1087 932 1122 commisit,
972 1089 1006 1118 ct
1041 1096 1120 1117 cum
1156 1086 1189 1116 in

182 1141 286 1183 «ipso
323 1140 473 1181 negotio,
513 1139 673 1181 partibus
709 1140 742 1170 in
781 1143 899 1170 nostra
937 1139 976 1170 (⁷).
1016 1138 1189 1180 presentia

183 1193 424 1229 «constitutis,
453 1192 658 1234 aliquandiu
687 1192 811 1223 fuisset
840 1192 917 1223 liinc
948 1192 1027 1223 inde
1054 1201 1190 1233 proces-

183 1257 300 1283 «suni,
349 1246 491 1277 tandein
538 1245 638 1276 nobis
684 1244 922 1276 cardinalibus
979 1244 1192 1286 supradietis

183 1313 195 1328 «
212 1302 330 1341 partes
343 1299 387 1330 ad
402 1297 624 1329 concordiam
641 1297 902 1334 inducentibus,
917 1297 1043 1329 fratres
1056 1297 1192 1328 Johan-

183 1363 281 1389 «nes,
306 1351 571 1383 elemosinarius
593 1354 628 1382 et
656 1350 845 1387 lzobertus,
869 1351 1016 1382 sacrista
1042 1350 1191 1392 predicti

183 1404 415 1437 «monasterii
456 1403 700 1440 Molismensis,
740 1404 932 1435 eorundem
972 1403 1114 1435 abbatis
1156 1406 1191 1434 et

183 1460 407 1490 «conventus
436 1456 714 1488 lilolismensiuxn
744 1459 990 1498 procuratores
1019 1456 1192 1488 babentes

183 1524 195 1540 «
211 1511 254 1543 ad
288 1510 585 1542 committendum
619 1520 653 1540 se
686 1509 901 1540 ordinationi
935 1509 1068 1540 domini
1102 1518 1192 1550 pape

184 1564 266 1595 «vel
302 1563 544 1604 cujuscunque
580 1562 639 1603 qui
674 1562 828 1603 placeret
864 1563 1008 1593 domino
1043 1571 1132 1603 pape
1172 1571 1191 1592 a

184 1616 316 1648 «dietis
348 1616 478 1647 abbate
509 1618 544 1647 et
575 1618 753 1646 conventu
785 1615 935 1656 speciale
968 1615 1190 1650 mandatum,

185 1672 247 1701 «et
268 1669 434 1709 magister
454 1668 580 1705 Guido,
602 1668 746 1699 clericus
769 1668 962 1704 Hemensis,
985 1670 1193 1709 procurator

185 1722 388 1753 «dictarum
422 1721 581 1762 priorisse
613 1724 659 1752 et.
680 1724 889 1757 conventus,
924 1721 1057 1752 habens
1088 1729 1193 1762 super

186 1775 278 1806 «hoe
312 1774 499 1816 specialem
534 1784 595 1815 per
628 1774 764 1805 litteras
798 1774 1010 1815 apostolicas
1044 1773 1194 1805 t'aeulta-

186 1830 297 1863 «tem,
331 1827 471 1858 nomine
503 1827 741 1868 predictorum
774 1827 928 1863 abbatis,
963 1826 1121 1868 priorisse
1157 1828 1194 1857 et

186 1882 454 1911 «conventuum
484 1889 523 1911 ae
553 1879 848 1910 monasteriorum
878 1879 912 1910 in
943 1890 1005 1910 nos
1034 1889 1194 1920 compro-

186 1933 355 1964 «mittere
385 1942 423 1963 ac
453 1942 487 1963 se
523 1935 639 1963 nostre
669 1932 878 1963 submittere
907 1935 942 1963 et
971 1932 1194 1963 committere

187 1985 441 2022 «ordinationi,
463 1985 653 2021 voluntati,
676 1985 908 2027 dispositioni,
931 1988 1080 2021 statuto,
1102 1985 1194 2016 arbi-

186 2039 292 2075 «trio,
311 2038 528 2074 diffinitioni,
548 2038 728 2074 mandato,
749 2038 889 2069 decreto
906 2041 939 2069 et
959 2038 1192 2079 providentie,

187 2094 429 2123 «curaverunt
453 2094 558 2132 prout
582 2091 615 2121 in
641 2091 878 2122 instrumento
903 2091 1042 2132 publico
1066 2091 1193 2122 exinde

187 2144 375 2174 «confecto
406 2146 437 2174 et
472 2143 599 2174 nostris
630 2144 767 2174 munito
797 2144 917 2184 sigillis
948 2144 1083 2185 plenius
1113 2154 1194 2174 con-

189 2209 200 2224 «
219 2196 361 2233 tinetur,
388 2197 489 2237 cujus
514 2199 614 2227 tenor
639 2196 718 2227 talis
743 2199 796 2227 est
823 2207 829 2227 2

235 2263 247 2277 «
281 2250 318 2280 In
348 2249 488 2280 nomine
519 2249 661 2280 Domini
691 2259 805 2280 amen.
838 2249 1007 2281 Noverint
1040 2249 1194 2280 universi

190 2304 396 2343 «presentes
420 2302 555 2333 litteras
577 2302 767 2343 inspecturi
791 2303 884 2344 quod
911 2302 1037 2334 fratres
1059 2302 1195 2333 Johan-

189 2364 287 2391 «nes,
311 2354 585 2391 elemosinarius,
609 2357 645 2386 et
668 2355 857 2391 Robertus,
885 2355 1030 2386 sacrista
1055 2364 1194 2386 monas-

191 2420 203 2435 «
220 2407 296 2438 terii
322 2407 564 2444 MolismensiS,
591 2407 722 2439 ordinis
748 2408 867 2439 Sancti
892 2408 1085 2443 Benedicti,
1114 2408 1194 2439 Lin-

192 2460 381 2500 «gonensis
412 2460 567 2495 diocesis,
602 2464 845 2501 procuratores
876 2460 1017 2491 abbatis
1047 2463 1078 2491 et
1113 2471 1194 2492 con-

191 2515 347 2543 «ventus
379 2512 536 2553 ejusdem
570 2513 783 2549 monasterii,
821 2513 886 2544 snb
918 2513 1037 2553 sigillis
1068 2523 1193 2544 eorun-

191 2577 203 2593 «
219 2565 298 2596 dem
327 2565 467 2596 abbatis
495 2568 528 2596 et
557 2568 753 2596 conventus
783 2566 992 2597 mandatum
1023 2566 1194 2597 habentes

193 2618 254 2649 «in
285 2618 345 2649 hee
376 2618 483 2649 verba
515 2629 521 2648 ε

818 2727 1001 2761 Septembre
1025 2727 1112 2754 1258.

237 2792 248 2807 «
267 2779 496 2811 Sanctissimo
513 2780 547 2811 in
564 2780 701 2811 Christo
718 2780 809 2821 patri
826 2791 865 2812 ae
882 2781 1024 2812 domino
1041 2781 1193 2812 Alexan-

194 2833 294 2869 «dro,
323 2832 387 2864 Dei
414 2833 526 2873 gratia
554 2842 692 2864 summo
720 2833 890 2874 pontifici,
918 2834 1027 2865 frater
1054 2834 1193 2865 Guillel-

195 2895 310 2921 «mus,
337 2885 481 2916 humilis
507 2885 618 2916 abbas
643 2888 810 2927 totusque
836 2889 1032 2917 conventus
1058 2896 1194 2918 monas-

228 3002 248 3022 1.
266 3002 327 3028 Reg.
343 3009 348 3023 :
363 3003 506 3029 pateremur.

1302 392 1407 423 «terii
1435 392 1678 428 Molismensis‚
1706 392 1838 424 ordinis
1864 392 1984 423 Sancti
2008 392 2202 429 Benedicti,
2229 392 2309 424 Lin-

1302 445 1493 484 «goncnsis
1538 444 1694 481 diocesis,
1741 445 1970 476 devotissima
2017 445 2146 487 pedum
2191 445 2309 477 oscula

1302 510 1314 525 «
1331 498 1528 530 beatorum.
1550 497 1741 529 Sanctitati
1762 500 1878 529 vestre
1898 499 2023 529 notum
2044 497 2194 529 facimus
2213 498 2308 540 quod

1302 560 1393 581 «nos
1422 550 1569 582 dilectos
1598 553 1736 582 nostros
1766 550 1910 582 fratrem
1940 550 2153 587 Johannem,
2183 550 2311 582 elemo-

1302 603 1500 635 «sinarium
1531 606 1564 634 et
1599 604 1744 635 tratrem
1778 603 1987 640 Robertum,
2020 603 2204 635 sacristam
2238 613 2309 635 mo-

1302 656 1475 688 «nasterii
1505 656 1626 692 nostri,
1658 666 1746 698 quos
1775 656 1818 687 ad
1851 656 2051 688 Romanam
2080 656 2213 688 curiam
2247 666 2310 698 pro

1302 709 1480 750 «negotiis
1516 709 1644 740 nostris
1680 709 1948 746 destinavimus,
1985 709 2201 741 exhibitores
2236 718 2311 751 pre-

1303 775 1315 790 t<
1330 762 1483 793 sentium
1508 762 1561 793 vel
1585 762 1735 793 alterum
1761 762 1953 793 eorundem
1978 762 2192 803 presentium
2215 762 2313 794 exhi·

1302 815 1493 851 «bitorem,
1533 818 1778 856 procuratores
1815 817 1954 846 nostros
1989 815 2241 847 constituimus
2276 816 2310 848 in

1302 880 1316 897 «
1331 868 1425 899 curia
1451 868 1660 900 Sanctitatis
1683 870 1799 899 vestre
1822 868 1856 899 in
1880 867 2045 899 omuibus
2068 868 2182 900 causis
2204 869 2312 901 motis

1302 924 1365 952 «et
1398 921 1582 952 movendis
1613 931 1632 952 a
1665 921 1765 952 nobis
1796 924 1920 952 contra
1952 931 2105 953 sororem
2139 921 2314 963 Margare-

1303 976 1406 1005 «tam
1433 974 1475 1005 de
1502 974 1675 1005 Cliacenai
1702 984 1769 1016 que
1796 974 1881 1005 dicit
1907 984 1942 1005 se
1970 974 2169 1015 priorissam
2196 975 2314 1007 Ande-

1303 1026 1476 1063 «ciarum,
1502 1029 1538 1058 et
1563 1030 1781 1059 conventum
1807 1027 1871 1058 loci
1897 1027 2055 1068 ejusdem
2081 1027 2134 1059 vel
2161 1027 2206 1059 ab
2236 1028 2312 1070 ipsa

1303 1082 1366 1111 «et
1388 1082 1567 1111 conventu
1592 1079 1678 1111 dicti
1700 1079 1764 1111 loci
1787 1083 1910 1111 contra
1935 1090 2009 1116 nos,
2033 1080 2159 1112 dantes
2180 1080 2312 1113 eisdem

1303 1144 1316 1161 κ
1332 1132 1501 1164 [ratribus
1522 1132 1682 1174 superius
1705 1133 1897 1164 nominatis
1920 1132 1973 1164 vel
1997 1133 2098 1164 alteri
2119 1133 2312 1165 eorundem

1304 1184 1518 1226 «specialem
1550 1188 1765 1227 potestatem
1797 1186 1934 1225 agendi,
1967 1186 2189 1222 defendendi,
2220 1186 2313 1218 exci-

1304 1251 1316 1266 «
1334 1238 1464 1280 piendi,
1486 1238 1652 1280 ponendi,
1672 1238 1814 1279 jurandi
1835 1238 1867 1269 in
1889 1238 2025 1270 animas
2046 1242 2183 1270 nostras
2203 1239 2314 1281 quali-

1304 1294 1538 1333 «tercumque
1570 1294 1603 1322 et
1636 1291 1933 1333 quandocumque
1964 1302 2052 1333 opus
2083 1291 2198 1328 suerit,
2230 1291 2312 1324 alle-

1305 1345 1449 1385 ‹xgandh
1481 1344 1700 1386 proponendi
1729 1344 1887 1379 crimina,
1918 1344 2132 1386 appellandi.
2165 1345 2310 1386 petendi

1305 1411 1317 1426 n
1334 1397 1543 1429 beneficium
1589 1397 1824 1429 restitutionis
1869 1397 1902 1428 in
1948 1397 2125 1438 integrum
2171 1398 2312 1430 nomine

1305 1453 1453 1482 «nostro
1478 1453 1512 1482 et
1538 1450 1679 1482 ecclesie
1705 1453 1834 1487 nostre,
1861 1450 2108 1482 committendi
2134 1460 2197 1482 nos
2221 1451 2313 1482 ordi-

1304 1503 1469 1535 «nationi
1511 1506 1546 1534 et
1590 1503 1769 1535 voluntati
1812 1506 1928 1535 vestre
1971 1503 2025 1535 vel
2069 1503 2312 1546 cujuscunque

1305 1556 1434 1587 «vobis
1458 1556 1626 1598 placuerit
1653 1566 1757 1598 super
1781 1556 1944 1587 omnibus
1967 1556 2082 1587 causis
2104 1559 2140 1588 et
2163 1556 2312 1598 querelis

1305 1619 1400 1651 «que
1430 1612 1619 1640 vertuntur
1649 1609 1739 1640 inter
1768 1620 1830 1640 nos
1859 1619 1900 1640 ex
1932 1619 1999 1640 una
2032 1612 2141 1651 parte,
2171 1612 2207 1641 et
2236 1619 2312 1651 pre-

1305 1663 1448 1693 «dictas
1479 1662 1647 1694 moniales
1677 1662 1912 1693 Andeciarum
1944 1673 1986 1694 ex
2017 1662 2138 1699 altera,
2170 1665 2205 1694 et
2235 1673 2314 1704 pro-

1306 1715 1434 1757 «cipue
1477 1725 1581 1756 super
1624 1715 1861 1746 declaratione
1903 1715 2078 1747 sententie
2121 1715 2313 1748 diffinitive

1306 1768 1415 1799 «olim
1439 1768 1508 1799 late
1532 1778 1592 1809 per
1616 1768 1705 1799 bone
1730 1768 1896 1799 memorie
1920 1768 2151 1800 reverendum
2174 1771 2312 1810 patrem

1307 1834 1319 1849 «
1335 1821 1519 1853 dominum
1540 1821 1773 1862 Stephanum,
1796 1821 1890 1852 tituli
1911 1822 2039 1852 Sancte
2060 1821 2167 1853 Marie
2187 1821 2314 1855 Trans-

1307 1887 1319 1902 «
1336 1874 1474 1905 tiberim
1495 1874 1729 1915 presbiterum
1749 1873 1976 1910 cardinalem,
1998 1874 2030 1905 in
2050 1884 2156 1906 causa
2176 1874 2314 1915 subjec-

1307 1927 1441 1958 «tionis
1477 1937 1544 1968 que
1581 1927 1663 1958 olim
1701 1927 1908 1958 vertebatur
1942 1927 2033 1958 inter
2068 1937 2130 1959 nos
2165 1937 2208 1959 ex
2245 1937 2313 1961 una

1307 1983 1447 2022 «parte,
1488 1983 1524 2011 et
1565 1980 1742 2021 predictas
1784 1980 1953 2011 moniales
1995 1980 2230 2012 Andeciarum
2270 1990 2314 2015 ex

1307 2033 1457 2069 «altera,
1487 2035 1522 2064 et
1551 2032 1792 2064 substituendi
1821 2033 1928 2064 alium
1958 2036 2222 2074 procuratorem
2250 2043 2313 2079 pro

1307 2096 1370 2118 «se
1396 2088 1479 2117 ante
1504 2085 1603 2117 litem
1628 2088 1869 2117 contestatam
1895 2088 1931 2117 et
1956 2089 2049 2127 post,
2077 2086 2241 2128 quotiens
2265 2086 2314 2119 eis

1307 2138 1389 2170 «vel
1423 2138 1524 2170 alteri
1558 2148 1679 2170 eorum
1713 2138 1893 2170 videbitur
1926 2139 2102 2180 expedire,
2136 2141 2172 2171 et
2204 2139 2314 2182 impe-

1306 2191 1453 2223 «trandi
1494 2190 1633 2223 litteras
1674 2194 1748 2223 tam
1790 2191 1941 2232 gratiam
1986 2201 2094 2234 quam
2135 2191 2313 2234 justitiam

1307 2244 1567 2280 «continentes,
1601 2247 1635 2276 et
1668 2244 1776 2276 etiam
1808 2244 2046 2285 indulgentias
2079 2255 2141 2286 pro
2174 2254 2313 2278 monas-

1306 2297 1421 2329 «terio
1459 2300 1579 2329 nostro
1616 2300 1651 2329 et
1688 2297 1855 2329 membris
1893 2298 2030 2334 nostris,
2069 2298 2313 2330 contradicen-

1306 2350 1369 2382 «di
1405 2351 1418 2370 1
1457 2350 1565 2382 etiam
1591 2353 1625 2381 et
1652 2350 1769 2382 omnia
1796 2350 1946 2382 faciendi
1973 2361 2040 2392 que
2066 2361 2170 2383 verus
2195 2353 2313 2393 potest

1308 2404 1450 2435 «tacere
1485 2406 1703 2444 procurator,
1740 2406 1856 2434 ratum
1892 2406 1925 2434 et
1963 2403 2104 2436 firmum
2142 2404 2315 2436 habentes

1307 2459 1369 2487 «et
1395 2456 1549 2487 babituri
1576 2456 1743 2497 quicquid
1772 2466 1831 2497 per
1856 2456 1968 2487 dictos
1994 2457 2081 2488 duos
2106 2456 2234 2488 fratres
2259 2457 2313 2488 vel

1307 2509 1485 2540 «alterum
1516 2509 1671 2550 ipsorum
1704 2508 1758 2540 vel
1796 2518 1856 2550 per
1886 2509 2122 2541 substitutum
2154 2509 2198 2541 ab
2230 2509 2314 2551 ipsis

1307 2561 1388 2593 «vel
1426 2561 1535 2593 altero
1573 2562 1763 2593 eorundem
1801 2562 1834 2592 in
1873 2562 2037 2594 omnibus
2074 2562 2243 2605 predictis
2278 2562 2313 2594 in

1307 2614 1429 2646 «curia
1458 2614 1619 2646 Romana
1648 2614 1784 2646 factum
1813 2615 1915 2646 suerit
1945 2618 1977 2646 et
2008 2618 2250 2657 procuratum,
2278 2618 2314 2646 et

1306 2667 1398 2698 «hoc
1426 2667 1616 2698 sanctitati
1643 2670 1758 2699 vestre
1785 2671 1818 2699 et
1847 2668 1938 2709 parti
1966 2668 2111 2699 adverse
2139 2667 2314 2709 significa-

1307 2730 1424 2751 «mus.
1447 2720 1577 2751 Actum
1601 2723 1635 2751 et
1658 2720 1783 2752 datum
1806 2730 1898 2752 anno
1922 2720 2064 2752 Domini
2088 2720 2312 2757 MCCLVIII,

1307 2782 1453 2804 «mense
1485 2773 1688 2814 septembri,
1725 2773 1864 2804 nomine
1899 2773 2138 2815 predictorum
2173 2773 2314 2805 abbatis

1308 2828 1370 2857 «et
1397 2828 1594 2857 conventus
1622 2826 1898 2857 Molisniensium
1926 2836 1969 2857 ex
1996 2829 2096 2868 parte
2124 2836 2204 2858 una.

1352 2892 1362 2905 (ι
1387 2878 1434 2909 Et
1455 2878 1623 2918 magister
1645 2879 1772 2915 Guido,
1801 2879 1945 2910 clericus
1969 2879 2162 2916 Remensis,
2191 2888 2314 2920 procu-

1307 2943 1320 2959 «
1335 2934 1453 2962 rator..
1485 2931 1644 2972 priorisse
1673 2934 1705 2962 et
1737 2934 1936 2963 conventus
1965 2932 2169 2963 monasterii
2197 2932 2314 2963 Ande.-

1340 3005 1362 3026 2.
1382 3005 1442 3030 neg.
1457 3010 1463 3026 t
1477 3004 1675 3026 contradicendis.
