2477 3512
933 284 1161 323 TaoisOEME
1186 285 1331 322 ANNEE

126 377 140 391 α
168 363 398 401 curationibus,
415 363 637 394 exactionibus
652 367 685 393 et
695 361 836 393 servitiis
850 361 1059 398 absolvimus,
1074 360 1107 390 et
1130 362 1132 401 l

126 435 140 448 «
168 420 354 462 profitemur
369 430 426 451 nos
447 421 479 450 et
493 419 664 450 ecclesiam
676 419 817 449 nostram
838 417 870 447 in
899 416 992 447 dictis
1013 415 1107 457 gistis
1130 422 1131 429 ¹

126 492 139 504 «ι
167 480 200 508 et
220 476 510 518 procurationibuS,
533 475 756 506 exactionibus
777 477 808 504 et
837 473 979 504 servitiis
1009 471 1107 502 nichil

126 548 138 561 α
159 533 242 574 juris
259 533 391 570 habere,
407 538 439 563 et
459 531 582 572 siquod
595 531 750 562 habemus
766 530 876 560 tamin
895 529 1002 570 capite
1014 537 1106 568 quam
1131 542 1132 558 l

126 604 138 616 «
167 589 199 619 in
221 589 373 619 membris
398 587 506 619 abbati
528 591 560 619 et
593 587 746 618 fratribus
768 585 962 626 supradictis
979 584 1107 615 omuino

127 660 139 673 ιι
168 647 362 677 remittimus
383 646 415 675 et
434 644 615 675 refutamus
636 646 667 674 et
695 653 711 673 a
738 642 832 673 dictis
856 639 1109 683 prestatiouibus

127 718 138 729 ιι
168 713 223 733 eos
244 703 399 732 immunes
422 702 455 731 et-
474 699 605 737 liberos,
629 699 756 730 nomine
782 700 892 729 nostro
915 700 948 728 et
966 696 1108 728 ecclesie

127 774 138 785 ιι
168 762 290 796 nostre,
313 767 387 788 esse
417 756 632 787 decernimus.
656 756 691 786 ln
713 755 804 796 cujus
821 755 869 785 rei
890 752 1107 785 testimonium
1132 756 1133 775 3

125 831 138 842 α
166 815 352 857 presentem
368 812 517 854 paginam
539 811 637 852 sigilli
658 812 761 842 nostri
784 810 956 841 munimine
972 809 1106 840 fecimus
1132 822 1133 842 ι

126 886 138 898 «ι
166 870 321 902 roborari.
362 869 477 899 Actum
517 878 600 898 anno
634 868 759 898 Domini
798 868 839 897 M.
881 866 942 897 CC.
985 866 1105 902 XLIX,
1132 871 1133 916 l

126 943 139 955 μ
168 925 389 966 mensejunio.
416 938 429 951 »
1132 917 1133 956 l

167 997 181 1012 «
205 983 269 1013 Nos
288 991 365 1012 vero
382 980 543 1022 predictas
578 981 706 1011 litteras
728 990 743 1010 a
783 979 877 1010 dictis
910 978 1038 1009 Juliello
1076 983 1108 1008 et
1132 990 1133 1000 π

124 1055 137 1068 ι(
165 1038 319 1070 Renaudo
357 1038 484 1078 prefate
527 1037 667 1068 ecclesie
702 1046 874 1067 concessas
925 1034 1104 1073 laudamus,

123 1110 136 1123 υ
164 1094 378 1136 approbamus
399 1096 432 1124 et
453 1092 689 1128 confirmamus,
726 1095 758 1123 et
792 1092 895 1123 dictos
933 1091 1053 1121 fratres
1090 1101 1107 1121 a
1131 1103 1132 1114 Ι

123 1166 135 1179 «ι
163 1151 260 1182 dictis
281 1151 376 1191 gistis
412 1152 443 1180 et
482 1149 773 1190 procurationibus,
820 1147 1042 1179 exactionilnis
1075 1148 1132 1182 et,

121 1222 134 1235 «
163 1208 306 1239 servitiis
321 1206 515 1237 assolviinus
533 1208 566 1237 et
586 1206 779 1247 profitemur
799 1216 856 1235 nos
877 1207 910 1235 et
933 1204 1105 1234 ecclesiam

123 1280 134 1291 υ
165 1266 308 1295 nostram
331 1264 524 1293 Ren‘iensem
538 1263 569 1292 in
591 1262 685 1293 dictis
706 1262 799 1303 gistis
820 1263 852 1292 ct
872 1261 1106 1302 procurationi-

122 1336 135 1346 «
164 1321 234 1358 bus,
259 1319 483 1350 exactionibus
511 1320 543 1349 et
577 1318 719 1349 servitiis
752 1317 849 1348 nichil
871 1317 953 1357 juris
983 1316 1104 1347 babere

122 1392 135 1403 u
164 1378 197 1407 et
217 1375 338 1416 siquod
354 1374 520 1413 habemus,
535 1375 641 1406 tamin
658 1374 869 1415 capite-quam
886 1374 914 1404 in
938 1373 1102 1410 membris,

123 1447 136 1459 υ
167 1431 510 1463 ..abbatietfratribus
522 1430 717 1472 supradictis
727 1430 1059 1461 omninoremittimus
1074 1430 1108 1459 et
1130 1441 1131 1456 l

156 1489 349 1524 refutamus,
372 1490 406 1518 et
426 1498 443 1517 a
464 1487 559 1518 dictis
580 1486 833 1528 prestationibus
852 1496 908 1517 eos
933 1486 1104 1523 immunes,

122 1560 136 1573 a
163 1545 289 1576 nomine
308 1545 419 1575 nostro
449 1546 482 1575 et
503 1544 643 1574 ecclesie
677 1546 786 1574 nostre
825 1543 1011 1577 Hemensis,
1034 1552 1106 1573 esse

122 1503 128 1515 1

122 1616 128 1630 (

164 1601 379 1633 decernimus.
404 1601 436 1630 In
458 1600 550 1641 cujus
569 1601 616 1630 rei
639 1600 871 1637 testimonium,
917 1600 1104 1640 presentem

163 1657 312 1700 paginam
331 1657 427 1697 sigilli
457 1657 559 1687 nostri
580 1656 754 1687 munimine
775 1655 911 1686 fecimus
943 1654 1104 1686 roborari.

120 1729 134 1742 «
165 1715 281 1745 Actum
293 1723 374 1744 anno
383 1713 509 1743 Domini
530 1713 575 1743 M.
594 1711 655 1744 CC.
681 1712 751 1751 LV,
769 1722 880 1743 mense
901 1711 1104 1742 februario.»

167 1783 181 1798 «
198 1770 284 1801 Nulli
299 1768 390 1811 [etet]
410 1770 521 1800 nostre
550 1768 803 1800 confirmationis
833 1770 865 1798 et
892 1768 1106 1809 suppletionis

122 1829 186 1859 etc.
209 1827 323 1858 Datum
340 1827 499 1867 Anagnie,
517 1826 610 1857 XVII
627 1825 784 1856 kalendas
804 1824 1001 1859 novembris,
1025 1835 1107 1855 anno
1132 1859 1134 1869 Ι

123 1672 128 1686 (

122 1883 274 1915 secundo.
296 1896 308 1909 n

192 2007 291 2034 2133
710 2008 821 2035 Latran.
842 2010 871 2033 12
887 2008 942 2033 mai
959 2009 1034 2033 1257.

158 2092 258 2118 Abbati
287 2093 455 2119 monasterii
472 2093 689 2119 Gemblacensis
710 2093 838 2125 mandat,
857 2097 1003 2127 quatenus
1022 2093 1108 2119 abba·
1134 2109 1135 2127 ι

123 2143 179 2166 tem
207 2142 235 2166 et
250 2143 426 2166 conventum
444 2140 615 2166 monasterii
632 2141 658 2167 S.
682 2140 810 2167 Nichasii
827 2141 989 2172 Remensis,
1007 2143 1109 2167 contra

122 2187 353 2213 confirmationis
377 2187 562 2222 supradictae
590 2191 732 2218 tenorem,
758 2188 793 2214 ab
827 2188 975 2222 aliquibus
1001 2188 1108 2215 moles-

124 2234 175 2260 tari
195 2242 252 2260 uon
270 2234 428 2268 permittat.
446 2235 523 2261 (Rau.
538 2237 580 2267 25,
595 2243 620 2262 a.
640 2236 686 2265 ΙΙΙ,
702 2244 725 2261 c.
743 2236 816 2267 5522,
835 2236 851 2261 f.
868 2238 922 2267 69.)

168 2339 180 2351 «
214 2350 233 2356 ..
262 2325 374 2356 abbati
399 2325 594 2357 monasterii
625 2326 883 2365 Gemblacensis,
918 2326 1106 2359 Leodiensis

122 2380 272 2413 diocesis.
297 2383 415 2413 Petitio
431 2382 621 2414 dilectorum
637 2383 834 2414 filiornm—.
862 2385 930 2415 lJat.
956 2385 1107 2416 Laterani
1133 2402 1134 2428 ᾗ

125 2438 180 2468 llll
203 2438 271 2469 idus
289 2439 374 2474 maii,
397 2440 601 2470 annotcrtio.
625 2455 637 2465 υ

2078 293 2141 324 655

1228 358 1330 385 2135
1669 359 1796 387 Viterbe,
1813 362 1845 386 30
1862 360 1980 386 octobre
2000 361 2076 385 1257.

1194 447 1333 480 Episcopo
1346 446 1475 473 Maltensi
1492 447 1620 477 mandat,
1635 450 1780 480 quatenus
1799 447 1969 473 mandatum
1983 446 2146 473 lnnocentii

1130 498 1132 534 ᾗ
1157 494 1306 527 quondam
1323 502 1412 528 papae
1426 502 1514 527 super
1528 494 1644 527 negotio
1663 495 1791 528 magistri
1809 494 1930 521 Matliaei
1946 495 1979 520 de
1997 495 2145 520 panormo

1156 541 1260 574 exequi
1278 549 1337 567 non
1369 544 1533 575 postponat,
1552 549 1604 566 uec
1632 542 1804 575 magistrum
1819 542 1962 568 loannem
1987 542 2072 575 Spata
2091 542 2144 567 liae

1157 589 1310 614 occasione
1336 589 1370 615 ab
1390 588 1539 622 aliquibus
1561 588 1708 614 molestari
1727 590 1885 622 permittat.
1903 590 1980 615 (Rae.
1999 591 2071 619 25,a.
2098 589 2147 619 ΙΙΙ,

1131 637 1133 640 ”
1158 644 1182 661 c.
1201 637 1260 663 532.
1276 636 1294 662 f.
1309 637 1356 665 693
1378 637 1554 665 Romamne,
1568 639 1586 661 t.
1606 636 1652 665 ΙΙΙ,
1670 640 1701 661 11⁰
1718 637 1789 662 466»

1205 749 1217 761 κ
1249 760 1269 765 ..
1301 735 1456 778 episcopo
1469 735 1640 767 Mallem-i.
1657 736 1758 767 Sedes
1774 736 1970 777 Apostolica.
2000 736 2147 775 diligenti

1132 791 1390 823 :deliberatione
1428 792 1641 824 considerans
1681 792 1795 822 merita
1832 793 2043 833 singuloruu‘i,
2075 802 2144 829 eos,

1158 858 1236 888 quos
1256 847 1293 878 ab
1308 851 1445 889 experto
1467 849 1554 879 novit
1573 849 1727 879 emeritos
1744 853 1776 879 et
1791 848 1937 885 devotos,
1956 850 2143 879 remunerat

1158 905 1265 945 gratia
1294 904 1506 935 beneficentie
1546 904 1709 946 specialis.
1746 904 1823 935 Cum
1863 905 1968 944 itaque
2004 904 2142 935 dilectus

1132 975 1133 987 l
1158 959 1246 990 filius
1263 961 1422 1001 magister
1437 961 1603 991 Joliannes
1625 960 1734 1001 Spata,
1755 960 1969 991 subdiaconus
1991 962 2021 991 et
2035 961 2141 1001 capel-

1132 1016 1133 1048 }
1158 1017 1248 1047 lanus
1270 1019 1392 1055 noster,
1416 1016 1455 1048 de
1473 1017 1606 1057 speciali
1627 1016 1778 1047 mandato
1800 1020 1833 1047 et
1854 1017 2048 1047 auctoritate
2073 1017 2144 1047 feli—

1131 1084 1132 1098 1
1158 1074 1203 1104 cis
1224 1074 1459 1105 recordationis
1483 1075 1505 1104 Ι.
1528 1084 1609 1115 pape
1632 1073 1873 1115 predecessoris
1896 1074 1995 1103 nostri
2014 1073 2144 1113 privans

1131 1135 1132 1139 ’
1158 1131 1399 1161 sententialiter
1410 1132 1594 1171 personatu,
1614 1130 1785 1171 dignitate,
1804 1129 1975 1171 prebendis
1989 1130 2022 1160 et
2042 1128 2148 1159 eccle-

1130 1199 1132 1203 *
1157 1187 1298 1217 siasticis
1337 1186 1502 1218 beneficiis
1548 1187 1707 1217 universis
1749 1186 1969 1217 venerabilem
2010 1186 2148 1216 fratrem

1157 1244 1300 1273 nostrum
1323 1244 1514 1284 magistrum
1536 1243 1701 1273 Matheum
1722 1242 1760 1273 de
1778 1243 1938 1273 Pauormo
1956 1252 2039 1272 minc
2060 1242 2145 1282 epis—

1157 1309 1282 1340 copum,
1311 1305 1384 1330 tunc
1413 1300 1600 1330 canonicum
1630 1300 1882 1340 Syracusanum,
1910 1309 1966 1340 pro
2001 1308 2038 1329 co
2064 1298 2147 1338 quod

1156 1355 1218 1386 illis
1239 1356 1314 1386 olim
1350 1366 1385 1387 se
1420 1356 1586 1397 indiguum
1623 1355 1823 1388 reddiderat.
1855 1355 2036 1385 insistendo
2074 1357 2147 1385 tunc,

1130 1429 1131 1440 l
1157 1411 1299 1442 servitiis
1331 1411 1489 1451 quondam
1517 1412 1570 1442 Fr.
1609 1412 1683 1442 olim
1719 1412 1922 1452 imperatoris
1951 1411 2046 1441 etiam
2076 1415 2147 1451 post

1156 1467 1390 1508 depositionem
1417 1468 1528 1508 ipsius,
1554 1478 1593 1498 ea
1613 1468 1718 1498 omnia
1740 1467 1855 1498 eadem
1884 1468 2080 1498 auctoritate
2109 1467 2148 1497 de

1157 1523 1293 1564 speciali
1314 1524 1420 1564 gratia
1440 1526 1472 1555 et
1485 1524 1636 1555 mandato
1652 1524 1751 1564 ipsius
1764 1524 2010 1565 p1·e‹‘lecessoris
2030 1523 2149 1554 dilecto

1130 1581 1132 1588 ⁴
1156 1579 1219 1610 filio
1239 1580 1378 1610 ‚Iohanni
1399 1579 1485 1611 dicto
1511 1580 1612 1610 Sacco
1634 1580 1787 1611 canonico
1812 1580 2042 1610 Panormitano
2064 1590 2141 1610 con—

1157 1635 1246 1666 ferre
1267 1636 1389 1667 curarit
1412 1638 1445 1667 et
1461 1636 1546 1667 idem
1566 1636 1779 1677 predecessor
1794 1636 1879 1678 silbi]
1895 1646 1934 1667 ea
1945 1637 2050 1667 omnia
2068 1646 2144 1666 con-

1158 1691 1293 1723 firmarit
1307 1702 1428 1732 nosque
1442 1692 1647 1733 postmodum
1664 1692 1747 1733 quod
1764 1692 1802 1723 ab
1818 1693 1941 1724 eisdem
1960 1693 2101 1734 capitulo
2115 1694 2147 1723 et

1159 1748 1394 1789 predecessore
1428 1749 1550 1780 factum
1583 1750 1693 1780 extitit
1732 1750 1762 1780 in
1801 1750 1861 1780 hac
1898 1751 1989 1791 parte
2023 1750 2149 1790 gratum

1159 1805 1366 1836 habuerimus
1396 1806 1429 1836 et
1458 1807 1639 1846 acceptum,
1679 1816 1740 1836 non
1765 1806 1968 1837 obstantibus
1993 1805 2151 1845 aliquibus

1160 1860 1396 1899 collationibus,
1415 1861 1712 1893 confirmationibus
1733 1864 1765 1893 et
1786 1862 1904 1893 litteris
1921 1872 1939 1892 a
1951 1861 2035 1893 Sede
2048 1863 2151 1902 Apos-

1133 1951 1134 1955 Ἰ
1160 1917 1257 1948 tolica
1280 1918 1328 1948 vel
1350 1918 1468 1959 legatis
1485 1918 1584 1959 ipsius
1604 1918 1660 1948 sub
1681 1928 1881 1959 quacumque
1903 1918 2006 1949 forma
2026 1918 2057 1948 in
2079 1918 2150 1959 ejus

1133 1993 1134 2001 η
1159 1974 1372 2015 prejudicium
1393 1974 1594 2015 postmodum
1619 1975 1802 2016 impetratis
1825 1975 1878 2006 vel
1899 1975 1996 2006 etiam
2023 1975 2052 2005 in
2078 1984 2152 2016 pos—

1161 2034 1266 2061 terum
1285 2031 1506 2072 impetrandis,
1531 2034 1562 2062 te
1578 2031 1617 2061 ad
1638 2032 1742 2062 instar
1759 2031 1878 2072 prefati
1905 2031 2148 2072 predecessoris

1161 2097 1257 2128 super
1277 2087 1340 2117 liiis
1356 2089 1532 2118 executore
1548 2098 1716 2125 concesso,
1735 2090 1768 2118 tu
1789 2088 1820 2118 in
1836 2087 1996 2126 favorem,
2024 2089 2056 2117 ut
2073 2087 2150 2118 dici-

1161 2146 1222 2181 tur,
1245 2143 1422 2184 aliquorum
1444 2143 1627 2175 mandatum
1648 2144 1861 2185 apostolicum
1882 2145 2010 2175 interim
2032 2144 2147 2184 exequi

1159 2200 1324 2238 distulisti,
1343 2201 1373 2231 iu
1394 2201 1660 2241 ipsiusJohannis
1680 2211 1743 2231 nou
1764 2200 1922 2232 modicum
1936 2200 2150 2242 prejudicium

1159 2258 1390 2297 etgravamen.
1403 2256 1601 2297 Cumigitur,
1614 2257 1696 2297 quod
1708 2257 1925 2298 incepimusin
1939 2257 2102 2298 liacparte
2115 2257 2154 2287 de

1159 2313 1313 2344 canonico
1333 2313 1531 2354 supradicto,
1552 2323 1645 2354 quem
1664 2313 1703 2343 ob
1723 2313 1931 2345 devotionem
1953 2313 2151 2354 precipuam,

1159 2379 1251 2409 quam
1279 2369 1319 2400 ad
1343 2379 1400 2400 nos
1427 2372 1459 2400 et
1487 2369 1708 2411 Apostolicam
1739 2370 1855 2401 Sedem
1891 2369 2001 2408 habet,
2035 2370 2148 2401 favore

1132 2451 1134 2469 ,
1158 2425 1381 2466 prosequimur
1405 2426 1510 2466 gratie
1531 2425 1696 2466 specialis,
1714 2426 1850 2466 relinqui
1872 2426 2006 2457 nolimus
2027 2426 2149 2466 aliqua-

1133 2474 1134 2528 ]
1159 2485 1252 2512 tenus
1272 2482 1498 2522 imperfectum
1515 2491 1520 2513 :
1541 2482 1739 2513 fraternitati
1760 2484 1813 2513 tue
1828 2483 1947 2513 iterato
1964 2481 2099 2513 firmiter
2116 2486 2147 2512 et

192 2561 290 2588 21:31
666 2564 790 2590 Viterbe.
804 2566 836 2589 30
845 2564 943 2597 juillet
959 2567 1034 2591 1257.

158 2643 272 2669 Decano
297 2646 323 2668 et
340 2643 468 2676 capitulo
485 2643 719 2678 Lingonensibus
735 2646 865 2677 mandat,
888 2650 1033 2680 quatenus
1050 2656 1107 2674 ma⁴

123 2690 291 2724 magistrum
316 2690 435 2716 Petrum
452 2690 486 2716 de
504 2691 596 2717 Besua
614 2692 764 2723 clericum,
783 2693 810 2719 in
834 2694 1012 2720 canonicum
1033 2695 1107 2721 reci-

123 2737 203 2771 piant
232 2738 317 2771 eique
349 2738 383 2763 de
412 2738 579 2771 praebenda
606 2739 787 2772 provideant.
823 2742 899 2767 lunt.

125 2792 148 2810 c.
166 2786 226 2815 553,
242 2785 260 2810 f.
279 2787 322 2810 (39.

929 2744 971 2770 25,
1002 2751 1026 2768 a.
1060 2743 1105 2770 lll.
1132 2746 1133 2752 ¹

1132 2800 1133 2811 ἵ
1159 2763 1436 2804 suspensionibus,

1132 2552 1134 2554 ’
1158 2538 1308 2569 districte
1327 2538 1359 2569 in
1380 2539 1501 2569 virtute
1528 2538 1713 2569 obedientie
1733 2549 1791 2580 per
1826 2539 2003 2579 apostolica
2024 2539 2149 2579 scripta

1132 2586 1134 2615 Ῐ
1158 2594 1363 2635 precipiendo
1392 2595 1592 2633 mandamus,
1624 2595 1774 2635 quatinus
1804 2595 1989 2625 mandatum
2022 2596 2149 2635 aposto-

1132 2668 1134 2692 2
1158 2650 1252 2680 licum
1276 2661 1373 2691 super
1386 2651 1446 2681 hiis
1473 2652 1588 2691 exequi
1610 2661 1671 2681 non
1693 2653 1866 2692 postponas
1881 2650 1978 2691 juxta
2009 2650 2150 2691 priorum

1132 2706 1390 2738 *continentiam
1428 2707 1620 2745 litterarum,
1658 2718 1719 2737 non
1750 2706 1954 2737 obstantibus
1989 2706 2148 2747 aliquibus

1485 2763 1756 2801 revocationibus,
1801 2762 2052 2794 refutationibus
2103 2763 2152 2793 vel

1132 2814 1134 2832 ¹⁴
1157 2819 1297 2860 lapsibus
1320 2821 1499 2861 temporum
1527 2821 1719 2860 aliquorum.
1745 2820 1809 2851 Nos
1844 2821 1927 2851 enim
1947 2819 2151 2851 decernimus

169 2882 181 2894 «ι
213 2894 233 2899 ..
261 2867 384 2899 decano
401 2875 432 2899 et
449 2868 596 2911 capitulo
619 2869 896 2912 Linyonensibch.
916 2871 1107 2904 Affectionis
1132 2874 1134 2917 l

124 2927 256 2965 paterne
276 2925 414 2956 studium
436 2944 488 2955 -.
510 2926 581 2957 Dat.
608 2926 754 2957 Viterbii.
791 2927 832 2957 ΙΙΙ
865 2928 930 2959 kal.
963 2931 1104 2969 augusti,
1132 2919 1134 2978 l

125 2990 207 3011 anno
228 2981 338 3012 tertio.
357 2996 369 3009 ι,

1158 2876 1281 2906 irritum
1302 2877 1335 2907 et
1356 2876 1451 2907 inane
1476 2876 1624 2916 quicquid
1646 2886 1744 2917 super
1765 2876 1930 2917 premissis
1951 2877 1981 2906 in
2006 2875 2152 2917 ejusdem

1157 2932 1312 2962 Joliannis
1333 2932 1545 2973 prejudicium
1563 2934 1596 2963 ot
1619 2942 1794 2973 gravamen
1809 2943 1826 2963 a
1841 2942 2044 2972 quocumque
2065 2936 2152 2973 post-

1133 3008 1134 3025 3
1159 2988 1286 3019 modum
1307 2989 1420 3019 extitit
1440 2990 1683 3029 attemptatum,
1707 2988 1956 3029 velattemptari
1976 2988 2152 3030 contigerit
