2477 3512
979 268 1250 315 CINQUIEME
1277 271 1442 309 ANNEE
2222 291 2264 321 47

231 378 320 404 2909
634 377 769 411 Anagni,
798 378 833 404 14
858 378 960 411 juillet
987 378 1074 405 1259.

192 435 388 462 Sententiam
423 442 441 462 a
475 435 678 469 S[tephano]‚
713 435 894 462 Penestrino
928 435 1088 467 cardinali,
1123 435 1154 461 in

151 485 245 505 causa
277 485 357 512 quae
389 479 470 505 inter
503 479 653 506 abbatem
686 480 716 505 et
752 481 944 506 conventum
973 479 1155 507 monasterii

152 522 350 555 Igniacensis,
377 531 415 549 ex
440 530 503 549 una
528 524 628 557 parte,
655 524 685 549 et
711 523 973 550 communitatem
1001 523 1093 550 villae
1117 524 1154 550 de

149 566 372 600 Montigniaco,
398 567 560 594 Remensis
581 567 721 599 diocesis,
742 574 780 593 ex
801 567 899 594 altera
913 575 1006 601 super
1026 567 1154 601 quibus-

148 610 222 637 dam
249 610 371 644 juribus
400 611 585 637 vertebatur
612 611 711 637 latam
740 611 918 643 confirmat,
951 611 1154 638 instrumenti

147 662 240 688 super
253 655 312 681 hoc
325 655 397 681 inde
412 655 488 681 iacti
502 656 643 682 tenorem
658 655 804 681 inserens.
822 655 919 688 (Rea.
936 656 984 687 25,
1000 655 1020 681 f.
1037 656 1094 682 210
1106 660 1152 688 v0,

147 699 239 731 an.V‚
261 707 286 726 c.
310 699 391 733 145.)

195 812 245 832 «..
266 799 381 831 abbati
416 801 444 831 el
478 800 655 831 conventui
689 800 886 831 monasterii
922 800 1148 841 Iynicrcensis,

148 853 381 886 Cisterciensis
415 853 557 890 ordinis,
592 853 770 885 Remensis
805 853 957 885 diocesis.
994 853 1046 885 Ea
1082 864 1148 895 que

144 905 278 947 judicio
311 906 366 938 vel
400 906 589 938 concordia
621 908 689 938 etc.
724 915 835 948 usque
870 906 1021 948 presidio
1055 916 1150 939 com-

144 959 285 991 muniri.
320 959 491 991 Exhibita
524 959 701 1001 siquidem
734 959 835 991 nobis
868 962 987 991 vestra
1022 960 1148 1001 petitio

143 1012 351 1044 continebat
385 1012 480 1054 quod
514 1021 596 1044 cum
629 1021 734 1044 causa
770 1022 837 1054 que
871 1012 963 1045 inter
995 1023 1070 1050 vos,
1104 1023 1148 1045 ex

141 1067 244 1107 parte
280 1074 364 1102 una,
402 1067 439 1097 et
477 1064 660 1106 maiorem,
700 1065 874 1103 scabinos,
914 1066 1074 1098 homines
1110 1069 1148 1098 et

141 1118 438 1150 communitatem
473 1118 554 1150 ville
590 1118 633 1150 de
667 1118 926 1160 Montegm'ac0,
964 1119 1147 1151 Remensis

141 1164 299 1209 diocesis,
324 1180 430 1213 super
451 1171 595 1203 usuario
618 1181 832 1213 pascuorum
856 1172 892 1203 in
915 1172 1040 1204 eadem
1062 1172 1147 1204 villa

139 1226 177 1256 et
195 1224 383 1256 territoriis
400 1224 478 1266 ejus
495 1227 533 1256 et
551 1233 657 1266 super
674 1224 836 1257 aisenciis
853 1225 926 1257 suis
944 1225 980 1256 in
1000 1225 1147 1258 marisas

138 1276 221 1309 ville
256 1280 293 1309 et
328 1277 496 1310 territorii
532 1278 726 1310 eorundem
762 1287 802 1310 ac
838 1278 943 1310 rebus
977 1278 1065 1315 aliis,
1101 1288 1146 1310 ex

138 1329 251 1362 altera
283 1330 503 1367 vertebatur,
537 1331 583 1362 ab
616 1331 824 1362 audientia..
857 1330 1020 1363 officialis
1052 1332 1145 1363 curie

138 1383 377 1415 archidiaconi
410 1383 604 1420 Remensis,
637 1384 683 1415 ad
717 1393 822 1425 quern
855 1385 896 1416 de
928 1384 1077 1425 antiqua
1108 1387 1145 1416 et

137 1437 340 1478 approbata
360 1446 401 1468 ac
424 1437 596 1468 hactenus
619 1437 764 1478 pacifice
787 1437 978 1469 observata
1000 1447 1145 1469 consue-

135 1490 261 1522 tudine
299 1489 503 1530 hujusmodi
541 1499 729 1522 causarum
766 1490 920 1530 cognitio
958 1490 993 1521 in
1030 1491 1144 1522 archi-

137 1542 330 1575 diaconatu
355 1552 429 1579 suo,
456 1543 491 1574 in
520 1552 589 1583 quo
615 1552 670 1574 res
695 1543 738 1574 de
765 1543 894 1583 quibus
919 1543 1036 1583 agitur
1061 1553 1143 1575 con-

135 1595 278 1632 sistunt,
312 1595 477 1636 pertinet,
512 1605 582 1626 non
616 1605 660 1627 ex
692 1595 912 1637 delegatione
945 1596 1142 1638 apostolica

135 1648 389 1689 cognoscentis,
419 1649 461 1680 de
487 1648 565 1690 ipsa
592 1658 654 1689 per
680 1649 956 1690 appellationem
983 1652 1140 1682 vestram

134 1701 180 1733 ad
210 1701 335 1733 Sedem
362 1701 604 1743 Apostolicam
634 1701 753 1734 delata
779 1701 914 1739 fuisset,
945 1712 1008 1734 nos
1034 1703 1071 1734 in
1097 1713 1138 1735 ea

134 1753 373 1787 venerabilem
414 1754 563 1786 fratrem
606 1757 768 1786 nostrum
813 1755 845 1787 S.
891 1755 1139 1788 Penestrinum

133 1807 339 1849 episcopum
366 1807 528 1839 dedimus
554 1807 718 1848 partibus
742 1808 954 1845 auditorem,
983 1809 1054 1850 qui,
1082 1819 1139 1841 co-

132 1860 242 1903 gnitis
264 1869 369 1893 cause
394 1860 538 1898 meritis,
563 1863 601 1892 et
623 1859 713 1902 juris
735 1861 858 1892 ordine
882 1861 1072 1894 observato
1096 1872 1137 1894 ac

132 1923 155 1946 a
186 1913 290 1945 nobis
321 1913 464 1945 licentia
496 1913 752 1955 pronuntiandi
784 1917 938 1956 recepta,
974 1924 1139 1962 procura—

131 1966 270 1999 toribus
290 1975 432 2008 quoque
452 1966 636 2008 utriusque
656 1967 769 2008 partis
788 1968 1022 2009 presentibus,
1045 1969 1139 2000 diffi-

132 2019 285 2052 nitivam
306 2029 369 2062 pro
392 2019 495 2051 vobis
516 2020 732 2052 sententiam
753 2020 1006 2062 promulgavit,
1031 2024 1138 2062 prout

130 2072 169 2105 in
189 2072 331 2114 publico
353 2072 591 2104 instrumento
614 2073 776 2105 confecto
799 2074 937 2111 exinde,
961 2084 1001 2106 ac
1024 2074 1136 2115 sigillo

130 2125 286 2168 episcopi
317 2125 446 2167 prefati
477 2126 618 2167 signato
649 2126 786 2167 plenius
817 2127 1030 2159 continetur.
1065 2128 1137 2159 Nos

129 2178 253 2220 itaque
284 2179 412 2210 vestris
441 2179 762 2221 supplicationibus
792 2180 963 2217 inclinati,
996 2184 1137 2213 senten-

129 2231 220 2263 tiam
233 2231 347 2273 ipsam
362 2232 509 2273 provide
524 2232 647 2269 latam,
663 2235 781 2264 ratam
795 2236 832 2264 et
847 2233 988 2265 firmam
1004 2234 1137 2266 haben-

128 2287 194 2322 tes,
223 2293 313 2321 eam,
345 2294 413 2316 non
443 2285 612 2317 obstante
640 2285 878 2328 appellatione
908 2287 1020 2328 partis
1048 2287 1136 2319 alte-

129 2337 202 2370 rius
227 2346 334 2379 quam
358 2340 567 2379 reputamus
591 2338 766 2375 frivolam,
792 2340 1008 2371 auctoritate
1033 2350 1136 2382 apos-

127 2389 236 2422 tolica
259 2390 512 2423 confirmamus
534 2394 571 2423 et
595 2392 767 2433 presentis
789 2393 912 2434 scripti
936 2393 1134 2434 patrocinio

127 2443 400 2476 communimus.

173 2496 347 2529 Tenorem
380 2499 504 2529 autem
538 2497 649 2539 ipsius
682 2498 911 2531 instrumenti
947 2500 989 2532 de
1025 2500 1134 2532 verbo

127 2549 175 2582 ad
215 2549 367 2582 verbum
408 2550 633 2592 presentibus
674 2551 822 2584 fecimus
863 2553 1029 2585 annotari
1073 2553 1134 2595 qui

123 2601 210 2634 talis
225 2605 281 2635 est
300 2613 307 2634 :

654 2712 787 2745 Anagni,
811 2712 849 2739 20
871 2712 939 2746 juin
964 2714 1050 2740 1259.

173 2779 185 2796 «
207 2767 246 2800 In
264 2768 406 2801 nomine
427 2768 580 2806 Domini,
602 2779 717 2802 amen.
742 2770 782 2803 In
801 2781 907 2803 causa
928 2782 995 2813 que
1014 2773 1130 2805 inter..

127 2823 326 2855 «abbatem
355 2827 392 2856 et
421 2828 638 2857 conventum
669 2827 873 2858 monasterii
908 2827 1130 2867 Igniaccnsis,

127 2890 141 2907 «
160 2878 398 2911 Cisterciensis
417 2880 559 2917 ordinis,
583 2881 768 2913 Hemensis
789 2882 945 2919 diocesis,
967 2893 1011 2915 ex
1032 2886 1131 2925 parte

125 2941 222 2963 «una
257 2935 316 2964 et..
351 2933 533 2974 majorem,
569 2935 741 2972 scabinos,
778 2936 936 2967 homines
970 2939 1002 2967 et
1038 2947 1133 2968 coni-

126 2997 139 3013 «
155 2984 368 3017 munitatem
422 2986 501 3017 ville
544 2987 585 3019 de
629 2988 880 3030 Montigniacm
924 3000 967 3021 ex
1009 2990 1132 3027 altera,

1254 394 1265 407 ¹<
1281 391 1397 412 coram
1419 383 1518 413 nobis
1539 384 1729 424 Stephano,
1750 386 1971 419 miseratione
1993 391 2110 422 diviua
2131 393 2253 424 l’enes-

1253 450 1262 460 «ι
1284 436 1372 466 trino
1406 437 1580 479 episcopo,
1616 440 1808 480 apostolica
1843 444 2058 474 auctoritate
2093 448 2252 478 verteba-

1253 504 1262 515 11
1282 493 1348 527 tur,
1381 492 1517 524 libellus
1548 494 1749 534 hujusmodi
1781 496 1842 526 suit
1878 497 2018 528 oblatus
2050 510 2055 529 :
2089 503 2249 541 proponit

1251 559 1261 572 ¹‹
1280 546 1387 577 frater
1412 548 1610 584 Mauriciiis,
1640 550 1802 581 nomine..
1831 552 1970 582 abbatis
1997 556 2031 583 et
2057 559 2251 587 conventus

1250 615 1259 627 u
1278 602 1318 632 de
1343 602 1492 642 Igniaco,
1511 607 1634 635 contra
1654 629 1673 636 ..
1692 606 1873 646 majorem,
1893 608 2064 645 scabinos,
2095 610 2251 643 homines

1250 668 1260 680 κ
1277 657 1311 685 et
1340 657 1634 688 communitatem
1664 658 1743 689 ville
1773 659 1815 689 de
1843 659 2080 701 Montigniaeo
2110 665 2145 693 et
2174 674 2251 704 pro-

1250 720 1261 733 α
1277 711 1475 740 curatorem
1508 709 1664 750 ipsorum
1699 712 1805 752 quod,
1840 722 1920 743 cum
1955 714 2037 744 dicti
2073 715 2182 746 abbas
2216 720 2248 748 et

1249 764 1473 793 «conventus
1505 772 1564 793 seu
1599 763 1741 795 eeclesia
1778 764 2021 805 Ingniacenses
2059 767 2145 808 (sic)
2180 769 2249 800 sint

1249 826 1260 841 ι(
1276 816 1310 845 et
1336 814 1394 845 diu
1420 814 1564 846 fuerunt.
1589 816 1624 847 in
1650 817 1866 857 possessione
1892 818 2043 850 habendi
2070 822 2248 853 usuarium

1248 877 1336 908 «pro
1356 867 1567 900 animalibus
1586 869 1657 900 suis
1675 870 1710 900 in
1730 871 1867 911 pascuis
1888 871 1979 903 dicte
1998 872 2077 903 ville
2098 876 2132 904 et
2154 875 2249 905 terri-

1247 933 1260 949 «
1275 921 1372 951 toriis
1393 921 1469 961 ejus
1490 924 1525 952 et
1547 923 1725 962 aysentias
1747 933 1827 955 suas
1849 925 2070 956 omnimodas
2091 926 2125 957 in
2148 928 2250 959 mari-

1247 986 1259 1001 ι(
1274 974 1332 1005 siis
1371 974 1530 1014 ejusdcm
1572 975 1651 1006 ville
1692 979 1722 1007 et
1768 977 1932 1008 territorii
1974 978 2059 1018 ejus,
2102 980 2249 1020 predicti

1246 1027 1433 1058 «homines
1461 1031 1496 1058 et
1524 1029 1762 1060 communitas
1791 1030 1884 1061 dicte
1914 1031 1992 1062 ville
2021 1032 2114 1072 ipsos
2142 1034 2250 1065 abba—

1246 1083 1347 1111 «tem
1383 1083 1418 1112 et
1455 1084 1672 1112 conventum
1710 1092 1769 1113 scu
1808 1083 1990 1115 ecclesiam
2033 1085 2249 1123 leniat-enses

1247 1146 1258 1161 «
1273 1133 1471 1174 impediunt
1499 1137 1531 1165 et
1560 1135 1772 1175 perturbant
1798 1137 1988 1177 quominus
2012 1137 2076 1178 ipsi
2105 1139 2248 1179 pacifice

1247 1198 1259 1214 ε(
1274 1189 1309 1217 et
1345 1187 1463 1227 quiete
1499 1188 1679 1218 usuarium
1715 1198 1817 1219 suum
1854 1189 2010 1221 habeant
2045 1191 2077 1221 in
2112 1193 2248 1232 pascuis

1248 1240 1464 1271 «antedictis
1485 1242 1517 1271 et
1542 1250 1622 1271 suas
1645 1242 1823 1281 aysentias
1845 1242 1878 1272 in
1903 1243 2061 1277 marisiis,
2084 1247 2117 1274 ct
2141 1245 2247 1275 etium

1247 1292 1428 1333 «ipsorum
1463 1293 1628 1325 animalia
1662 1297 1697 1325 et
1731 1296 1894 1326 custodes
1926 1296 2082 1336 ipsorum
2116 1297 2248 1329 aninm-

1245 1345 1357 1376 «lium
1389 1346 1565 1377 duxerunt
1599 1350 1633 1378 et
1665 1347 1701 1378 in
1733 1357 1853 1378 eorum
1887 1349 2062 1389 presentia
2095 1351 2247 1390 quedam

1244 1412 1254 1424 r<
1271 1399 1313 1430 de
1359 1399 1572 1431 animalibus
1618 1402 1759 1432 mortua
1805 1400 1960 1433 suerunt.
2008 1402 2095 1433 Cum
2144 1413 2248 1445 super

1244 1464 1255 1479 κ
1271 1452 1437 1493 predictis
1463 1452 1579 1484 dictus
1603 1453 1715 1485 abbas
1739 1456 1774 1485 et
1798 1457 1995 1486 conventus
2019 1465 2077 1487 seu
2103 1456 2246 1488 ecclesia

1244 1518 1256 1532 (ι
1275 1504 1493 1545 Igniacenses
1517 1506 1693 1547 predictos
1730 1507 1913 1547 majorem,
1938 1508 2110 1545 scabinos,
2136 1509 2247 1540 homi-

1243 1567 1330 1589 «nes
1370 1561 1407 1589 et
1447 1559 1743 1590 communitatem
1784 1560 1864 1592 ville
1906 1561 2061 1601 predicte
2103 1572 2244 1594 coram..

1243 1624 1254 1638 ‹<
1270 1611 1415 1642 officiali
1439 1611 1531 1643 curie
1556 1612 1737 1644 reverendi
1763 1613 1873 1653 patris
1898 1614 2031 1644 domini
2057 1614 2096 1645 O.
2127 1615 2246 1646 Sancti

1242 1664 1414 1695 «Adriani
1448 1665 1586 1695 diaconi
1619 1665 1816 1701 cardinalis,
1859 1666 2041 1697 Remensis
2075 1667 2246 1699 archidia-

1240 1717 1356 1753 «coni,
1386 1717 1611 1758 t.raxisse[n]t
1639 1718 1672 1749 in
1701 1728 1843 1750 causam
1871 1722 1906 1750 et
1934 1720 2144 1760 petivissent
2171 1731 2246 1761 pre-

1240 1770 1380 1801 «dictos
1418 1771 1579 1812 compelli
1620 1774 1658 1802 ut
1697 1781 1715 1802 a
1763 1772 1866 1803 dictis
1906 1773 2171 1813 perturbatione
2210 1776 2245 1805 et

1240 1823 1521 1864 «impedimento
1552 1824 1772 1861 desisterent,
1806 1828 1841 1856 et
1871 1825 1983 1856 dictos
2012 1826 2180 1857 abbatem
2209 1829 2244 1858 et

1237 1879 1481 1908 «conventum
1506 1886 1563 1907 seu
1591 1877 1772 1908 ecclesium
1803 1878 2018 1918 Igniacenscs
2044 1879 2138 1910 dicta
2166 1890 2243 1920 pos-

1238 1929 1415 1961 «sessione
1442 1930 1494 1960 vel
1522 1930 1621 1970 quasi
1646 1931 1797 1970 gaudere
1824 1931 2070 1971 permitterent
2096 1932 2242 1973 pacifice

1238 1986 1296 2014 «et
1330 1982 1458 2023 quiete,
1491 1993 1529 2014 ac
1562 1983 1768 2024 petivissent
1801 1984 1894 2025 ipsos
1924 1985 2175 2025 condempnari
2207 1985 2239 2016 in

1238 2038 1407 2066 «centum
1442 2036 1537 2067 libris
1572 2036 1821 2068 Parisiensium
1856 2047 1916 2077 pro
1952 2038 2117 2078 predictis
2152 2038 2241 2079 inju-

1236 2088 1331 2125 «riis,
1359 2092 1394 2120 et
1422 2089 1503 2130 quia
1546 2089 1731 2130 predictus,
1766 2090 1926 2121 officialis
1955 2090 2109 2131 prefatos
2135 2091 2242 2122 abba-

1237 2144 1335 2172 «icm
1364 2144 1398 2173 et
1426 2145 1642 2173 conventum
1670 2152 1728 2173 seu
1758 2142 1939 2174 ecclesiam
1968 2154 2072 2184 snper
2099 2144 2241 2184 premis-

1235 2208 1247 2224 z<
1262 2195 1307 2226 sis
1337 2195 1457 2226 audire
1488 2199 1610 2227 contra
1640 2195 1817 2236 justitiam
1849 2196 2048 2237 denegavit,
2079 2197 2148 2228 suit
2178 2207 2240 2238 pro

1237 2250 1364 2289 «parte
1394 2248 1551 2289 ipsorum
1581 2249 1722 2280 abbatis
1752 2251 1787 2280 et
1817 2252 2013 2281 conventus
2051 2260 2110 2281 seu
2149 2250 2240 2281 dicte

1235 2313 1248 2329 <c
1262 2301 1405 2332 ecclesie
1449 2301 1705 2342 Igniacensium
1747 2303 1790 2333 ad
1833 2302 1957 2334 Sedem
1999 2302 2239 2344 Apostolicam

1236 2354 1494 2395 «appellatum.
1533 2354 1634 2385 Unde
1670 2355 1761 2396 petit
1797 2355 1929 2386 dictam
1965 2356 2239 2397 appellationem

1236 2421 1247 2435 ι(
1261 2407 1396 2448 justam
1429 2407 1661 2448 pronuntiari,
1680 2410 1715 2438 et
1731 2409 1887 2449 prefatos
1905 2433 1924 2439 ..
1949 2409 2129 2449 majorem,
2167 2419 2239 2440 sca-

1234 2474 1246 2488 ‹<
1263 2460 1374 2497 binos,
1415 2460 1574 2492 homines
1614 2464 1650 2492 et
1690 2461 1984 2493 communitz'item
2026 2462 2118 2493 dicte
2158 2462 2237 2493 ville

1233 2513 1521 2544 «sententialiter
1549 2523 1610 2555 per
1638 2524 1700 2545 vos
1729 2514 1890 2555 compelli
1920 2517 1959 2545 ut
1988 2524 2007 2546 a
2039 2515 2142 2546 dictis
2165 2524 2237 2545 mo-

1234 2566 1448 2598 «lestatione
1487 2569 1523 2598 et
1562 2568 1829 2608 perturbatione
1869 2567 2052 2604 desistunt,
2094 2579 2132 2598 ac
2172 2568 2236 2599 sibi

1233 2619 1408 2651 «inhiberi
1433 2622 1471 2651 ut
1497 2620 1539 2651 de
1563 2623 1678 2651 cetero
1703 2620 1828 2652 similia
1852 2621 1965 2652 faeere
1991 2631 2058 2652 non
2084 2624 2237 2661 attemp-

1233 2685 1245 2701 «
1260 2675 1349 2709 tent,
1378 2682 1458 2704 cum
1488 2673 1621 2704 nullum
1649 2673 1706 2713 jus
1734 2674 1866 2705 liabent
1895 2674 1978 2705 talia
2007 2674 2167 2709 faciendi,
2197 2683 2235 2703 ac

1226 2738 1245 2757 .«
1260 2726 1351 2767 petit
1374 2736 1432 2757 eos
1454 2726 1489 2757 in
1513 2726 1679 2768 predictis
1702 2729 1845 2758 centnm
1868 2727 1964 2757 libris
1989 2727 2234 2757 l'arisieosinm

1233 2792 1243 2804 s«
1260 2779 1523 2820 condempnari.
1556 2779 1632 2810 Lite
1663 2780 1770 2820 igitur
1799 2790 1903 2821 super
1935 2780 2089 2821 predicto
2119 2779 2234 2810 libello

1231 2844 1243 2860 «
1258 2841 1376 2864 coram
1399 2832 1591 2864 venerabili
1614 2833 1713 2864 viro..
1739 2836 1821 2865 tunc
1843 2833 1965 2869 electo,
1990 2843 2080 2863 nuni·
2104 2832 2235 2863 :ii-chie-

1232 2885 1402 2926 apis-copo
1435 2885 1637 2923 Cusentino,
1672 2896 1776 2927 quein
1809 2886 1853 2917 ad
1886 2886 1949 2917 hoc
1984 2885 2234 2927 deputavimus

1231 2937 1469 2975 «auditorem,
1512 2938 1667 2979 legitime
1709 2941 1911 2971 contestata
1953 2938 2171 2980 prestitoque
2214 2948 2233 2969 a

1232 3003 1244 3020 «
1259 2991 1422 3033 partibus
1469 2991 1510 3023 de
1556 2991 1758 3034 calumpnia
1799 2992 2012 3033 juramento,
2060 2991 2232 3033 factisque
