2477 3512
177 270 240 302 812
876 267 1133 301 REGISTRES
1151 266 1487 300 D’ALEXANDRE
1503 266 1551 299 IV

177 376 240 406 alia
263 376 376 406 eodem
398 376 547 414 episcopo
578 383 635 413 pro
658 383 690 403 se
713 376 746 403 et
767 382 826 412 pro
844 373 986 412 capitulo
1003 372 1190 411 stipulante,

178 429 239 458 sibi
249 429 386 458 firmiter
404 427 671 467 promisis[se]tis‚
692 429 725 456 et
742 425 972 464 adjecis[se]tis
990 425 1192 464 promissioni

181 482 366 520 hujusmodi
384 481 470 520 quod
481 482 592 510 contra
602 479 757 518 premissa
766 478 817 508 vel
827 487 937 508 eorum
947 478 1077 517 aliquod
1089 477 1191 507 nullas

182 534 306 564 litteras
323 543 377 563 seu
395 533 611 572 indulgentias
627 531 844 570 impetraretis
861 540 879 560 a
897 531 976 560 Sede
993 530 1190 568 Apostolica,

183 596 238 616 nec
270 586 439 616 uteremini
469 586 568 615 etiam
598 584 790 624 impetratis,
815 583 1038 613 renuntiantes
1060 583 1192 612 nichilo-

182 639 287 669 minus
312 639 557 678 quibuscunque
581 638 697 667 litteris
721 640 753 667 et
776 636 984 675 indulgentiis
1007 635 1191 674 apostolicis

181 692 363 730 impetratis
387 701 443 730 per
467 700 547 730 quas
570 690 663 720 vobis
686 691 719 720 in
743 689 904 729 premissis
928 691 1036 728 posset
1059 688 1190 727 aliquod

180 745 372 784 suffragium
395 744 573 783 provenire.
597 743 718 773 Verum
741 743 816 782 quia
840 742 1048 781 postmodum
1072 741 1192 779 specia-

181 798 264 827 libus
277 797 485 836 indulgentiis
498 799 531 826 et
544 796 718 835 privilegiis
732 796 828 825 Sedes
842 795 953 824 eadem
968 803 1025 823 vos
1039 794 1190 827 munivit,

183 859 249 884 nos,
273 850 481 880 attendentes
505 850 592 888 quod
624 849 728 878 ordini
751 850 859 878 vestro
884 857 946 877 non
971 847 1192 885 congruebant

181 903 346 942 premissa,
368 902 484 932 vestris
505 901 795 941 supplicationibus
816 900 972 934 inclinati,
994 899 1191 929 auctoritata

180 956 273 986 vobis
294 956 492 994 presentium
512 955 714 994 indulgemus
735 956 782 988 ut,
804 953 965 992 premissis
986 960 1192 991 nequaquam

182 1009 400 1043 obstantibus,
420 1008 469 1037 uti
488 1010 521 1037 et
539 1008 678 1046 gaudere
698 1007 826 1046 possitis
846 1005 1018 1045 privilegiis
1037 1007 1070 1034 et
1089 1005 1194 1034 indul-

182 1061 300 1100 gentiis
314 1061 407 1090 vohis
422 1062 464 1090 ab
476 1060 653 1099 apostolica
670 1060 750 1090 Sede
762 1055 919 1089 concessis
934 1061 966 1088 et
986 1058 1017 1087 in
1028 1060 1193 1096 posterum

181 1114 403 1144 concedendis.
426 1113 538 1146 {Nulli
577 1115 638 1143 etc.
671 1115 779 1142 nostre
813 1111 1024 1142 concessionis
1041 1128 1091 1139 -.
1116 1111 1193 1140 Dat.

179 1167 327 1201 Viterbii,
352 1167 379 1195 V
413 1166 485 1196 idus
506 1166 576 1204 juli,
600 1175 685 1195 anno
709 1168 836 1204 quarto.
861 1176 873 1192 »

262 1372 350 1398 2635
692 1371 831 1402 Viterbe‚
849 1371 886 1397 23
902 1370 1008 1404 juillet
1026 1370 1112 1397 1258.

224 1425 364 1452 Roberto
375 1425 413 1451 de
425 1424 646 1451 Suwithelend.
665 1424 827 1458 dispensat
843 1425 879 1450 ut
894 1425 1018 1457 praeter
1033 1423 1195 1451 ecclesiam

184 1465 221 1491 de
252 1465 398 1497 Nonsole,
428 1464 654 1491 Lincolniensis
684 1464 825 1495 diocesis,
855 1470 962 1489 curam
1019 1463 1195 1491 animarum

183 1504 364 1536 habentem,
391 1504 520 1530 unicum
547 1504 633 1530 aliud
659 1503 847 1530 beneficium
875 1503 1130 1535 ecclesiasticum,
1157 1504 1196 1530 si-

184 1544 290 1571 milem
315 1551 423 1570 curam
447 1544 576 1574 habens,
602 1543 699 1569 etiam
723 1543 749 1569 si
774 1543 912 1576 dignitas
936 1542 986 1569 vel
1010 1545 1196 1577 personatus

184 1584 312 1616 existat,
325 1584 461 1617 recipere
474 1583 583 1617 possit.
598 1583 695 1616 (Rea.
710 1582 759 1615 21,
772 1582 793 1608 f.
810 1582 866 1609 148
879 1586 926 1613 VO,
941 1589 990 1609 an.
1008 1582 1060 1615 1V,
1073 1591 1098 1609 c.
1115 1583 1196 1616 194.)

227 1699 238 1714 ι
259 1687 389 1717 Roberlo
407 1687 442 1716 de
465 1686 694 1720 Suwithelend„
714 1686 821 1715 rectori
849 1685 971 1715 ecclesie
990 1686 1026 1715 de
1045 1686 1192 1721 Nonsole,

184 1739 416 1770 Lincolniensis
441 1739 581 1768 diocesis.
608 1739 793 1777 Apostolice
821 1738 910 1768 Sedis
936 1739 1118 1777 benignitas
1144 1756 1195 1769 —-.

185 1793 261 1822 Dat.
285 1792 432 1826 Viterbii,
456 1792 488 1821 X
510 1792 573 1821 kal.
597 1791 737 1830 augusti,
760 1800 845 1821 anno
869 1794 995 1830 quarto.
1019 1803 1031 1818 »

266 1995 354 2021 2636
714 1995 853 2027 Viterbe‚
865 1994 903 2021 23
912 1994 1016 2028 J'uillet
1028 1995 1041 2021 1
1047 1995 1114 2022 258.

228 2048 378 2082 Magistro
408 2048 585 2081 Aymerico,
616 2048 767 2074 canonico
799 2047 1027 2079 Saresbiriensi,
1056 2047 1199 2080 indulget

187 2090 233 2120 ut,
267 2089 392 2122 praeter
423 2087 586 2114 ecclesiam
619 2088 657 2113 de
689 2087 932 2118 Westhildeslei,
967 2087 1200 2113 saresbiriensis

188 2127 329 2158 diocesis,
368 2134 475 2153 curam
513 2127 691 2153 animarum
729 2127 910 2158 habentem,
949 2127 1075 2153 unicum
1114 2127 1200 2153 aliud

187 2167 376 2194 beneficium
393 2166 639 2194 ecclesiasticum
656 2167 790 2193 similem
808 2174 915 2193 curam
927 2166 1056 2198 habens,
1068 2166 1164 2192 etiam
1176 2167 1200 2192 si

188 2207 326 2241 dignitas
345 2207 395 2233 vel
415 2208 601 2240 personatus
620 2207 748 2238 existat,
768 2206 912 2237 retinere,
932 2208 973 2238 et,
994 2206 1020 2232 si
1039 2206 1201 2233 ecclesiam

188 2248 220 2273 et
247 2246 436 2273 beneficium
464 2246 531 2280 ipsa
559 2253 630 2272 eum
658 2246 815 2279 resignare
843 2246 1020 2279 contigerit,
1050 2246 1111 2272 duo
1139 2246 1202 2272 alia

188 2286 341 2313 beneficia
364 2286 461 2312 etiam
485 2293 556 2312 cum
580 2293 654 2312 cura
689 2286 866 2312 animarum
898 2293 1031 2317 annexa,
1066 2285 1201 2319 recipere

189 2326 298 2360 possit.
316 2326 413 2358 (Bm.
431 2325 479 2357 25,
497 2325 518 2351 f.
537 2325 604 2357 149,
622 2332 672 2352 an.
693 2325 745 2356 IV,
763 2333 788 2351 c.
808 2325 888 2358 195.)

232 2441 243 2455 «
264 2429 420 2466 Maqistro
441 2429 615 2466 Aymerico,
638 2428 785 2457 canonico
807 2428 1041 2458 Saresbiriensi.
1063 2429 1201 2466 Aposto-

190 2468 248 2498 lice
268 2469 357 2498 Sedis
376 2468 556 2507 benignitas
575 2486 624 2496 —.
646 2468 720 2498 Dat.
741 2468 888 2502 Viterbii,
908 2468 939 2497 X
967 2468 1030 2497 kal.
1060 2468 1200 2506 augusti,

190 2517 276 2538 anno
305 2510 432 2546 quarto.
462 2519 474 2535 »

272 2725 359 2751 2637
707 2725 846 2757 Viterbe‚
864 2725 900 2751 18
913 2725 1017 2758 juillet
1034 2725 1120 2751 1258.

274 2778 373 2804 Priori
397 2779 435 2804 de
458 2778 575 2810 Sieura,
600 2778 822 2805 Nemausensis
847 2778 988 2809 diocesis,
1011 2778 1145 2804 mandat
1167 2779 1203 2804 ut

193 2818 365 2844 secundum
395 2818 518 2844 litteras
547 2818 570 2844 1.
606 2825 717 2852 papae,
758 2818 797 2844 ad
824 2817 1035 2851 provisionem
1061 2818 1203 2851 magistri

194 2857 278 2883 Petri
335 2857 413 2884 dicti
445 2857 574 2889 Civada,
605 2857 684 2890 juris
708 2858 810 2884 civilis
834 2857 1026 2891 professoris,
1051 2857 1203 2891 capellani

193 2896 331 2930 episcopi
348 2897 528 2929 Tusculani,
547 2898 584 2923 de
602 2897 708 2931 aliquo
727 2897 879 2923 beneficio
897 2897 1106 2924 ecclesiastico
1126 2897 1203 2923 Nar·

194 2936 340 3009 bonlegigijs
362 2937 543 2970 provinciae
564 2937 725 2971 procedat.
748 2937 845 2970 (Bm.
869 2937 917 2968 25,
940 2936 960 2963 f.
984 2937 1052 2967 149,
1075 2944 1124 2963 an.
1150 2936 1202 2968 IV,

193 2982 219 3001 c.
315 2995 320 3000 .

1339 383 1351 398 α
1365 394 1395 406 ..,
1419 371 1519 410 priori
1541 372 1578 401 de
1602 371 1724 406 Sieura,
1748 371 1974 402 Nemansensis
1996 371 2136 402 diocesis.
2160 372 2307 402 Dilectus

1297 424 1383 454 filius
1408 425 1561 463 magister
1573 442 1623 453 —-.
1638 425 1797 454 Nolumus
1810 426 1920 454 autem
1935 425 2022 464 quod
2041 433 2081 454 ex
2098 425 2168 460 hoc,
2186 425 2304 455 dilecto

1297 477 1364 507 filio
1392 478 1546 516 magistro
1574 477 1725 516 Gregorio
1753 478 1792 507 de
1820 477 1939 507 sancto
1965 477 2152 512 Laurentio,
2181 478 2306 508 medico

1297 532 1330 560 et
1345 530 1510 569 capellano
1527 532 1647 564 nostro,
1664 530 1844 568 precentori
1857 530 2042 564 Biterrensi,
2059 530 2109 560 cui
2124 530 2156 560 in
2172 530 2306 561 civitate

1297 591 1335 613 ac
1352 583 1517 622 provincia
1536 583 1811 617 Narbonensibus,
1830 583 1868 612 de
1887 585 2061 621 personatu
2078 583 2130 612 vel
2148 583 2306 622 dignitate

1297 644 1353 665 seu
1374 636 1437 665 alio
1459 635 1672 665 ecclesiastico
1694 635 1851 665 beneficio
1873 635 2034 674 provideri
2067 636 2306 670 mandavimus.

1298 688 1511 727 preJudicium
1541 688 1672 727 aliquod
1702 690 1881 727 generetur,
1912 688 1990 727 quin
2020 688 2124 718 eidem
2153 688 2309 728 magistro

1297 741 1424 780 P[etro]
1455 741 1487 771 in
1517 741 1716 770 assecutione
1747 741 1932 779 hujusmodi
1962 744 2152 779 personatus
2180 740 2232 771 vel
2261 741 2308 771 di-

1297 794 1431 833 gnitatis
1453 803 1508 823 seu
1531 794 1679 824 beneficii
1701 793 1890 832 preferatur.
1913 811 1954 815 --
1976 793 2052 823 Dat.
2076 794 2223 826 viterbii.
2246 794 2308 824 XV

1298 847 1361 876 kal.
1391 847 1531 886 augusti,
1560 856 1645 876 anno
1674 849 1800 886 quarto.
1831 858 1842 873 n

1380 989 1468 1016 2638
1825 990 1964 1022 Viterbe‚
1976 989 2014 1017 23
2024 989 2129 1023 juillet
2141 990 2228 1017 1258.

1342 1043 1495 1069 Riccardo
1524 1043 1636 1069 rectori
1665 1043 1827 1076 dispensat
1856 1044 1901 1074 ut,
1930 1044 2055 1076 praeter
2082 1043 2243 1070 ecclesiam
2272 1043 2311 1070 de

1302 1082 1478 1114 Lidesulne,
1523 1082 1651 1109 unicum
1693 1082 1780 1109 aliud
1823 1082 2012 1109 beneficium
2055 1082 2311 1114 ecclesiasticum,

1301 1122 1398 1148 etiam
1423 1122 1558 1149 similem
1584 1128 1691 1148 curam
1718 1122 1895 1148 animarum
1921 1122 2050 1154 habens,
2077 1122 2137 1149 etsi
2171 1122 2310 1156 dignitas

1301 1161 1351 1188 vel
1373 1163 1558 1196 personatus
1581 1162 1708 1193 existat,
1730 1161 1866 1196 recipere
1884 1162 1993 1195 possit.
2012 1162 2109 1195 (Hm.
2125 1162 2174 1194 25,
2197 1161 2218 1188 f.
2243 1160 2312 1193 140,

1302 1208 1351 1228 an.
1386 1202 1438 1234 IV,
1469 1209 1494 1228 c.
1528 1202 1608 1234 197.)

1344 1290 1355 1305 «
1377 1278 1537 1312 Riccardo‚
1559 1278 1666 1308 rectori
1687 1278 1808 1308 ecclesie
1829 1278 1865 1307 de
1885 1277 2062 1312 Lidesulne,
2086 1277 2313 1308 Winloniemix

1301 1331 1441 1361 diocesis.
1465 1331 1649 1370 Apostolice
1673 1331 1762 1362 Sedis
1785 1331 1967 1370 benignitas
1989 1348 2040 1360 —.
2065 1331 2141 1361 Dat.
2165 1331 2313 1366 Viterbii,

1303 1385 1335 1414 X
1361 1384 1423 1414 kal.
1450 1384 1590 1424 augusti,
1617 1393 1702 1414 anno
1729 1386 1855 1423 quarto.
1883 1395 1895 1411 »

1382 1528 1472 1554 2639
1832 1527 1970 1559 Viterbe‚
1989 1527 2006 1554 7
2022 1527 2127 1561 juillet
2145 1527 2232 1554 1258.

1344 1581 1494 1615 Magistro
1520 1580 1630 1607 Heliae
1654 1580 1771 1614 Vigerii
1794 1580 1937 1614 indulget
1961 1581 1997 1606 ut
2020 1580 2052 1606 in
2075 1580 2143 1607 loco
2167 1580 2315 1608 ecelesiae

1248 1644 1252 1667 l
1304 1622 1342 1647 de
1354 1621 1530 1652 Cornuelia,
1544 1621 1755 1647 Nannetensis
1767 1620 1909 1652 diocesis,
1920 1620 2017 1647 libere
2029 1620 2069 1646 ab
2081 1627 2116 1646 eo
2127 1620 2314 1654 resignatae,

1303 1661 1389 1687 aliud
1407 1660 1653 1687 ecclesiasticum
1671 1660 1859 1686 beneficium
1878 1667 1950 1686 cum
1968 1666 2052 1692 cura,
2069 1659 2164 1693 juxta
2180 1659 2315 1687 formam

1304 1700 1548 1734 dispensationis
1581 1700 1609 1726 ei
1642 1700 1728 1734 prius
1761 1707 1779 1726 a
1814 1699 1891 1726 Sede
1924 1699 2108 1733 Apostolica
2141 1706 2314 1732 concessae,

1304 1740 1440 1774 recipere
1468 1741 1500 1766 et
1527 1747 1599 1766 cum
1628 1739 1757 1766 ecclesia
1785 1739 1822 1765 de
1849 1739 2054 1772 Thalamone,
2083 1739 2316 1766 xanctonensis

1304 1780 1446 1812 diocesis,
1463 1779 1597 1806 retinere
1612 1779 1728 1806 valeat.
1746 1779 1843 1812 (Res.
1860 1778 1909 1810 25,
1926 1779 1947 1805 f.
1965 1779 2034 1812 149,
2050 1786 2100 1805 an.
2120 1779 2172 1811 IV,
2189 1786 2214 1806 c.
2232 1778 2316 1812 198.)

1345 1869 1357 1883 «
1382 1856 1540 1895 Maqislro
1566 1855 1667 1886 Heliae
1698 1856 1828 1894 Viqerii,
1856 1856 1964 1886 rectori
1990 1855 2112 1885 ecclesie
2135 1855 2172 1885 de
2199 1855 2314 1885 Thala-

1301 1919 1400 1944 mone,
1411 1909 1642 1939 Xanctonensis
1653 1908 1792 1938 diocesis.
1804 1908 1855 1938 Ex
1864 1911 1957 1947 parte
1967 1910 2025 1938 tua
2034 1927 2078 1937 ψ.
2092 1908 2168 1938 Dat.
2180 1908 2316 1943 Viterbi,

1303 1963 1396 1992 nonis
1421 1962 1502 2001 julii,
1530 1971 1615 1992 anno
1642 1964 1769 2001 quarto.
1798 1973 1810 1988 »

1387 2133 1477 2159 2640
1830 2132 1968 2164 Viterbe‚
1988 2131 2006 2157 9
2023 2131 2127 2165 juillet
2148 2131 2235 2158 1258.

1348 2186 1498 2219 Magistro
1516 2185 1608 2212 Petro
1624 2185 1751 2218 Vigerii,
1767 2185 1916 2211 canonico
1933 2184 2160 2216 Xanctonensi,
2176 2183 2318 2218 indulget

1308 2227 1344 2252 ut
1377 2225 1719 2259 archipresbyteratum
1753 2224 1887 2251 ruralem
1920 2224 1958 2250 de
1990 2224 2153 2256 Archiaco,
2187 2224 2318 2251 diocesis

1309 2265 1552 2296 Xanctonensis,
1592 2272 1685 2298 quem
1713 2265 1779 2291 sine
1807 2263 1939 2298 speciale
1965 2264 2118 2290 mandato
2146 2263 2318 2297 apostolico

1308 2305 1444 2339 recipere
1473 2304 1626 2335 noluerat,
1655 2304 1751 2330 libere
1778 2304 1914 2338 recipere
1943 2305 1974 2330 et
2003 2310 2066 2330 una
2094 2310 2166 2330 cum
2195 2303 2318 2330 duobus

1309 2344 1526 2371 ecclesiasticis
1565 2344 1726 2370 benefieiis
1766 2351 1872 2370 curam
1912 2343 2088 2369 animarum
2128 2342 2319 2370 habentibus

1309 2385 1337 2411 ei
1367 2385 1399 2411 in
1431 2384 1540 2410 eadem
1572 2383 1688 2410 diocesi
1719 2383 1881 2414 concessis,
1914 2383 2047 2409 retinere
2078 2382 2187 2416 possit.
2219 2382 2317 2416 (nno.

1310 2424 1357 2455 25,
1380 2424 1401 2450 f.
1425 2424 1493 2455 149,
1515 2430 1564 2450 an.
1591 2423 1643 2454 IV,
1665 2430 1690 2449 c.
1714 2422 1795 2455 199.)

1350 2512 1363 2528 α
1380 2500 1538 2538 Mayislro
1558 2500 1648 2529 Petro
1672 2499 1801 2538 Viyerii,
1823 2499 1970 2528 canonico
1994 2498 2234 2528 Xanctonensis.
2261 2498 2319 2528 Pe-

1308 2553 1383 2583 titio
1405 2556 1463 2583 tua
1488 2553 1579 2582 nobis
1601 2570 1651 2581 —-.
1677 2553 1753 2582 Dat.
1778 2552 1924 2586 Viterbii,
1948 2551 2013 2580 VII
2036 2551 2108 2581 idus
2129 2551 2210 2590 julii,
2233 2559 2319 2581 anno

1309 2609 1436 2645 quarto.
1480 2617 1492 2632 »

1390 2776 1471 2802 2641
1854 2775 1992 2807 Viterbe‚
2014 2774 2032 2801 8
2053 2774 2128 2801 aofit
2150 2773 2238 2801 1258.

1352 2816 1508 2850 Episcopo
1533 2817 1564 2842 et
1590 2815 1729 2849 capitulo
1755 2814 1979 2842 salamantinis
2003 2815 2136 2840 mandat
2160 2815 2196 2840 ut
2221 2813 2319 2841 Simo-

1310 2863 1382 2882 nem
1410 2855 1505 2886 Petri,
1528 2855 1684 2887 clericum,
1711 2855 1742 2881 in
1763 2855 1948 2882 canonicum
1974 2855 2006 2880 et
2031 2854 2063 2880 in
2089 2854 2219 2880 fratrem
2245 2852 2320 2880 reci-

1310 2895 1411 2929 piant,
1434 2895 1525 2928 eique
1548 2894 1585 2921 de
1608 2895 1797 2928 praebenda,
1820 2894 2019 2928 provideant,
2042 2893 2214 2920 secundum
2234 2892 2320 2919 litte-

1311 2942 1361 2961 ras
1386 2934 1462 2960 olim
1489 2934 1528 2960 ab
1541 2934 1725 2968 Apostolica
1751 2934 1829 2960 Sede
1855 2934 1899 2960 eis
1925 2934 2069 2960 directas.
2097 2933 2194 2965 (REG.
2221 2931 2270 2964 25,
2295 2931 2320 2958 t.

1313 2974 1370 3001 149
1392 2978 1438 3006 v⁰‚
1462 2981 1511 3000 an.
1538 2973 1590 3005 IV,
1613 2981 1638 3000 c.
1662 2973 1744 3007 200.)

2413 3328 2422 3341 ο
