2477 3512
962 293 1191 333 Temsimffi
1216 294 1361 331 ANNEE

149 380 200 409 vir
219 378 413 409 Guillelmus
441 378 480 409 de
502 379 622 415 Marra,
644 377 887 408 Aberdonensis
908 376 1061 412 diocesis,
1084 386 1139 406 co-
1163 388 1164 409 1

151 435 297 465 mitatum
329 434 368 465 de
404 435 525 473 Marra,
568 434 607 464 ad
642 433 802 474 prefatum
842 432 979 463 Alanum
1000 432 1039 463 de
1065 432 1138 473 jure

148 501 365 538 spectantem,
388 497 551 528 detineret
568 497 600 526 10
622 495 769 536 ejusdem
790 496 828 525 A.
852 494 1064 535 prejudicium
1085 504 1139 524 oc-

151 557 314 594 cupatum,
336 563 375 583 ac
387 552 584 593 Morgundus
598 554 630 582 et
651 551 821 581 Duncanus
845 551 1002 583 defuncti,
1026 550 1139 590 (1011103

152 609 257 640 dictus
271 609 458 640 Guillelmus
474 609 504 638 in
525 607 679 638 comitatu
701 607 769 647 ipso
791 617 825 637 se
852 607 1028 638 succedere
1049 616 1139 636 asse-
1164 627 1165 636 1

150 667 204 701 rit,
223 676 284 696 non
304 665 423 696 fuerint
443 664 482 695 de
502 663 647 705 legitimo
665 663 869 694 matrimonio
883 663 1057 704 procreati,
1073 662 1139 693 dic—

148 727 198 752 tus
219 722 340 752 Alanus
365 720 518 761 quasdam
545 730 641 760 super
668 719 728 749 hoc
755 730 813 760 per
838 719 997 759 quendam
1021 728 1137 760 procu-

147 780 290 809 ratorem
329 787 419 807 suum
445 776 485 806 ad
520 775 739 806 venerabilem
772 776 908 806 fratrem
937 776 1083 806 nostrum
1113 799 1133 804 ..

146 834 329 875 episcopum
366 832 620 863 Brechinensem
660 842 813 872 suumque
844 831 1001 872 collegam
1035 831 1135 871 impe-

2115 302 2173 333 701

1189 386 1258 406 rum
1279 376 1318 407 de
1347 379 1459 406 cetero
1488 386 1595 407 coram
1628 387 1826 417 quocumque
1855 377 1964 418 judice
1986 377 2174 413 haberetur,

1191 432 1334 472 partibus
1353 441 1449 473 super
1460 432 1534 473 jure
1551 442 1607 462 suo
1629 433 1657 462 in
1677 434 1843 472 questione
1856 433 2039 474 hujusmodi
2050 433 2176 463 litteras

1190 488 1383 529 impetrandi
1401 489 1566 519 licentiam
1579 489 1797 527 concedendo,
1815 496 1909 531 prout
1929 490 1959 520 10
1973 489 2093 520 litteris
2108 499 2177 519 car-

1190 544 1305 574 dinalis
1327 543 1471 585 ejusdem
1488 544 1612 585 plenius
1637 546 1831 575 continetur.
1868 546 1931 575 Nos
1966 545 2067 585 igitur
2095 544 2176 585 quod

1190 610 1247 640 per
1267 600 1403 630 6111111010
1419 600 1616 630 cardinalem
1637 610 1733 641 super
1757 601 1815 631 hoc
1844 602 1963 632 factum
1993 604 2042 632 est
2070 604 2173 632 ratum

1164 662 1165 668 ¹
1190 660 1223 686 et
1248 660 1375 696 gratum
1402 657 1559 688 habentes
1577 667 1613 687 ac
1635 658 1829 688 auctoritate
1850 658 2028 698 apostolica
2062 657 2176 688 confir-

1162 746 1163 770 1

1161 774 1163 798 1

1160 799 1163 827 1

1160 831 1162 864 l

146 889 246 920 travit
273 888 400 918 litteras
436 887 631 928 apostolicas
658 888 745 917 inter
774 889 883 917 cetera
914 887 1132 924 continentes,
1158 882 1160 916 J

147 948 191 983 ut,
212 945 335 975 vocatis
349 944 401 984 qui
422 943 557 974 vocandi
576 951 686 974 essent
707 950 740 974 et
768 943 920 983 inquisita
945 953 1042 983 super
1061 952 1133 983 pre-
1158 972 1159 975 ,

145 1001 251 1031 missis
271 999 461 1041 diligentius
482 1001 634 1038 veritate,
663 1000 745 1040 quod
763 1000 945 1030 invenirent
974 1010 1032 1041 per
1059 1009 1133 1030 suas
1158 1018 1160 1035 ,1

143 1056 234 1087 nobis
266 1056 393 1087 litteras
413 1057 614 1093 intimarent,
642 1055 831 1097 prefigendo
851 1056 995 1096 partibus
1024 1056 1134 1086 termi-

131 1119 217 1143 'num
238 1113 490 1154 peremptorium
506 1114 757 1154 competentem.
780 1122 853 1152 (100,
878 1122 934 1153 per
955 1123 989 1143 se
1008 1113 1057 1143 vel
1079 1123 1136 1153 per

141 1172 369 1210 procuratores
384 1168 517 1200 idoneos
537 1168 576 1199 ad
592 1179 723 1199 causam
736 1168 920 1209 hujusmodi
935 1168 1136 1199 sufficienter

140 1225 329 1262 instructos,
352 1228 463 1256 nostro
499 1235 533 1256 se
572 1226 759 1266 conspectui
787 1228 1029 1266 presentarent,
1066 1226 1135 1256 fac-

143 1286 214 1312 ture
235 1292 272 1312 ac
292 1284 477 1322 receptare,
500 1281 583 1322 quod
604 1281 681 1312 ordo
713 1282 866 1322 exigeret
886 1283 1032 1312 rationis.
1058 1282 1133 1319 Sed,

141 1348 213 1368 cum
232 1337 328 1368 iidem
342 1338 512 1379 episcopus
529 1343 562 1368 et
581 1338 709 1379 collega
725 1338 755 1367 111
777 1338 890 1368 eodem
910 1339 1040 1378 negotio
1061 1349 1135 1379 pro—

142 1393 311 1429 cedentes,
334 1404 522 1435 processum
545 1404 637 1424 suum
664 1394 703 1424 ad
737 1404 877 1425 examen
909 1395 1132 1435 apostolicum,

139 1450 236 1491 juxta
259 1450 417 1481 dictarum
439 1450 624 1481 litterarum
649 1451 895 1489 continentiam,
917 1451 1132 1488 remisissent,

141 1516 199 1537 nos
220 1507 435 1548 postmodum,
450 1517 579 1538 causam
599 1506 783 1548 hujusmodi
802 1506 925 1538 dilecto
938 1506 1001 1538 filio
1022 1510 1134 1538 nostro
1159 1522 1161 1530 .

142 1564 182 1594 O.
197 1564 315 1594 Sancte
336 1564 439 1594 Marie
460 1564 490 1594 111
503 1564 566 1594 Via
576 1564 656 1594 Lata
670 1563 805 1594 diacono
826 1563 981 1594 cardinali
1003 1565 1133 1595 conimi-

139 1686 215 1717 pars
248 1676 352 1707 altera
381 1686 489 1707 coram
522 1677 592 1717 ipso
624 1676 779 1718 quasdam
804 1677 933 1708 litteras
973 1677 1030 1707 sub
1051 1677 1134 1708 bulla

142 1734 254 1764 nostra
273 1733 453 1766 confectas,
476 1733 695 1774 predictarum
718 1733 757 1764 ad
774 1733 877 1764 dictos
896 1734 1080 1774 episcopum
1102 1737 1136 1764 et

141 1788 302 1830 collegam
335 1789 540 1820 obtentarum
565 1794 708 1820 tenorem
740 1790 887 1821 totaliter
916 1791 1133 1828 00011060163,

142 1855 221 1886 (1033
251 1845 334 1876 idem
370 1846 563 1877 Guillelmus
595 1846 663 1877 ad..
699 1846 846 1877 abbatem
882 1847 1071 1877 monasterii
1095 1847 1134 1877 de

141 1901 318 1933 Jeddewrd
340 1912 478 1944 suosque
505 1902 649 1944 collegas
677 1904 883 1944 impetrarat,
904 1904 1056 1936 ostendit.
1078 1913 1135 1944 per

1189 719 1326 751 mantes,
1352 713 1552 748 mandamus,
1576 714 1725 753 quatinus
1740 714 1864 743 vocatis
1885 714 1937 752 (1111
1957 714 2080 744 fuerint
2101 723 2175 744 evo-

1188 768 1292 805 candi,
1311 779 1407 810 super
1428 769 1588 800 natalibus
1609 769 1684 800 dicti
1707 770 1877 809 Morgundi
1898 770 2070 810 inquiratis
2102 770 2175 800 dili-

1187 827 1314 865 gentius
1335 826 1520 860 veritatem,
1545 828 1577 856 et
1598 826 1679 866 quod
1714 827 1901 856 canonicum
1934 826 2042 861 fuerit,
2069 826 2176 867 appel-

1185 881 1304 912 latione
1326 882 1517 922 postposita.
1551 882 1735 913 decernatis
1761 888 1826 913 etc.
1851 891 1971 922 usque:
1995 882 2174 920 observari,

1185 937 1270 969 dicto
1292 939 1362 978 regi
1382 939 1556 970 comitatus
1577 939 1676 980 ipsius
1693 938 1817 979 judicio
1843 942 2026 969 reservato.
2060 940 2174 969 Testes

1186 997 1293 1025 autem
1308 998 1370 1025 etc.
1386 1005 1486 1034 usque
1499 1004 1505 1025 ;
1519 995 1709 1035 116111111616;
1728 1005 1789 1025 1100
1802 995 1952 1026 0113131116
1963 995 2175 1035 indulgentia,

1185 1061 1247 1091 qua
1267 1051 1336 1088 tibi,
1359 1050 1403 1081 fili
1425 1051 1525 1092 prior,
1562 1051 1612 1082 vel
1652 1051 1806 1082 fratribus
1838 1052 1884 1082 tui
1904 1051 2023 1081 ordinis
2055 1061 2073 1081 a
2096 1051 2178 1082 Sede

1186 1108 1374 1149 Apostolica
1393 1107 1511 1138 dicitur
1549 1118 1623 1139 esse
1657 1118 1861 1146 concessum,
1889 1108 1971 1148 quod
2007 1107 2046 1138 de
2071 1108 2176 1138 causis

1185 1164 1277 1194 inviti
1305 1174 1504 1205 cognoscere
1526 1165 1655 1195 minime
1674 1165 1859 1201 teneamini,
1879 1174 1940 1204 (1116
1955 1163 2044 1194 vobis
2062 1174 2079 1194 a
2095 1164 2177 1195 Sede

1187 1220 1433 1251 committuntur
1449 1221 1576 1256 eadem,
1617 1227 1651 1251 et
1684 1231 1744 1261 que
1776 1220 1815 1251 (16
1843 1220 1965 1251 indulto
1994 1220 2176 1261 hujusmodi

1187 1277 1312 1317 plenam
1335 1280 1368 1308 et
1382 1287 1572 1318 expressam
1589 1287 1651 1308 non
1671 1277 1811 1308 fecerint
1833 1277 2039 1307 mentionem.
2064 1277 2176 1307 Datum

1188 1333 1339 1369 Viterbii,
1354 1334 1413 1364 IIII
1433 1343 1534 1364 nonas
1550 1333 1704 1372 octobris,
1726 1344 1807 1364 anno
1828 1334 1937 1364 tertio.
1965 1347 1978 1361 υ

1260 1469 1360 1496 2275
1701 1470 1826 1497 Viterbe,
1845 1471 1873 1495 15
1890 1469 2009 1495 octobre
2030 1471 2104 1494 1257.

1223 1559 1364 1585 Omnibus
1380 1559 1572 1585 ecclesiarum
1599 1559 1735 1593 praelatis
1752 1567 1803 1593 per
1815 1567 1937 1593 regnum
1953 1559 2092 1585 Franciae
2110 1567 2179 1585 con-

141 1619 240 1650 Sjmus
261 1620 505 1658 terminandam,
520 1630 629 1651 coram
654 1630 727 1661 quo,
760 1630 857 1650 causa
873 1621 941 1661 ipsa
956 1621 1131 1661 pendente,
1159 1616 1160 1641 3
1186 1609 1295 1632 stitutis
1309 1606 1491 1632 notumfamt
1505 1615 1535 1632 se
1551 1606 1690 1632 omnibus
1700 1606 1735 1632 ad
1746 1606 1957 1640 perfectionem
1972 1614 2069 1640 operis
2083 1605 2175 1632 eccle-

1185 1654 1245 1680 siae
1267 1653 1518 1680 Claromontensis
1535 1654 1716 1688 adjutorium
1737 1654 1937 1680 tribuentibus
1957 1658 2065 1680 certam
2080 1653 2176 1680 indul-

1186 1702 1315 1735 gentiam
1345 1702 1551 1728 concessisse:
1586 1702 1769 1736 supradictos
1797 1705 1908 1734 monet,
1939 1705 1970 1727 ut
1997 1702 2125 1735 episcopi
2149 1704 2176 1727 et

1159 1757 1160 1774 1
1187 1749 1305 1783 capituli
1333 1750 1453 1776 nuntios
1477 1750 1603 1784 benigne
1622 1750 1766 1782 recipiant
1791 1753 1818 1775 et
1840 1758 1854 1774 a
1875 1749 2003 1775 subditis
2031 1749 2119 1783 recipi
2136 1749 2176 1774 fa-

143 1967 220 1998 quas
234 1957 398 1998 predictas
414 1958 542 1989 litteras
559 1958 599 1989 ad
620 1959 803 2000 episcopum
826 1961 858 1990 et
879 1959 1040 2001 collegam
1063 1970 1134 2001 pre-
1160 1987 1161 1990 ,

1160 2011 1217 2036 =el
1249 2003 1327 2035 aliis
1359 2004 1573 2036 ecclesiarum
1606 2002 1746 2046 prelatis
1772 2013 1834 2045 per
1859 2012 2000 2043 refluum
2035 1999 2174 2032 Francie

142 2013 247 2045 dictos
259 2013 424 2052 obtentas,
448 2015 474 2045 si
494 2015 568 2046 talis
588 2016 674 2046 foret
694 2017 938 2057 tenoripsarum
959 2027 1018 2058 per
1030 2017 1133 2047 omnia

142 2071 246 2111 qualis
266 2071 297 2100 in
324 2071 474 2102 secundis
495 2072 614 2103 litteris
646 2073 789 2102 insertus
805 2074 923 2109 fuerat,
946 2073 1046 2104 falsas
1063 2083 1135 2104 esse
1160 2082 1161 2108 1

143 2182 255 2214 eodem
275 2184 430 2215 cardinali
453 2185 491 2215 ad
517 2186 654 2217 invicem
674 2185 793 2217 diutius
819 2185 1034 2227 litigantibus,
1067 2190 1135 2216 tau-
1160 2172 1161 2207 1

144 2238 216 2269 dem
239 2240 344 2271 dictus
362 2241 547 2279 cardinalis,
568 2242 688 2273 auditis
707 2247 738 2273 ct
756 2242 934 2274 intellectis
957 2243 1135 2273 rationibus
1160 2235 1161 2239 ¹

144 2298 177 2326 et
202 2295 462 2337 allegationibus,
485 2308 563 2338 (1033
597 2301 707 2340 partes
748 2299 918 2329 voluerunt
958 2309 1136 2340 proponere

144 2362 253 2382 coram
285 2362 333 2386 eo,
374 2363 443 2384 cum
466 2362 656 2395 procurator
683 2356 778 2386 Alani
817 2355 953 2396 predicti
975 2356 1135 2397 originale

145 2408 325 2440 litterarum
345 2410 486 2451 ipsarum
519 2412 701 2451 nequiverit
733 2412 906 2443 ostendere
925 2422 1032 2443 coram
1053 2413 1132 2453 ipso,

145 2475 216 2495 cum
248 2465 326 2496 illud
346 2467 532 2507 juramento
556 2479 613 2499 suo
633 2472 801 2500 assereret
830 2470 899 2500 sore
928 2470 958 2499 in
989 2469 1135 2510 partibus

147 2522 340 2559 Scoticanis,
354 2524 466 2554 volens
480 2535 614 2565 parcere
637 2526 773 2566 partium
789 2525 948 2556 laboribus
962 2527 995 2556 et
1011 2536 1134 2567 expen-

146 2577 202 2613 sis,
225 2579 383 2609 relatione
410 2579 449 2610 de
484 2581 638 2621 predictis
666 2582 812 2612 omnibus
845 2582 935 2613 nobis
969 2582 1067 2619 sacta,
1095 2583 1134 2614 de

147 2637 258 2665 nostra
288 2635 419 2666 licentia
451 2641 484 2667 et
524 2637 674 2668 mandato
703 2648 741 2668 ac
770 2639 866 2669 etiam
896 2638 934 2669 de
966 2639 1133 2670 voluntate

148 2691 283 2730 partium
305 2695 337 2722 et
356 2702 505 2725 assensu,
527 2693 654 2724 litteras
676 2703 826 2735 utrasque
865 2696 1055 2736 impetratas
1093 2706 1133 2726 ex

147 2751 238 2787 parte
257 2748 354 2788 ipsius
369 2748 462 2778 Alani
483 2755 517 2779 et
540 2760 578 2779 ex
596 2756 687 2791 parte
700 2751 797 2781 ctiam
821 2751 984 2781 Guillelmi
1005 2752 1133 2781 comitis

148 2804 329 2836 memorati.
361 2810 395 2834 et
426 2815 596 2845 processus
628 2817 739 2837 omnes
763 2807 889 2837 habitos
926 2818 982 2848 per
1002 2807 1132 2838 easdem

1158 2852 1159 2887 }
1185 2862 1325 2894 ecclesie
1344 2860 1519 2902 suffragari
1538 2860 1753 2901 percepimus,
1776 2861 1902 2889 attente
1919 2857 2074 2898 pensatis,
2098 2866 2169 2887 eum

148 2861 289 2891 cassavit
309 2866 343 2891 et
356 2861 507 2894 irritavit.
531 2873 642 2893 cassos
664 2864 760 2894 etiam
776 2867 809 2894 et
829 2864 940 2894 irritos
959 2865 1132 2897 nuntiavit.

147 2925 280 2946 cassans
299 2917 522 2948 nichilominus
546 2929 672 2949 omnem
693 2930 894 2960 processum.
923 2920 949 2950 si
969 2920 1039 2960 quis
1056 2931 1133 2950 auc-
1158 2926 1160 2941 ἵ

149 2971 281 3003 toritate
297 2967 476 3005 litterarum
497 2985 536 3005 ex
555 2982 646 3016 parte
669 2975 768 3016 ipsius
796 2976 924 3006 comitis
945 2976 1133 3016 impetrata·
1159 3000 1161 3011 ,

1186 1797 1273 1823 ciant.
1289 1798 1367 1830 (Rssc.
1386 1798 1427 1826 25,
1445 1805 1471 1823 a,
1495 1798 1540 1829 111,
1558 1806 1582 1823 c.
1601 1799 1661 1827 681,
1679 1797 1698 1822 f.
1716 1799 1758 1823 89.

1233 1906 1246 1919 «
1273 1891 1536 1935 Areliiepiscopis
1550 1889 1765 1933 aepiscopis,
1785 1888 1969 1927 abbatibus,
1992 1887 2173 1931 prioribus,

1187 1947 1334 1985 decanis,
1358 1946 1621 1986 archidiaconis,
1655 1945 1848 1989 preposilis,
1887 1943 2176 1987 ‹zivlzipresbz'teris

1186 2061 1386 2094 constitutis.
1415 2061 1635 2092 Ecclesiaruni
1676 2060 1808 2091 fabricis
1832 2079 1885 2090 —.
1910 2059 1980 2089 Dat.
2024 2057 2173 2093 Viterbii,

142 2126 278 2157 dicimur
297 2127 494 2159 decrevisse.
511 2129 647 2168 Verum,
667 2129 812 2170 partibus
826 2140 924 2170 super
943 2129 1005 2160 11113
1025 2140 1134 2161 coram
1186 2118 1288 2149 idibfl*
1310 2118 1462 2155 ‘WtOl's'iSv
1487 2128 1569 2148 anno
1587 2118 1698 2148 temo·
1726 2130 1738 2143 ''

1258 2250 1358 2277 2276
1698 2248 1822 2278 Viterbe,
1840 2249 1871 2272 27
1889 2246 2007 2272 octobre
2025 2247 2100 2271 1257.

1222 2339 1354 2373 capitulo
1371 2337 1552 2364 Connerensi
1566 2337 1697 2367 mandat,
1708 2339 1854 2369 quatenus
1866 2334 2055 2360 Guillelmum
2071 2333 2099 2359 in
2116 2333 2175 2367 epi-

1187 2394 1309 2421 scopum
1326 2387 1546 2412 Connerensem
1560 2384 1742 2419 praesectum
1758 2383 1901 2416 recipiant
1923 2382 2007 2416 eique
2024 2381 2174 2407 humiliter

1187 2434 1352 2460 intendant.
1372 2434 1448 2459 inne..
1466 2435 1510 2463 25,
1527 2441 1551 2458 a.
1570 2432 1656 2463 111,c.
1679 2432 1752 2463 682¹,
1770 2431 1788 2456 f.
1805 2431 1873 2463 89⁸2)

1233 2537 1247 2551 ι(
1265 2521 1420 2565 Capitale
1445 2520 1660 2553 Commi-ensi.
1677 2520 1811 2551 Cassata
1833 2519 2005 2557 electione,
2022 2528 2114 2558 quam
2135 2518 2173 2548 de

1203 2606 1208 2610 .
1242 2578 1468 2610 archidiacono
1505 2581 1616 2609 vestro
1655 2588 1672 2608 a
1703 2576 1793 2607 vobis
1828 2577 1857 2606 in
1894 2575 2034 2606 ecclesia
2063 2576 2173 2605 vestra

1185 2639 1260 2667 tunc
1282 2638 1413 2677 pastore
1429 2640 1566 2666 vacante
1586 2634 1765 2664 invenimus
1785 2633 1888 2663 mimis
1908 2632 2062 2663 canonice
2086 2631 2174 2661 cele-

1187 2693 1323 2730 bratam,
1337 2702 1374 2723 ac
1389 2692 1517 2722 demum
1537 2691 1660 2721 meritis
1678 2689 1825 2727 scientie,
1846 2688 2027 2719 honestatis
2043 2691 2076 2718 et
2094 2688 2170 2722 vite,

1185 2760 1246 2790 que
1276 2748 1454 2779 venerabili
1487 2748 1578 2778 fratri
1612 2751 1723 2777 nostro
1761 2746 1932 2777 Guillelmo
1971 2743 2169 2775 Cminorensi

1185 2806 1336 2847 episcopo
1358 2805 1607 2845 tunccapellano
1629 2806 1737 2833 nostro
1759 2802 1913 2832 monarbo
1936 2800 2172 2831 wintoniensis

1186 2919 1246 2959 ipsi
1266 2918 1406 2950 ecclesie
1421 2916 1779 2953 Connereiisi,fi·atruni
1801 2918 1983 2945 nostrorum
1997 2913 2171 2943 communi-

1186 2978 1259 3006 cato
1279 2975 1425 3007 consilio,
1448 2975 1477 3004 in
1509 2973 1691 3014 episcopum
1714 2971 1907 3012 prefecimus¹
1937 2972 1967 3000 61
1994 2972 2168 3010 pastorem,
