2477 3512
166 264 229 297 100
861 260 1130 294 REGISTRES
1156 260 1508 293 D'ALEXANDRE
1537 260 1585 292 IV

162 367 322 410 iniquam
353 370 475 399 contra
506 377 565 399 eos
595 367 817 398 definitivam
848 367 1063 398 sententiam
1094 377 1171 408 pro-

163 421 378 461 mulgarunt,
406 421 449 452 ad
477 423 634 452 nostram
661 420 837 451 duxerunt
865 419 1085 451 audientiam
1111 429 1172 461 ap-

163 474 378 515 pellandum,
414 477 620 515 certumque
654 473 718 503 sibi
754 472 944 503 terminum
978 473 1022 503 ad
1056 482 1173 514 prose-

165 527 342 568 quendam
366 526 641 568 appellationem
666 525 869 566 hujusmodi
893 526 937 556 ab
960 525 1083 558 eadem
1108 525 1175 556 dif-

164 580 305 611 finitiva
327 579 550 620 interjectam
572 579 666 620 apud
689 578 812 610 Sedem
835 578 1078 620 Apostolicam
1100 588 1175 620 pre-

162 633 330 664 fixerunt.
359 632 491 664 Verum
519 632 805 673 archiepiscopus
832 634 862 662 et
894 631 1092 672 capitulum
1119 641 1175 662 su-

163 686 326 728 pradicti,
365 685 664 727 appellationibus
702 685 918 726 contemptis
956 684 1173 725 hujusmodi,

163 741 329 780 pretextu
374 738 533 779 ejusdem
579 738 771 769 diffinitive
818 738 1073 779 possessionem
1119 738 1173 769 vel

163 792 262 833 quasi
288 791 420 832 jurium
449 792 687 833 predictorum
718 794 846 822 temere
873 793 1104 832 occuparunt,
1133 800 1173 821 ac

162 848 397 886 procurarunt
432 845 466 876 in
503 845 638 876 dictum
673 845 878 886 episcopum
915 844 1172 875 Lismorensem

161 900 197 930 et
231 898 418 930 nonnullos
452 899 494 929 de
528 898 733 940 supradicto
768 897 924 938 capitulo
960 897 1173 931 Lismorensi

162 961 223 992 per
265 951 379 983 dictos
422 951 672 991 subdelegatos
715 950 1095 982 excommunicationis
1137 952 1172 981 et

161 1004 340 1035 interdicti
368 1005 564 1035 sententias
591 1007 714 1035 contra
741 1004 917 1044 justitiam
947 1003 1172 1045 promulgari.

164 1057 265 1088 Unde
294 1057 442 1089 dilectus
470 1056 564 1089 filius
594 1060 712 1088 noster
741 1059 779 1088 ().
812 1056 905 1088 tituli
934 1057 1053 1088 Sancti
1083 1056 1175 1087 Lau—

162 1110 265 1142 rentii
289 1110 322 1141 in
347 1110 479 1141 Lucina
504 1110 678 1152 presbiter
700 1110 888 1142 cardinalis
912 1120 1015 1151 quem
1040 1112 1113 1140 tam
1138 1109 1171 1140 in

161 1163 275 1194 causis
295 1163 574 1204 appellationum
596 1163 801 1204 hujusmodi
823 1173 930 1204 quam
951 1163 1059 1194 etiam
1080 1162 1174 1204 prin-

161 1216 265 1257 cipali
302 1217 464 1248 dedimus
499 1216 698 1248 auditorem
737 1217 778 1247 de
815 1216 1053 1258 attemptatis,
1092 1218 1173 1257 post

163 1269 277 1301 dictas
302 1269 558 1311 appellationes
584 1270 738 1309 legitime
764 1270 916 1310 cognito,
945 1270 1058 1301 dictos
1084 1269 1173 1310 epis-

162 1332 290 1364 copum
320 1326 355 1353 et
384 1323 582 1364 capitulum
611 1323 646 1353 in
677 1323 776 1364 quasi
807 1323 1062 1364 possessionem
1091 1322 1172 1353 sub-

160 1375 324 1416 jectionis
349 1378 384 1407 et
409 1376 666 1417 jurisdictionis
692 1376 928 1412 ecclesiarum,
957 1376 1171 1417 capellarum

161 1431 197 1460 et
223 1429 518 1460 monasteriorum
546 1429 797 1470 predictorum,
825 1429 859 1460 in
887 1438 957 1471 qua
984 1428 1173 1460 cardinalis

161 1481 235 1522 ipse
262 1491 322 1513 eos
350 1485 510 1523 tempore
538 1482 820 1524 appellationum
850 1482 1054 1523 hujusmodi
1083 1482 1173 1513 exti-

161 1534 245 1566 tisse
285 1535 463 1576 cognovit,
506 1545 567 1576 per
606 1535 912 1567 interlocutoriam
954 1535 1172 1566 reducendos

161 1597 236 1619 esse
271 1588 437 1625 decrevit,
475 1588 655 1630 prefatum
691 1598 833 1630 quoque
868 1588 1171 1630 archiepiscopum

162 1642 200 1672 et
225 1641 406 1672 ecclesiam
434 1641 664 1673 (Iassellenses
691 1652 834 1673 eausam
861 1641 1067 1682 hujusmodi
1094 1651 1172 1682 pro-

163 1696 360 1735 sequentes,
384 1695 427 1725 ad
450 1694 713 1726 restitutionem
736 1695 918 1726 fructuum
940 1704 984 1726 cx
1006 1694 1172 1736 predictis

162 1747 278 1778 medio
315 1750 471 1789 tempore
506 1751 753 1789 perceptorum
789 1758 849 1789 per
882 1749 1030 1779 eandem
1065 1748 1172 1779 inter-

162 1799 371 1832 locutoriam
400 1801 689 1842 condempnavit,
722 1802 898 1842 predictas
927 1801 1106 1832 interdicti
1135 1803 1171 1832 et

162 1853 540 1885 excommunicationis
567 1854 762 1885 sententias
789 1855 903 1885 nullas
928 1864 1002 1885 esse
1029 1854 1170 1895 penitus

162 1906 371 1943 nuntiando,
399 1916 439 1938 ac
466 1907 633 1948 quicquid
660 1916 704 1938 ex
729 1907 777 1939 eis
803 1907 858 1939 vel
885 1908 929 1939 ob
956 1917 1014 1939 eas
1040 1917 1099 1938 seu
1127 1916 1171 1938 ex

161 1959 317 2000 predicte
343 1959 533 1991 diffinitive
557 1960 765 1992 executione
789 1963 951 1992 secutum
975 1963 1028 1992 est
1053 1961 1169 1992 decer-

161 2012 276 2043 nendo
298 2012 437 2044 irritum
458 2015 494 2044 et
514 2013 629 2050 inane,
653 2016 757 2055 prout
780 2013 814 2044 in
835 2014 963 2045 litteris
984 2014 1065 2045 inde
1087 2024 1168 2045 con-

161 2064 262 2096 fectis
304 2065 415 2107 sigillo
458 2066 567 2107 ipsius
609 2067 797 2098 cardinalis
840 2067 987 2099 munitis
1030 2067 1166 2108 plenius

161 2118 374 2155 continetur,
405 2128 555 2160 quarum
584 2122 686 2151 tenor
713 2120 794 2151 talis
822 2123 875 2151 est
905 2130 912 2151 :

594 2225 729 2259 Anagni,
753 2226 790 2253 23
813 2226 977 2252 decembre
1001 2226 1087 2253 1259.

210 2293 222 2309 «
247 2281 285 2312 In
308 2282 449 2314 nomine
471 2283 624 2320 Domini,
649 2293 763 2315 amen.
787 2284 860 2315 Nos
881 2284 991 2316 frater
1012 2285 1045 2316 J.
1069 2285 1170 2317 mise-

163 2334 327 2366 «ratione
353 2335 473 2367 divina
499 2336 595 2368 tituli
622 2336 741 2368 Sancti
768 2337 948 2368 Laurentii
975 2338 1009 2369 in
1036 2339 1169 2371 Lucina

166 2387 366 2429 «presbiter
401 2389 598 2426 cardinalis,
637 2399 656 2421 a
694 2390 836 2421 domino
874 2393 994 2423 nostro
1031 2402 1170 2424 summo

166 2452 180 2469 α
194 2440 364 2482 pontifice
385 2441 419 2472 in
442 2442 556 2473 causis
578 2443 858 2484 appellationum
880 2443 1171 2485 interpositarum

167 2503 256 2535 «per
292 2494 529 2526 venerabilem
567 2498 704 2537 patrem
743 2495 928 2533 Thomam,
967 2498 1172 2540 episcopum

167 2549 230 2578 «et
258 2547 455 2588 capitulum
483 2548 731 2586 Lismorenses,
762 2558 781 2580 a
811 2549 1004 2582 diffinitiva
1033 2554 1172 2583 senten-

167 2599 244 2630 «tia
270 2602 306 2631 et
331 2601 551 2642 processibus
576 2605 658 2633 ante
685 2602 917 2635 diffinitivam
943 2604 1074 2635 habitis
1098 2604 1172 2637 lata

167 2664 181 2681 «
195 2653 264 2685 ab..
297 2653 461 2695 episcopo
494 2654 724 2692 Duacensis‚..
758 2656 952 2688 Maionensi
984 2660 1043 2688 et..
1077 2658 1174 2690 Dua-

168 2706 288 2738 «censi
315 2707 581 2745 archidiaconis,
608 2708 847 2749 subdelegatis
872 2709 907 2740 in
934 2710 1085 2742 solidum
1112 2712 1174 2743 ab·

168 2759 289 2791 «batis
316 2759 358 2791 de
385 2760 612 2802 Geriponte,..
641 2760 760 2793 Sancti
786 2762 960 2794 Johannis
987 2762 1174 2796 Kilkeanie

169 2814 255 2844 κεῖ..
280 2812 408 2845 Sancte
431 2813 539 2845 Marie
563 2814 605 2845 de
629 2813 759 2846 Kenles
782 2815 938 2856 priorum
963 2816 1174 2849 Ossoriensis

169 2875 183 2893 «
197 2865 354 2902 diocesis,
374 2865 535 2907 judicum
556 2875 576 2898 a
597 2866 684 2898 Sede
704 2867 898 2909 Apostilica
919 2868 1173 2910 delegatorum,

170 2926 333 2950 «necnon
360 2918 396 2950 in
425 2928 530 2951 causa
559 2919 743 2962 principali
772 2930 840 2961 que
866 2924 1057 2953 vertuntur
1083 2922 1176 2955 inter

170 2971 338 3004 «eosdem
374 2972 579 3014 episcopum
616 2976 651 3004 et
689 2973 886 3014 capitulum
925 2974 1174 3014 Lismorenses,

1278 379 1289 393 a
1305 376 1348 398 ex
1384 369 1484 408 parte
1520 376 1601 402 una,
1638 369 1674 397 et
1708 366 1947 398 venerabilem
1982 369 2121 408 patrem
2156 367 2285 404 David.

1277 422 1620 463 «archiepiscopum,
1661 423 1697 453 et
1737 421 1919 454 ecclesiam
1960 421 2201 460 cassellenses,
2241 431 2286 454 ex

1278 477 1427 513 «altera,
1454 486 1559 518 super
1584 477 1800 518 possessione
1825 477 1879 508 vel
1906 477 2005 518 quasi
2029 476 2162 518 jurium
2186 476 2286 519 spiri-

1277 542 1290 558 «
1307 530 1457 562 tualium
1482 533 1556 561 tam
1580 529 1836 570 jurisdictionis
1860 539 1967 571 quam
1992 529 2076 571 legis
2101 530 2286 562 diocesane

1279 583 1544 619 «ecclesiarum,
1584 582 1880 614 monasteriorum
1918 585 1954 614 et.
1991 582 2206 624 capellarum
2245 583 2289 616 de

1279 636 1506 673 «Clonmelle,
1536 636 1680 668 abbatie
1707 636 1749 668 de
1777 635 1888 673 Surio,
1918 636 1960 668 de
1988 636 2285 674 Dovenachimor,

1279 690 1349 721 «de
1389 689 1585 726 Lisrodrac‚
1627 689 1670 721 de
1706 688 1979 726 Ballimamona‚
2020 689 2063 721 de
2104 688 2287 731 Kiltagan,

1279 742 1350 774 «de
1377 743 1460 774 villa
1495 742 1739 783 Adelagheles,
1769 742 1812 774 de
1840 741 2011 780 Clochtol‚
2041 742 2085 774 de
2111 742 2289 774 Kilmoro-

1278 808 1291 824 «
1306 795 1454 833 russino,
1477 796 1519 828 de
1542 796 1768 832 Ruthronan‚
1792 796 1835 827 de
1858 795 2124 833 Kilcronactan‚
2147 795 2191 827 de
2213 795 2289 828 Kil-

1279 849 1406 885 «silan,
1433 849 1475 881 de
1501 849 1740 885 Killoluwam,
1768 849 1810 880 de
1835 848 2065 890 Tahcheyny,
2092 848 2135 881 de
2156 847 2290 890 Balliy-

1278 903 1400 939 «dina,
1430 903 1472 934 de
1502 902 1686 939 Kilrodan,
1717 902 1759 934 de
1788 902 1950 939 Ix’ilcassi,
1981 902 2023 933 de
2051 901 2288 944 Magtrechyr,

1278 956 1347 987 «de
1380 956 1631 997 Limyurenan,
1663 956 1706 987 de
1736 955 2014 995 Adhnagarbad,
2047 955 2090 987 de
2121 954 2290 997 Maclery‚

1278 1022 1290 1037 «
1306 1009 1347 1041 de
1369 1008 1642 1050 Fachymfatlia,
1665 1008 1707 1040 de
1724 1007 2006 1050 Balliynruthea,
2029 1008 2070 1040 de
2090 1008 2289 1049 Athenyry,

1279 1075 1291 1091 «
1307 1063 1349 1094 de
1376 1062 1519 1098 Karrec,
1547 1062 1589 1093 de
1615 1061 1815 1098 Novavilla‚
1842 1061 1885 1093 de
1910 1061 2061 1098 Limian,
2088 1061 2130 1093 de
2154 1060 2290 1103 Tybra-

1279 1115 1407 1152 «chna,
1437 1115 1479 1147 de
1505 1114 1589 1146 villa
1616 1114 1823 1151 Ademanci,
1852 1114 1895 1146 de
1919 1113 2125 1155 Ballilegan,
2154 1114 2197 1146 de
2224 1114 2290 1146 Lo-

1279 1168 1483 1205 «chluacra‚
1513 1168 1555 1199 de
1581 1167 1673 1199 willa
1700 1167 1992 1204 Adekarmerdin‚
2015 1167 2057 1199 de
2083 1166 2220 1204 Nedan,
2247 1167 2290 1200 de

1280 1221 1575 1258 «'l'ulaelnnolan,
1619 1221 1662 1252 de
1704 1220 1877 1258 Molacha,
1921 1221 1964 1252 de
2004 1220 2205 1257 Ardfinam‚
2247 1220 2291 1252 de

1279 1275 1477 1316 «Dergrad,
1513 1275 1555 1306 de
1590 1274 1878 1311 Ratherdunesk,
1913 1274 1956 1306 de
1990 1273 2219 1315 Killyinlach,
2253 1275 2290 1306 et

1279 1329 1349 1360 «de
1371 1327 1599 1360 Hotheratha
1620 1327 1851 1359 existentium
1872 1327 1908 1359 in
1930 1327 2099 1359 cantredo
2122 1326 2165 1359 de
2185 1325 2291 1359 on-

1279 1382 1402 1423 «ghyn
1439 1384 1475 1413 et
1513 1380 1659 1413 dimidio
1696 1380 1866 1412 cantredo
1904 1380 1947 1412 de
1982 1379 2213 1411 Yffathiatha
2249 1388 2291 1412 ac

1279 1435 1437 1476 «jurium
1470 1437 1506 1466 et
1538 1434 1836 1476 pertinentiarum
1869 1433 2062 1465 earundem
2095 1433 2291 1475 deputatus

1278 1488 1458 1525 «auditor,
1487 1487 1709 1529 receptisque
1736 1486 1862 1518 libellis
1887 1495 1933 1518 ex
1956 1489 2058 1528 parte
2084 1486 2291 1518 eorumdem

1279 1541 1462 1583 «episcopi
1498 1543 1533 1572 et
1570 1540 1719 1582 capituli
1754 1539 2033 1572 Lismorensium
2068 1541 2145 1571 tam
2186 1548 2292 1581 super

1279 1595 1438 1627 «eisdem
1467 1593 1768 1636 appellationibus
1796 1602 1904 1634 quam
1933 1602 2037 1634 super
2064 1592 2291 1624 revocatione

1278 1650 1608 1689 «attemptatorum
1635 1656 1696 1678 seu
1723 1646 1978 1678 innovatorum
2005 1648 2086 1688 post
2113 1645 2291 1687 predictas

1278 1701 1563 1743 «appellationes
1602 1702 1708 1742 prout
1746 1700 1781 1731 in
1820 1699 1952 1731 eisdem
1989 1698 2116 1731 libellis
2153 1699 2291 1741 plenius

1278 1754 1521 1790 «continetur,
1567 1753 1711 1794 litisque
1754 1752 2016 1784 contestatione
2060 1752 2291 1794 postmodum

1277 1820 1290 1836 «
1305 1817 1410 1849 super
1433 1807 1565 1838 eisdem
1590 1806 1746 1847 legitime
1771 1806 1972 1843 subsecuta,
1998 1805 2175 1847 factisque
2199 1805 2291 1848 posi-

1278 1861 1474 1897 «tionibus,
1513 1862 1549 1891 et
1587 1859 1876 1901 responsionibus
1913 1858 2112 1890 subsecutis
2149 1858 2194 1891 ad
2231 1867 2291 1891 eas

1278 1913 1449 1950 «auditis,
1477 1916 1513 1945 et
1540 1912 1677 1954 plenius
1703 1912 1903 1950 intellectis,
1931 1921 1976 1944 ex
1999 1911 2096 1944 fideli
2120 1911 2291 1944 relatione

1277 1966 1467 2009 «magistri
1507 1966 1701 1998 Dalfinatis
1741 1966 1783 1997 de
1824 1965 1984 2007 Neapoli,
2026 1965 2160 1997 domini
2199 1974 2291 2007 pape

1273 2019 1514 2054 «subdiaconi
1555 2022 1591 2051 et
1632 2019 1815 2061 capellani,
1858 2018 2032 2050 auditoris
2072 2018 2108 2049 in
2148 2018 2290 2059 negotio

1276 2072 1510 2115 «hujusmodi
1530 2072 1694 2114 deputati
1714 2082 1733 2103 a
1754 2072 1866 2109 nobis,
1887 2071 1954 2103 hiis
1973 2081 2041 2113 que
2061 2074 2180 2113 partes
2199 2071 2290 2104 circa

1275 2126 1568 2159 «restitutionem
1606 2128 1909 2167 attemptatorum
1947 2134 1966 2156 a
2003 2124 2163 2166 predicto
2199 2125 2291 2167 epis-

1274 2193 1287 2210 «
1301 2190 1390 2222 copo
1411 2179 1625 2211 Lismorensi
1646 2181 1682 2210 et
1702 2178 1860 2220 capitulo
1882 2188 1944 2210 suo
1966 2177 2118 2219 petitam
2138 2177 2290 2219 allegare

1274 2247 1287 2264 α
1301 2237 1337 2266 et
1359 2242 1555 2275 proponere
1575 2231 1778 2269 voluerunt,
1802 2241 1842 2263 ac
1865 2231 1908 2263 de
1929 2231 2061 2262 eisdem
2083 2240 2164 2263 cum
2184 2240 2290 2263 vene-

1275 2287 1405 2318 «rabili
1441 2288 1542 2328 patre
1580 2284 1748 2316 domino..
1786 2284 1995 2316 Penestrino
2032 2284 2208 2326 episcopo,
2246 2285 2289 2316 de

1276 2339 1447 2382 «speciali
1492 2338 1636 2370 Domini
1681 2347 1773 2379 pape
1817 2337 1989 2369 mandato
2035 2337 2289 2369 deliberatione

1278 2391 1496 2435 «prehabita
1529 2391 1699 2432 diligenti,
1735 2390 1981 2432 supradictum
2015 2390 2219 2432 episcopum
2253 2392 2288 2422 et

1277 2446 1527 2481 «Gualterum‚
1567 2447 1835 2486 procuratorem
1873 2443 2020 2485 capituli
2058 2443 2288 2475 Lismorensis

1278 2499 1414 2541 «ipsius
1446 2497 1594 2539 capituli
1627 2497 1769 2529 nomine
1802 2506 1842 2528 ac
1873 2497 1991 2538 ipsum
2023 2496 2220 2538 capitulum
2251 2496 2287 2528 in

1277 2551 1406 2594 «quasi
1432 2550 1688 2593 possessionem
1715 2549 1946 2591 subjectionis
1972 2552 2007 2581 et
2032 2549 2287 2590 jurisdictionis

1278 2604 1542 2640 «ecclesiarum,
1574 2603 1790 2645 capellarum
1820 2605 1856 2634 et
1886 2602 2181 2634 monasteriorum
2211 2612 2288 2644 pre-

1278 2659 1493 2694 «dictorum,
1532 2657 1567 2688 in
1606 2666 1675 2698 qua
1714 2666 1772 2687 eos
1809 2659 1968 2697 tempore
2006 2655 2287 2697 appellationum

1278 2711 1546 2753 «predictarum
1584 2710 1685 2741 nobis
1722 2709 1884 2741 constitit
1920 2709 2091 2745 extitisse,
2130 2708 2287 2740 articulis

1278 2764 1417 2806 «partis
1441 2763 1526 2795 dicti
1549 2762 1802 2804 archiepiscopi
1827 2762 1944 2803 quoad
1969 2762 2033 2793 hoc
2059 2770 2286 2803 nequaquam

1278 2817 1545 2853 «obstantibus,
1571 2816 1790 2847 decernimus
1814 2815 2031 2846 reducendos
2054 2817 2162 2856 atque
2185 2814 2287 2846 redu-

1279 2870 1428 2907 «cimus,
1460 2869 1649 2906 Jacobum,
1680 2871 1947 2910 procuratorem
1977 2867 2125 2909 predicti
2155 2867 2287 2899 archie-

1279 2935 1292 2953 «
1307 2922 1441 2965 piscopi
1463 2925 1499 2954 et
1521 2922 1662 2954 ecclesie
1686 2921 1908 2954 Cassellensis
1930 2923 2140 2962 presentem,
2165 2930 2286 2952 eorum

1279 2975 1449 3008 «nomine
1479 2985 1519 3007 ac
1548 2975 1665 3017 ipsum
1695 2974 1999 3015 archiepiscopum
2029 2973 2210 3005 ecelesiam
2240 2973 2286 3005 ad

2445 2444 2456 2456 ο
2444 2266 2464 2428 nono-*p
