2477 3512
937 305 1215 345 QUATRIEME
1235 305 1398 338 ANNEE
2166 310 2221 340 771

149 422 193 444 «..‚
219 410 371 449 episcopo.
399 433 428 444 ..,
453 411 608 449 preposito
642 413 669 441 et
695 411 829 450 capitulo
855 411 1114 450 Carpentoracen-

107 463 207 494 sibus.
232 463 447 493 Ecclesiarum
471 464 670 494 utilitatibus
694 473 768 494 non.
801 482 842 486 —
864 464 941 493 Dat.
965 464 1111 498 Viterbii,

110 516 142 546 11
169 516 232 545 kal.
260 515 422 549 februarii,
451 525 535 546 anno
564 519 690 555 quarto.
719 528 731 543 »

187 711 275 736 2467
570 711 708 743 Viterbe,
720 711 758 738 20
770 711 932 738 decembre
945 711 1030 738 1257.

149 759 297 792 Magistro
318 759 465 792 Gregorio
485 760 522 785 de
543 759 685 793 Neapoli,
705 760 866 793 capellano
886 767 952 791 suo,
972 759 1113 792 indulget

108 800 145 825 ut
163 798 283 825 fructus
303 800 334 825 et
353 800 525 832 proventus
544 799 794 833 praebendarum
815 806 893 832 quas
912 799 943 825 in
963 799 1114 825 Meldensi

107 839 140 864 et
159 838 327 864 Morinensi
357 838 493 865 ecclesiis
511 840 543 865 et
562 839 694 865 aliorum
714 839 938 865 beneficiorum
958 839 1114 865 ecclesias-

106 877 243 904 ticorum
269 885 349 911 quae
374 878 509 909 obtinet,
535 885 571 904 ea
595 878 778 911 integritate
814 878 971 912 percipere
1008 878 1114 904 valeat

107 924 171 950 qua
191 917 260 943 illos
282 917 454 951 perciperet
477 918 502 943 si
522 918 554 944 in
577 918 713 944 ecclesiis
732 918 794 944 illis
816 918 1021 951 personaliter
1043 918 1115 944 resi-

109 957 206 988 deret,
235 957 511 983 distributionibus
539 958 733 990 quotidianis
761 958 909 991 exceptis.
939 958 1035 991 (REG.
1065 957 1114 988 25,

108 996 129 1022 f.
148 996 205 1022 124
222 1000 268 1028 v0,
286 1003 335 1023 an,
356 996 408 1028 IV,
426 1004 450 1023 c.
469 996 531 1029 53.)

151 1093 162 1107 ι
193 1081 350 1119 Mayisiro
388 1081 532 1120 Greyorio
565 1081 600 1111 de
632 1082 778 1121 Neapoli,
812 1082 970 1121 capellano
1003 1084 1115 1112 nostro.

108 1133 199 1163 Clara
209 1136 265 1162 tue
279 1134 461 1163 devotionis
475 1152 525 1163 —.
539 1135 623 1164 Hinc
634 1137 683 1164 est
695 1135 781 1174 quod
796 1144 863 1169 nos,
877 1135 942 1165 tuis
958 1135 1117 1174 supplica-

107 1185 250 1215 tionibus
267 1186 423 1220 inclinati,
442 1187 607 1216 devotioni
624 1190 679 1217 tue
696 1190 733 1217 ut
750 1188 874 1217 fructus
891 1191 924 1217 et
940 1190 1117 1227 proventus

108 1239 344 1277 prebendarum
372 1248 453 1278 quas
480 1240 512 1269 in
539 1240 694 1269 Meldensi
721 1243 754 1269 et
779 1241 952 1270 Morinensi
979 1240 1117 1270 ecclesiis

107 1293 141 1321 et
161 1291 296 1321 aliorum
317 1291 545 1321 beneficiorum
567 1292 853 1322 ecclesiasticorum
875 1302 936 1332 que
947 1302 1019 1323 cum
1041 1302 1117 1323 cura

107 1344 159 1373 vel
184 1343 251 1373 sine
277 1353 351 1374 cura
378 1345 504 1374 obtines
530 1345 617 1383 apud
637 1345 750 1375 Sedem
770 1346 990 1384 Apostolicam
1008 1346 1059 1375 vel
1084 1346 1116 1375 in

109 1396 201 1426 scolis
220 1406 275 1426 seu
294 1397 326 1426 in
346 1397 454 1436 aliquo
473 1407 513 1426 ex
531 1397 608 1436 ipsis
627 1397 791 1427 beneficiis
810 1399 987 1433 residendo,
1008 1401 1066 1428 aut
1085 1398 1117 1428 in

109 1449 364 1488 peregrinatione
393 1450 591 1479 constitutus
619 1450 670 1479 vel
699 1451 816 1480 alicubi
844 1451 1035 1480 infirmitate
1065 1452 1118 1480 de-

108 1504 229 1535 tentus,
261 1511 317 1531 seu
347 1503 549 1532 immorando
581 1503 741 1541 obsequiis
772 1503 908 1541 alicujus
939 1504 1054 1542 prelati
1085 1504 1117 1533 in

107 1554 198 1592 cujus
221 1554 351 1584 ecclesia
374 1555 425 1584 vel
449 1555 581 1584 diocesis
604 1555 816 1585 beneficiatus
838 1556 960 1591 existis,
984 1565 1057 1586 cum
1080 1565 1117 1586 ea

104 1606 291 1645 integritate
306 1607 466 1646 percipere
484 1608 603 1642 valeas,
629 1608 910 1638 distributionibus
931 1609 1117 1639 cotidiando

106 1659 281 1689 dumtaxat
307 1660 460 1698 exceptis,
490 1670 553 1699 qua
580 1661 650 1690 illos
677 1661 854 1700 perciperes
877 1662 903 1691 si
924 1661 956 1691 in
978 1662 1116 1692 ecclesiis

105 1712 138 1741 in
160 1712 277 1751 quibus
299 1721 335 1742 ea
357 1713 494 1747 obtines,
518 1714 728 1752 personaliter
748 1714 910 1749 resideres,
929 1717 962 1744 et
976 1716 1062 1754 quod
1084 1715 1116 1744 in

106 1765 150 1794 eis
167 1774 222 1794 seu
239 1765 347 1804 aliquo
364 1774 474 1795 eorum
500 1767 647 1805 compelli
675 1776 738 1796 non
756 1767 857 1805 possis
874 1767 915 1797 ad
932 1767 1116 1797 faciendum

106 1817 314 1847 residentiam
349 1818 559 1856 personalem,
596 1819 763 1849 contrariis
799 1820 984 1849 earumdem
1019 1821 1116 1850 eccle-

106 1870 226 1900 siarum
249 1871 536 1900 consuetudinibus
557 1871 608 1901 vel
629 1872 763 1901 statutis
783 1873 978 1911 juramento,
1001 1873 1117 1903 confir-

106 1923 249 1953 matione
268 1923 357 1953 Sedis
374 1924 558 1962 Apostolice
575 1924 626 1954 vel
645 1933 849 1964 quacumque
874 1926 935 1956 alia
959 1925 1117 1956 firmitate

106 1976 236 2006 vallatis
258 1978 316 2005 aut
337 1977 424 2015 quod
446 1976 478 2006 in
500 1977 608 2016 aliqua
630 1987 670 2007 ex
691 1978 735 2007 eis
757 1978 894 2016 primam
916 1979 1116 2017 personalem

111 2029 318 2058 residentiam
341 2038 405 2059 non
427 2029 543 2063 fecisti,
566 2030 617 2060 vel
640 2030 838 2069 quibuslibet
860 2032 1044 2070 apostolicis
1065 2032 1118 2062 lit-

107 2081 184 2111 teris
210 2084 268 2111 aut
293 2081 501 2121 indulgentiis
528 2091 734 2122 nequaquam
762 2084 978 2118 obstantibus,
1006 2088 1117 2115 aucto-

108 2134 205 2164 ritate
233 2135 431 2173 presentium
459 2135 682 2174 indulgemus;
717 2137 846 2175 proviso
881 2138 967 2176 quod
1004 2138 1036 2167 in
1072 2138 1116 2167 eis

109 2196 171 2226 que
200 2195 310 2217 curam
339 2188 520 2217 animarum
549 2197 709 2218 annexam
737 2189 869 2224 habent,
894 2199 951 2229 per
973 2191 1116 2229 ydoneos

109 2239 208 2269 130135
232 2240 369 2269 vicarios
394 2241 556 2270 deserviri.
584 2242 671 2271 Nulli
697 2244 805 2271 nostre
824 2243 1035 2273 concessionis
1054 2246 1116 2274 etc.

110 2292 187 2322 Dat.
206 2293 354 2327 Viterbii,
379 2293 476 2328 XIII,
501 2294 564 2324 kal.
587 2294 737 2333 januarii,
761 2304 846 2325 anno
870 2299 997 2334 quarto.
1022 2308 1033 2323 »

190 2510 278 2536 2468
605 2512 744 2545 Viterbe,
757 2513 793 2540 13
816 2513 929 2540 sevrier
949 2514 1035 2541 1258.

151 2558 327 2593 Baginaldo
343 2560 536 2593 presbytero,
553 2561 707 2588 monacho
732 2561 761 2589 S.
786 2561 945 2588 Vincentii
968 2562 1117 2589 Cenoma-

111 2599 225 2631 nensis,
244 2599 362 2626 ordinis
381 2599 671 2633 SanctiBenedicti,
681 2601 823 2635 indulget
841 2603 887 2633 ut,
898 2609 960 2628 non
971 2602 1117 2628 obstante

111 2638 197 2671 quod
215 2640 306 2672 pater
324 2646 397 2665 suus
416 2646 487 2666 eum
507 2640 544 2666 de
564 2640 666 2667 soluta
685 2641 866 2675 susceperit,
886 2642 985 2675 possit
1003 2642 1034 2668 in
1054 2649 1118 2668 sus-

112 2678 210 2711 ceptis
247 2679 424 2705 ministrare
473 2679 634 2706 ordinibus
672 2681 703 2706 et
741 2681 780 2707 ad
819 2681 1118 2713 administrationes,

111 2717 281 2783 dignilsstes
300 2719 446 2784 et4etia1n
465 2719 628 2745 abbatiam
647 2721 824 2753 promoveri
842 2721 938 2754 (REG.
959 2721 1038 2752 25‚f.
1051 2721 1118 2753 124,

113 2764 161 2783 an.
233 2777 240 2789 ‚
263 2765 287 2784 0.
312 2758 329 2784 5
353 2759 373 2791 .)

156 2853 167 2867 «
190 2842 366 2880 Rayinaldo
401 2844 578 2882 presbitero,
614 2844 762 2873 monacho
798 2846 977 2875 monasterii
1015 2845 1121 2875 Sancti

119 2893 292 2924 Vindrinlii
325 2896 395 2933 (sic)
429 2896 681 2930 Cenomanensis,
735 2897 854 2927 ordinis
887 2898 993 2927 Sancli
1025 2898 1122 2927 Bene-

114 2946 197 2976 dicti.
220 2947 266 2976 De
287 2948 470 2986 Apostolice
493 2950 581 2978 Sedis
610 2967 659 2978 —-.
681 2949 757 2979 Dat.
779 2950 924 2983 Viterbii,
954 2951 1059 2980 idibus
1079 2950 1122 2979 fe-

114 2999 244 3033 bruarii,
271 3009 356 3030 anno
383 3004 509 3040 quarto.
538 3014 550 3028 η

1298 413 1388 439 2469
1724 415 1862 447 Viterbe,
1884 416 1919 442 15
1931 415 2044 442 sevrier
2068 416 2153 443 1258.

1259 462 1484 495 Receptionern
1508 463 1649 496 magistri
1673 464 1844 495 Michaelis,
1867 464 2128 497 poenitentiariae
2152 471 2225 491 suae

1217 501 1387 535 scriptoris,
1420 502 1452 528 in
1485 503 1613 528 ecclesia
1646 503 1811 530 Leodiensi
1843 503 2105 537 collationemque
2138 511 2226 537 prae-

1218 541 1339 567 bendae
1363 541 1464 567 eidem
1489 542 1607 568 factam
1633 543 1810 574 confirmat,
1837 543 1940 570 dictae
1965 543 2140 570 collationis
2164 544 2226 569 ins-

1217 582 1415 607 trumentum
1430 581 1523 607 inseri
1538 581 1664 608 faciens
1682 582 1778 615 (REG.
1796 582 1843 613 25,
1859 583 1880 609 f.
1899 583 1966 614 124,
1983 590 2032 610 an.
2052 583 2104 614 IV,
2121 590 2145 609 c.
2163 583 2225 615 55.)

1260 679 1272 694 «
1306 667 1463 705 Maqisiro
1498 668 1650 698 *Michacli
1685 670 1902 707 penitentiarie
1937 672 2036 699 nostre
2071 670 2224 709 scriptori,

1219 721 1366 749 canonico
1383 717 1502 750 ecclesie
1520 721 1626 751 Sancti
1642 722 1780 751 Marlini
1796 723 1984 752 Leodiensis⁸
2003 723 2048 752 Ut
2065 723 2129 752 tuis
2146 723 2226 761 peti-

1218 772 1362 802 tionibus
1397 773 1564 811 benignius
1598 783 1779 803 annuamus
1814 777 1846 804 et
1881 776 1988 804 dilecti
2022 776 2080 805 filii
2115 776 2225 805 nostri.

1220 825 1273 859 H.,
1307 825 1394 854 tituli
1427 829 1537 855 sancte
1571 826 1687 856 Sabine
1720 827 1886 865 presbiteri
1920 828 2100 862 cardinalis,
2134 828 2226 866 cujus

1219 878 1330 907 existis
1350 879 1480 908 clericus
1501 879 1724 913 consideratio,
1746 882 1778 908 et
1804 882 1934 909 tuorum
1954 881 2142 910 meritorum
2162 881 2228 910 exi-

1219 931 1327 969 gentia
1352 940 1408 960 nos
1431 932 1597 961 inducant.
1623 932 1754 961 Dudum
1778 932 1936 971 siquidem
1960 934 2000 962 ab
2024 934 2137 963 eodem
2160 943 2227 963 car-

1221 984 1319 1013 dinali
1340 986 1419 1013 tunc
1441 984 1625 1023 Apostolice
1649 985 1737 1014 Sedis
1759 985 1875 1023 legato,
1899 994 1939 1014 ex
1953 986 2066 1015 eadem
2088 987 2227 1016 auctori-

1220 1039 1289 1066 tate
1318 1037 1494 1075 apostolica
1523 1037 1583 1066 sibi
1623 1038 1754 1071 tradita,
1786 1038 1902 1067 dilecto
1930 1038 2030 1070 filio..,
2060 1039 2228 1068 Leodiensi

1221 1089 1332 1123 electo,
1371 1090 1555 1119 conferendi
1591 1090 1652 1119 tibi
1689 1091 1915 1120 canonicatum
1953 1091 2081 1120 ecclesie
2119 1092 2229 1121 Sancti

1221 1142 1363 1176 Martini,
1388 1143 1419 1171 in
1444 1151 1507 1181 qua
1530 1143 1616 1172 idem
1640 1143 1759 1172 electus
1783 1143 1986 1173 collationem
2011 1144 2137 1173 obtinet
2160 1153 2229 1182 pre-

1222 1195 1412 1229 bendarum,
1426 1198 1458 1224 et
1472 1195 1610 1225 faciendi
1628 1198 1660 1225 te
1679 1196 1711 1225 in
1730 1196 1920 1225 canonicum
1939 1197 2082 1235 ejusdem
2102 1197 2230 1226 ecclesie

1222 1248 1330 1286 recipi,
1346 1257 1402 1286 per
1416 1257 1489 1278 suas
1504 1249 1628 1278 litteras
1644 1248 1800 1278 facultate
1815 1258 1973 1283 concessa,
1991 1250 2095 1278 dictus
2111 1250 2230 1279 electus

1223 1303 1256 1330 te
1283 1301 1321 1330 de
1348 1301 1539 1330 canonicatu
1566 1301 1635 1339 ipso
1661 1302 1856 1331 auctoritate
1883 1302 2093 1331 concessionis
2120 1303 2230 1341 hujus-

1222 1353 1310 1382 modi
1331 1363 1387 1392 per
1406 1363 1500 1383 suum
1521 1354 1653 1383 anulum
1674 1354 1842 1384 investivit
1862 1357 1895 1383 et
1914 1355 1946 1384 in
1967 1355 2079 1384 eadem
2100 1355 2231 1385 ecclesia

1222 1406 1255 1435 in
1283 1407 1473 1436 canonicum
1500 1406 1576 1436 fecit
1603 1407 1700 1445 recipi
1727 1410 1759 1436 et
1786 1407 1818 1436 in
1845 1407 1989 1436 fratrem.
2018 1408 2231 1437 Postmodum

1222 1467 1298 1488 vero
1324 1459 1355 1488 in
1381 1460 1493 1488 eadem
1518 1460 1659 1493 ecclesia,
1687 1460 1828 1498 quadam
1852 1469 1910 1498 per
1930 1463 2068 1489 mortem
2087 1461 2232 1499 magistri

1223 1511 1353 1541 Henrici
1388 1512 1525 1546 Sarcelli,
1558 1512 1658 1550 ipsius
1699 1513 1854 1546 canonici,
1887 1513 2050 1551 prebenda
2082 1516 2232 1547 vacante,

1222 1564 1368 1602 prefatus
1411 1565 1581 1594 cardinalis
1623 1565 1819 1594 auctoritate
1861 1565 2037 1604 apostolica
2081 1566 2233 1595 canonice

1222 1617 1283 1646 tibi
1305 1626 1376 1646 eam
1400 1617 1542 1647 conferre
1564 1620 1660 1656 teque
1684 1618 1722 1647 de
1744 1618 1813 1656 ipsa
1836 1627 1893 1656 per
1914 1627 2008 1647 suum
2031 1618 2163 1647 anulum
2186 1618 2233 1648 in-

1221 1670 1338 1699 vestire
1354 1670 1491 1704 curavit,
1508 1671 1678 1700 decernens
1693 1670 1820 1700 irritum
1838 1673 1871 1700 et
1887 1671 1982 1700 inane
1999 1671 2105 1709 siquid
2121 1673 2232 1701 contra

1223 1723 1427 1753 collationem
1467 1726 1499 1752 et
1538 1723 1767 1752 investituram
1806 1723 1993 1762 hujusmodi
2032 1724 2233 1762 contingeret

1221 1776 1423 1814 attemptari,
1437 1785 1475 1805 ac
1490 1776 1714 1805 nichilominus
1728 1776 1831 1805 eidem
1844 1777 1903 1805 sub
1918 1778 2004 1805 certa
2018 1776 2120 1806 forma
2135 1777 2235 1806 inem-

1221 1829 1358 1868 jungens
1387 1829 1488 1858 electo
1517 1831 1554 1858 ut
1583 1829 1704 1858 dictam
1742 1829 1939 1868 prebendam
1968 1838 2020 1863 a..,
2051 1829 2171 1859 decano
2201 1832 2234 1859 et

1222 1881 1364 1920 capitulo
1389 1881 1488 1920 ipsius
1514 1882 1642 1911 ecclesie
1667 1881 1737 1916 tibi,
1764 1884 1860 1920 prout
1885 1882 2055 1920 spectabat
2075 1882 2116 1911 ad
2136 1882 2233 1920 ipsos,

1222 1934 1343 1964 faceret
1360 1934 1515 1973 assignari
1532 1934 1616 1963 sicut
1633 1934 1665 1963 in
1683 1934 1799 1964 litteris
1817 1934 1971 1964 confectis
1990 1935 2113 1973 plenius
2132 1935 2234 1964 conti-

1222 1989 1326 2017 netur.
1355 1987 1421 2016 Nos
1447 1987 1568 2026 itaque,
1595 1987 1661 2016 tuis
1688 1987 1834 2025 precibus
1861 1987 2016 2021 inclinati,
2036 1988 2121 2026 quod
2139 1996 2235 2026 super

1222 2040 1281 2070 hoc
1295 2040 1419 2069 factum
1433 2042 1482 2069 est
1495 2042 1602 2069 ratum
1616 2040 1772 2069 habentes
1786 2042 1818 2069 et
1831 2042 1959 2078 gratum
1973 2049 2010 2069 ac
2025 2040 2231 2069 decernentes

1220 2093 1348 2122 irritum
1367 2095 1400 2122 et
1424 2093 1518 2122 inane
1536 2092 1642 2131 siquid
1662 2093 1700 2122 de
1720 2093 1882 2131 prebenda
1900 2093 1969 2131 ipsa
1988 2095 2100 2122 contra
2119 2093 2230 2131 hujus-

1221 2146 1310 2175 modi
1338 2146 1542 2175 collationem
1570 2148 1603 2175 et
1630 2146 1858 2175 investituram
1887 2146 2056 2175 cardinalis
2084 2146 2183 2184 ipsius
2211 2155 2229 2175 a

1222 2207 1387 2238 quoquam
1418 2198 1530 2228 extitit
1560 2200 1797 2237 attemptatum
1827 2199 1879 2228 vel
1910 2198 2059 2237 deinceps
2090 2201 2232 2237 attemp-

1222 2252 1285 2282 tari
1302 2251 1483 2290 contigerit,
1500 2251 1578 2280 illud
1596 2251 1791 2281 auctoritate
1808 2252 1984 2290 apostolica
2002 2251 2232 2281 confirmamus

1222 2307 1255 2335 et
1283 2304 1440 2343 presentis
1469 2304 1580 2342 scripti
1609 2304 1788 2343 patrocinio
1825 2304 2072 2338 communimus,
2109 2304 2233 2334 littera-

1222 2367 1293 2387 rum
1313 2357 1455 2396 ipsarum
1474 2359 1619 2386 tenorem
1639 2357 1678 2386 de
1696 2357 1796 2387 verbo
1814 2357 1856 2386 ad
1875 2357 2010 2386 verbum
2030 2357 2233 2395 presentibus

1222 2410 1318 2440 inseri
1343 2410 1496 2439 facientes
1524 2410 1579 2449 qui
1604 2409 1678 2439 talis
1704 2412 1762 2439 est.

1762 2509 1906 2542 Cologne‚
1919 2508 1954 2535 21
1968 2516 2051 2535 mars
2066 2508 2152 2535 1253.

1265 2580 1278 2595 «
1311 2568 1425 2598 Frater
1458 2569 1565 2607 Hugo,
1588 2568 1793 2597 miseratione
1827 2568 1936 2597 divina
1984 2567 2072 2596 tituli
2120 2567 2236 2597 Sancte

1225 2632 1237 2648 κ
1260 2621 1376 2651 Sabine
1397 2621 1554 2660 presbiter
1577 2621 1756 2655 cardinalis,
1781 2621 1965 2659 Apostolicc
1992 2620 2080 2650 Sedis
2101 2620 2236 2658 legatus,

1225 2686 1236 2701 (ι
1259 2674 1375 2704 dilecto
1406 2674 1438 2703 in
1470 2674 1595 2703 Christo
1626 2674 1783 2707 Michaeli‚
1808 2673 1920 2703 clerico
1943 2675 2062 2706 nostro,
2084 2672 2237 2701 canonico

1225 2739 1237 2753 «
1259 2727 1387 2756 ecclesie
1402 2727 1511 2757 Sancti
1523 2727 1654 2756 Martini
1666 2726 1849 2755 Leodiensis
1861 2725 1987 2765 [...]1in
1999 2734 2062 2763 qua
2073 2725 2157 2753 idem
2175 2725 2237 2753 col-

1227 2792 1238 2807 «
1260 2780 1414 2809 lationem
1435 2780 1560 2809 obtinet
1586 2779 1821 2817 prebendarum
1843 2778 2038 2808 auctoritate
2059 2777 2237 2815 apostolica

1265 2871 1276 2893 1
1296 2871 1364 2893 Bien
1382 2876 1434 2899 quc
1451 2872 1509 2893 rin-n
1528 2876 1561 2892 nc
1576 2870 1599 2892 le
1617 2876 1729 2899 marqu«¹
1748 2870 1854 2893 (11111511-
1876 2870 2002 2897 registrc,
2024 2868 2041 2891 il
2065 2873 2082 2895 y
2104 2874 2119 2891 a
2136 2868 2170 2891 ici
2187 2873 2239 2890 une

1227 2906 1324 2929 mcum·
1342 2907 1483 2930 evm-nto.
1502 2911 1538 2927 un
1556 2904 1681 2928 b011rd‹›11
1695 2911 1758 2929 sans
1775 2906 1868 2928 doute.
1886 2901 1925 2927 Lo
1943 2909 2004 2927 sens
2021 2903 2132 2931 indique
2149 2907 2201 2931 qut·
2217 2903 2239 2925 11-

1228 2942 1305 2964 texte
1324 2943 1389 2969 peut
1409 2940 1465 2963 em·
1486 2939 1626 2969 complete
1651 2941 1719 2963 ainsi
1763 2948 1772 2960 ι
1799 2939 1910 2963 solarem
1930 2940 1958 2963 in
1970 2938 2096 2962 Domino.
2118 2939 2184 2962 Cum
2200 2945 2242 2962 ve-

1227 2973 1356 3001 nerabilis
1371 2976 1453 3005 frater
1465 2977 1581 3005 noster..,
1595 2975 1688 2999 electus
1705 2974 1867 3004 LeodiensiS,
1898 2973 2060 3004 prebendam
2084 2973 2112 2996 in
2136 2973 2244 2998 ecclesia

1230 3011 1323 3034 Sancti
1340 3011 1459 3034 sslarlini
1478 3010 1631 3034 Leodiensis
1652 3019 1661 3030 ι
