2477 3512
1015 247 1293 290 QUATRIEME
1308 246 1470 280 ANNEE
2238 247 2304 280 839

226 363 282 386 «..,
309 349 409 389 priori
437 351 463 379 et
490 349 650 379 conventui
677 347 856 378 monasterii
885 347 995 377 Sancte
1022 345 1128 375 Marie
1155 344 1191 374 de

188 403 375 442 Viryinibus
393 403 429 432 de
452 402 596 436 Venitiis,
616 401 736 431 ordinis
756 400 863 431 Sancti
881 399 998 433 Marci,
1019 399 1059 428 ad
1077 398 1191 427 Roma-

183 465 258 486 nam
272 456 443 485 Ecclesiam
457 455 543 484 nullo
557 455 657 484 medio
671 453 863 492 pertinentis.
879 451 1070 482 Devotionis
1084 452 1191 479 vestre

184 509 331 547 precibus
353 526 402 537 —.
426 508 502 537 Dat.
524 507 670 541 Viterbii,
697 507 745 535 III
768 515 868 535 nonas
890 504 1084 537 novembris,
1106 511 1191 532 anno

183 561 291 590 tertio.
324 573 335 588 ))

264 747 353 774 2743
633 745 768 779 Anagni,
788 745 824 771 13
843 744 1005 770 decembre
1024 743 1111 770 1258.

205 800 364 827 Abbatem
394 798 578 825 monasterii
607 798 703 825 Casae
733 797 802 828 Dei,
833 796 1098 823 Claromontensis
1128 796 1194 821 dio-

184 840 271 871 cesiS‚
299 840 534 873 procuratorem
560 837 760 871 Apostolicae
778 836 865 862 Sedis
892 835 1067 862 constituit.
1095 835 1192 872 (Rrec.

185 879 234 911 25,
257 879 279 905 f.
306 878 362 905 165
386 882 432 910 v0,
458 885 507 904 an.
536 877 588 909 IV,
613 884 638 903 c.
663 876 745 909 299.)

227 980 238 995 (ε
254 991 283 1003 ..,
308 968 414 997 abbati
438 969 464 996 et
487 967 648 996 conventui
671 965 851 995 monasterii
876 965 954 995 Case
975 964 1044 998 Dei,
1070 964 1110 993 ad
1134 964 1193 993 Ro-

184 1030 311 1050 manam
329 1020 499 1050 Ecclesiam
517 1019 603 1049 nullo
620 1019 720 1048 medio
737 1018 929 1057 pertinenti&
949 1017 1068 1047 ordinis
1087 1017 1194 1047 Sancti

184 1073 354 1107 Benedicti,
382 1072 643 1103 Claromontensis
667 1071 806 1100 diocesis.
834 1071 922 1100 Sicut
946 1070 1061 1108 petitio
1085 1072 1193 1099 vestra

163 1126 277 1155 rnobis
305 1125 450 1155 exhibita
479 1125 667 1154 continebat
694 1123 885 1153 venerabilis
924 1122 1025 1152 frater
1052 1125 1192 1156 nost.er..‚

185 1178 456 1208 Claromontensis
492 1178 659 1216 episcopus
695 1186 753 1206 vos
797 1185 892 1214 super
926 1175 1025 1204 vestri
1069 1175 1194 1213 subjec-

183 1231 272 1260 tione
290 1230 477 1260 monasterii
494 1230 716 1268 multipliciter
732 1229 862 1267 impetit
879 1231 913 1257 et
930 1228 1091 1257 molestat.
1111 1227 1192 1264 Quia

184 1292 261 1313 vero
292 1283 455 1322 prefatum
484 1282 716 1312 monasterium
747 1282 788 1310 ad
817 1281 869 1319 jus
899 1283 932 1310 et
961 1281 1192 1319 proprietatem

183 1336 369 1375 Apostolice
396 1336 485 1366 Sedis
511 1344 567 1374 per
592 1334 757 1373 privilegia
784 1334 1042 1372 predecessorum
1070 1336 1193 1362 nostro-

182 1398 255 1418 rum
291 1389 513 1418 Romanorum
548 1387 742 1426 pontificum
787 1386 946 1424 pertinere
980 1388 1191 1420 monstratur,

183 1450 222 1470 ne
246 1441 298 1479 jus
324 1440 464 1470 Ecclesie
489 1441 636 1470 Romane
660 1441 826 1468 remaneat
850 1438 1053 1467 indefensum
1077 1440 1120 1471 te,
1146 1437 1192 1467 fili

182 1494 294 1527 abhas,
324 1495 566 1531 procuratorem
594 1492 694 1530 ipsius
723 1492 875 1520 duximus
904 1491 1114 1520 statuendum
1144 1493 1191 1524 ut,

182 1555 256 1576 cum
281 1546 435 1575 adversus
460 1545 559 1583 ipsius
584 1544 725 1574 Ecclesie
750 1544 897 1573 Romane
921 1544 1135 1582 possessiones
1160 1545 1193 1572 et

181 1599 264 1637 jura,
290 1607 354 1628 non
379 1598 439 1627 nisi
463 1597 656 1631 centenaria,
682 1599 790 1626 currat
813 1596 1013 1635 prescriptio,
1037 1598 1074 1625 tu
1099 1605 1194 1634 super

183 1651 243 1681 hiis
263 1653 296 1681 et
315 1651 384 1680 aliis
404 1651 474 1680 vice
494 1653 604 1680 nostra
623 1659 773 1688 procures
794 1658 855 1688 que
875 1649 907 1678 in
926 1649 1054 1687 judiciis
1073 1648 1194 1677 fuerint

184 1704 396 1742 procuranda.
441 1703 518 1733 Dat.
561 1702 716 1741 Anagnie,
750 1702 857 1731 idibus
888 1701 1074 1736 decembris,
1108 1710 1193 1731 anno

183 1759 310 1795 quarto.
343 1767 355 1783 »

264 1930 352 1955 2744
639 1929 773 1962 Anagni‚
791 1929 825 1955 11
845 1929 1008 1955 decembre
1026 1929 1112 1955 1258.

225 1982 411 2015 Magistrum
429 1982 581 2009 Bonitum
590 1979 636 2018 (7)
648 1982 685 2008 de
695 1982 782 2008 Mota
791 1981 822 2007 in
832 1981 1029 2015 capellanum
1040 1989 1130 2007 suum
1141 1982 1195 2007 ad-

183 2021 297 2048 mittit.
321 2022 418 2055 (REG.
442 2022 490 2053 25,
514 2022 535 2047 f.
561 2021 617 2047 165
639 2025 686 2053 v0,
710 2029 759 2048 an.
786 2021 838 2053 IV,
862 2029 887 2048 c.
911 2021 993 2054 300.)

226 2122 238 2138 ι
255 2111 411 2150 Mayistro
430 2111 543 2141 Bonito
561 2111 752 2148 deMota(1).
767 2111 952 2140 Meritistue
962 2111 1134 2149 probitatis
1143 2128 1194 2140 ——.

184 2163 251 2193 Dat
277 2165 432 2203 Anagnie‚
464 2165 512 2193 III
538 2164 611 2193 idus
638 2164 825 2198 decembris,
852 2173 937 2193 anno
964 2166 1091 2202 quarto.
1118 2175 1130 2190 »

265 2336 353 2362 2745
683 2337 817 2369 Anagni,
847 2336 884 2362 28
914 2343 996 2362 mars
1026 2336 1113 2362 1259.

226 2388 382 2422 Episcopo
421 2388 559 2415 Sorrensi
629 2389 686 2415 sub
723 2396 824 2422 poena
860 2389 1196 2415 excommunicationis

184 2429 317 2454 mandat
348 2430 383 2454 ut
413 2429 474 2455 duo
505 2429 684 2455 molendina
714 2428 880 2462 hospitalis
911 2428 939 2455 S.
972 2428 1125 2455 Leonardi
1157 2429 1194 2454 de

185 2468 302 2499 Rosva,
328 2468 514 2494 Turritanae
545 2468 686 2500 diocesis,
718 2469 757 2494 ad
788 2468 1013 2494 monasterium
1047 2468 1195 2495 Omnium

186 2507 373 2534 Sanctorum
394 2508 431 2533 de
452 2507 535 2541 Ripa
554 2508 629 2534 Arni
651 2508 810 2539 Pisanum,
831 2508 871 2534 ad
892 2508 1069 2534 Romanam
1090 2507 1195 2534 Eccle-

184 2547 263 2573 siam
282 2547 367 2573 nullo
387 2547 490 2573 medio
504 2548 673 2580 pertinens,
688 2548 806 2573 ordinis
825 2547 854 2573 S.
875 2547 1032 2579 Damiani,
1053 2549 1196 2581 spectan-

184 2587 232 2612 tia
256 2594 326 2613 cum
351 2594 441 2613 cursu
467 2594 567 2619 aquae
590 2587 728 2620 ipsorum
753 2588 784 2613 et
808 2587 1015 2620 proventibus
1040 2587 1195 2620 perceptis

185 2633 224 2652 ex
267 2626 320 2658 eis,
366 2627 545 2652 abbatissae
578 2628 609 2652 et
642 2627 813 2653 conventui
845 2627 980 2660 praefati
1013 2627 1196 2653 monasterii

186 2666 344 2692 restituat.
371 2666 468 2699 (REG.
495 2666 543 2697 25,
568 2666 589 2691 f.
618 2666 684 2698 165,
710 2674 760 2692 an.
790 2666 841 2698 IV,
867 2674 892 2692 c.
918 2666 996 2697 301;
1023 2666 1195 2692 ΡοττΗΑετ

225 2805 238 2821 ι
252 2817 281 2829 ..,
303 2795 445 2834 episcopo
467 2795 619 2825 Sorrensi.
641 2795 798 2833 Exposita
820 2795 911 2824 nobis
933 2795 1121 2825 dilectarum
1141 2813 1192 2824 —.

184 2847 261 2876 Dat.
282 2848 437 2886 Anagnie,
458 2848 485 2877 V
506 2848 569 2877 kal.
590 2848 708 2886 aprilis,
729 2856 814 2877 anno
835 2848 959 2886 quinto.
981 2859 993 2875 »

220 2942 244 2965 1.
264 2942 307 2967 on
326 2943 449 2970 pourrait
469 2942 515 2966 lire
536 2943 608 2966 aussi
626 2941 708 2965 bien:
732 2941 837 2966 Bovico.

1378 347 1466 373 2746
1822 346 1955 379 Anagni‚
1975 345 2013 372 23
2033 352 2115 371 mars
2137 346 2223 372 1259.

1339 399 1528 426 Abbatissae
1558 402 1589 426 et
1619 400 1790 426 conventui
1820 398 2003 425 monasterii
2034 397 2182 424 Omnium
2213 398 2306 424 Sanc-

1299 440 1404 465 torum
1417 440 1453 465 de
1464 440 1547 473 Ripa
1559 440 1646 470 Arni,
1658 440 1788 465 Pisanae
1798 438 1938 468 diocesis,
1949 437 2162 470 suprascripti,
2173 444 2305 470 quarum

1300 478 1450 512 hospitali
1477 479 1505 505 S.
1535 479 1688 505 Leonardi
1715 479 1751 505 de
1779 478 1896 511 Stagno
1922 473 2108 514 A[lbertus],
2135 477 2306 503 monachus

1301 518 1330 544 S.
1349 518 1513 545 Benedicti
1533 519 1570 545 de
1590 519 1696 544 Monte
1715 518 1843 545 cassino
1863 519 1895 543 et
1904 517 2091 543 Turritanus
2102 516 2306 549 archiepisco-

1300 565 1369 590 pus,
1386 558 1548 584 ecclesiam
1566 558 1595 584 S.
1614 558 1737 590 Georgii
1755 558 1792 583 de
1809 557 1984 583 Oleastreto
2001 556 2033 582 in
2049 557 2216 589 perpetuos
2233 562 2307 581 usus

1302 597 1444 628 donavit,
1480 598 1561 623 hanc
1596 598 1800 623 donationem
1835 596 2013 627 confirmat,
2048 597 2188 621 tenorem
2221 594 2306 621 litte—

1300 643 1405 663 rarum
1428 637 1505 663 dicti
1528 637 1753 670 archiepiscopi
1776 636 1922 662 inserens.
1946 635 2042 668 (REG.
2062 635 2110 666 25,
2133 634 2154 660 f.
2180 634 2236 660 165
2259 637 2305 666 v0,

1301 683 1351 702 an.
1380 676 1431 707 IV,
1457 684 1482 702 c.
1508 676 1585 707 302;
1611 676 1782 702 POTTHAST
1809 675 1928 707 17521.)

1343 789 1354 804 «
1371 800 1400 811 ..,
1426 778 1580 807 abbatisse
1604 780 1629 807 et
1653 778 1812 807 conventui
1836 777 2014 806 monasterii
2040 777 2186 806 Omnium
2212 776 2308 806 Sanc-

1299 829 1397 859 torilm
1427 831 1462 859 de
1490 830 1575 869 Ripa
1605 831 1688 859 Arni
1718 830 1843 863 Pisani,
1867 830 1906 859 ad
1935 830 2108 859 Romanam
2137 829 2306 858 Ecclesiam

1299 882 1385 912 nullo
1406 883 1506 912 medio
1527 883 1718 921 pertinentis,
1741 883 1861 912 ordinis
1885 883 1990 912 Sancti
2011 882 2173 911 Damiani.
2196 882 2307 911 Cuma

1301 935 1392 964 nobis
1428 953 1478 964 -—.
1500 936 1576 965 Dat.
1597 936 1753 974 Anagnie,
1775 936 1806 964 X
1825 935 1888 964 kal.
1909 935 2027 973 aprilis,
2048 944 2132 964 anno
2152 935 2276 973 quinto.
2297 946 2309 961 »

1380 1103 1469 1128 2747
1755 1104 1889 1137 Anagni,
1908 1104 1942 1129 11
1961 1103 2123 1129 decembre
2141 1103 2227 1129 1258.

1343 1155 1420 1181 Cum
1453 1156 1504 1187 H.,
1536 1156 1623 1182 tituli
1655 1155 1684 1182 S.
1717 1155 1851 1182 Sabinae
1882 1155 2046 1189 presbyter
2076 1155 2252 1186 cardinalis,
2271 1154 2308 1180 Α.

1303 1194 1390 1221 Sedis
1425 1195 1565 1227 nuntius,
1602 1195 1737 1222 Henrico
1774 1195 1883 1221 abbati
1918 1195 2100 1221 monasterii
2136 1194 2309 1226 Fuldensis,

1302 1234 1538 1268 Herbipolensis
1568 1235 1708 1266 diocesis,
1738 1234 1993 1261 reformationem
2022 1234 2203 1260 monasterii
2233 1234 2310 1260 Her-

1301 1273 1457 1305 feldensis,
1474 1275 1678 1307 Maguntinae
1694 1274 1824 1301 diocesis
1840 1274 2056 1305 commisisset,
2072 1274 2153 1300 hanc
2168 1273 2311 1299 commis-

1302 1314 1419 1340 sionem
1443 1314 1620 1340 confirmat.
1651 1314 1748 1345 (REG.
1778 1315 1826 1345 25,
1856 1314 1877 1339 f.
1909 1314 1975 1345 166,
2013 1321 2062 1340 an.
2096 1313 2147 1345 IV,
2177 1321 2201 1339 c.
2232 1313 2309 1345 303;

1301 1353 1528 1386 RODENBERG,
1550 1354 1584 1381 T.
1615 1354 1672 1383 ΙΙΙ,
1701 1354 1748 1380 N0
1768 1354 1850 1386 485.)

1343 1467 1354 1481 «
1373 1455 1519 1489 Henrico,
1538 1456 1644 1485 abbati
1663 1457 1844 1486 monasterii
1864 1457 2042 1491 Fufflensis,
2063 1457 2182 1486 ordinis
2204 1456 2310 1487 Sancti

1300 1508 1469 1541 Benedicti,
1490 1509 1727 1547 Herbipolensis
1747 1510 1886 1539 diocesis.
1908 1510 1958 1538 Ex
1978 1512 2034 1539 tua
2056 1513 2087 1538 et
2121 1510 2310 1539 dilectorum

1300 1559 1474 1595 filiorum..‚
1499 1561 1656 1596 decani,..‚
1680 1563 1834 1600 prepositi
1857 1565 1891 1591 et
1913 1565 2091 1591 conventus
2113 1562 2308 1597 monasterii,

1302 1613 1531 1647 Herfeldensis‚
1556 1614 1675 1643 ordinis
1700 1615 1809 1644 Sancti
1830 1615 2008 1650 Benedicti,
2032 1615 2220 1653 Maguntine
2244 1615 2310 1644 dio-

1303 1666 1391 1700 cesis,
1432 1666 1588 1704 petitione.
1635 1668 1817 1706 accepimus
1858 1669 1944 1706 quod
1992 1677 2064 1697 cum
2103 1668 2308 1702 Wernherus,

1303 1719 1467 1757 quondam
1493 1720 1594 1749 abbas
1619 1721 1806 1750 monasterii
1831 1721 1986 1759 ejusdem,
2012 1721 2156 1759 regimini
2181 1720 2312 1750 abbatie

1302 1771 1401 1809 ipsius
1426 1772 1530 1810 primo
1555 1775 1670 1811 sponte
1695 1773 1841 1803 cessisset
1865 1783 1902 1803 ac
1927 1783 1998 1803 eam
2022 1774 2231 1812 postmodum
2257 1782 2315 1812 per

1302 1824 1491 1854 violentiam
1521 1829 1743 1864 occuppasset,
1775 1827 1908 1855 tandem
1939 1827 2074 1856 dilectus
2101 1826 2186 1856 filius
2204 1828 2314 1856 noster

1303 1877 1356 1910 H.,
1386 1877 1473 1906 tituli
1502 1878 1618 1907 Sancte
1647 1879 1763 1908 Sabine
1791 1880 1948 1917 presbiter
1975 1879 2154 1913 cardinalis,
2178 1882 2257 1908 tunc
2278 1879 2312 1908 in

1302 1930 1450 1968 partibus
1466 1930 1526 1959 illis
1543 1931 1727 1969 Apostolice
1745 1932 1833 1961 Sedis
1850 1932 1984 1970 legatus,
2002 1941 2075 1962 eum
2093 1932 2207 1961 exinde
2224 1941 2312 1962 amo-

1302 1983 1379 2016 veri,
1398 1983 1544 2021 exigente
1560 1984 1699 2021 justitia,
1716 1984 1846 2018 faciens,
1864 1994 1900 2014 ac
1917 1986 2088 2014 attendens
2106 1985 2228 2014 (lictum
2244 1994 2312 2015 mo—

1303 2036 1489 2069 nasterium,
1528 2037 1614 2074 quod
1650 2046 1706 2075 per
1741 2037 1899 2067 malitiam
1935 2040 1968 2067 et
2003 2038 2158 2067 incuriam
2194 2037 2311 2076 prefati

1302 2089 1486 2118 Werucheri
1505 2089 1576 2127 (sic)
1596 2092 1665 2119 erat
1685 2099 1749 2119 non
1773 2090 1935 2120 modicum
1960 2091 1992 2120 in
2026 2091 2245 2129 spiritualibus
2278 2092 2312 2120 et

1303 2142 1536 2179 temporalibus
1568 2142 1755 2181 collapsum,
1788 2152 1844 2181 per
1875 2146 1964 2172 tuam
1996 2144 2188 2172 industriam
2219 2152 2311 2182 posse

1302 2194 1334 2223 in
1359 2194 1503 2232 utrisque
1527 2194 1661 2223 feliciter
1683 2195 1859 2230 reformari,
1878 2205 1986 2225 curam
2004 2199 2036 2225 et
2059 2196 2310 2225 administratio-

1304 2256 1376 2276 nem
1404 2247 1503 2285 ipsius
1532 2248 1718 2277 monasterii
1747 2251 1815 2277 tam
1843 2249 1875 2278 in
1904 2249 2123 2287 spiritualibus
2152 2258 2249 2287 quam
2277 2249 2310 2278 in

1302 2299 1545 2338 temporalibus,
1564 2301 1759 2330 auctoritate
1776 2310 1832 2330 sue
1849 2302 2017 2340 legationis
2048 2302 2109 2331 tibi
2148 2301 2309 2331 commisit

1303 2361 1404 2390 usque
1440 2353 1481 2381 ad
1520 2355 1627 2382 nostre
1664 2354 1902 2392 beneplacitum
1940 2355 2128 2384 voluntatis.
2166 2354 2310 2392 Cumque

1303 2405 1511 2444 postmodum
1558 2406 1762 2444 supradictus
1803 2407 1853 2436 W.
1906 2407 2136 2437 monasterium
2205 2408 2309 2445 ipsum

1304 2459 1408 2487 denuo
1433 2467 1489 2496 per
1535 2458 1679 2487 laicalem
1704 2460 1883 2497 potentiam
1910 2463 2097 2498 occupasset
2121 2469 2157 2489 ac
2182 2469 2239 2489 nos
2264 2459 2310 2488 di-

1302 2511 1392 2540 lectis
1411 2510 1517 2544 filiis..‚
1539 2511 1577 2540 de
1605 2511 1727 2540 Slutere
1757 2515 1822 2546 et..,
1844 2513 1882 2542 de
1901 2514 2105 2551 Arnespurch
2132 2512 2306 2542 abbatibus

1303 2563 1499 2593 dedissemus
1518 2564 1577 2593 sub
1597 2566 1682 2593 certa
1702 2564 1804 2594 forma
1823 2575 1879 2603 per
1897 2568 2023 2595 nostras
2036 2566 2159 2595 litteras
2173 2566 2204 2594 in
2219 2573 2308 2594 man-

1303 2617 1387 2646 datis
1412 2618 1458 2650 ut,
1484 2616 1509 2644 si
1534 2619 1617 2645 esset
1641 2617 1697 2649 ita.
1723 2618 1860 2647 cundem
1884 2619 1934 2647 W.
1960 2628 1977 2648 a
2003 2619 2089 2648 dicto
2114 2617 2307 2647 monasterio

1302 2671 1499 2702 amoverent,
1536 2670 1787 2699 contradictores
1823 2673 1894 2705 etc„
1931 2672 2015 2700 idem
2043 2672 2143 2700 abbas
2172 2671 2210 2699 de
2239 2670 2307 2700 Slu-

1300 2724 1378 2755 tere,
1400 2730 1436 2750 ac
1457 2721 1592 2750 dilectus
1613 2721 1730 2756 filius„
1765 2724 1902 2753 decanus
1923 2724 2050 2753 ecclesie
2073 2724 2187 2753 Sancte
2207 2723 2306 2752 Marie

1301 2775 1332 2804 in
1351 2774 1478 2812 Campis
1496 2774 1694 2812 Maguntine,
1721 2776 1770 2804 cui
1789 2776 1932 2814 prefatus
1950 2777 2050 2805 abbas
2069 2776 2107 2805 dc
2125 2776 2305 2814 Arnespurc

1301 2827 1462 2857 commisit
1482 2835 1577 2864 super
1597 2827 1665 2861 hoc,
1688 2831 1784 2865 prout
1810 2838 1850 2858 ex
1870 2829 2025 2858 beneficio
2053 2831 2234 2857 nostrarum
2254 2828 2306 2858 lit-

1300 2884 1442 2910 terarum
1473 2880 1631 2911 dictarum
1662 2881 1801 2910 habebat
1832 2881 1985 2915 totaliter,
2005 2882 2090 2911 vices
2116 2890 2199 2915 suas,
2229 2881 2303 2919 quia

1245 2964 1248 2972 Δ
1300 2934 1343 2963 eis
1373 2934 1412 2964 de
1442 2935 1601 2973 premissis
1638 2934 1776 2972 legitime
1807 2934 1953 2963 constitit
1989 2937 2203 2964 memoratum
2233 2934 2306 2963 We-
