2477 3512
905 255 1183 298 QUATRIEME
1197 253 1360 287 ANNEE
2123 256 2190 289 843

75 366 221 396 Romane
239 362 379 393 Ecclesie
396 359 647 391 vicecancellarii
664 361 697 388 et
714 357 842 391 notarii,
861 356 952 394 cujus
970 355 1081 384 existis

75 418 216 451 clericus,
246 417 307 445 tibi
337 414 551 454 quadraginta
580 413 734 442 librarum
763 409 997 440 Turonensium
1026 417 1082 437 an-

76 480 174 501 nuam
197 469 383 508 pensionem
407 466 573 500 concessit,
596 465 657 494 tibi
681 464 775 494 certis
796 463 866 492 loco
889 464 922 491 et
944 461 1081 490 termino

76 523 183 563 quoad
208 522 325 551 vixeris
351 519 606 559 persolvendam,
632 526 665 546 se
691 526 727 546 ac
752 516 896 554 ejusdem
922 515 1082 553 prioratus

75 577 159 606 bona
179 578 212 604 et
230 575 329 604 etiam
349 581 544 602 successores
563 579 636 600 suos
656 569 716 599 tibi
735 571 866 608 propter
884 569 944 597 hoc
963 567 1082 605 specia-

74 629 150 658 liter
169 627 350 666 obligando‚
371 628 468 664 prout
486 625 519 653 in
538 624 653 653 litteris
672 623 746 652 inde
766 621 919 651 confectis
937 620 1082 658 sigillatis

74 681 177 720 sigillo
195 680 303 710 dilecti
320 679 378 708 filii
396 678 497 707 nostri
516 677 564 711 0.,
584 676 699 706 Sancte
716 675 815 705 Marie
832 674 865 703 in
878 673 998 703 Vialati
1012 673 1082 710 (sic)

75 734 201 764 diaconi
223 732 402 765 cardinalis,
439 733 472 760 et
491 730 590 768 ipsius
610 728 723 767 prioris
743 727 867 766 plenius
888 726 1081 756 continetur.

75 787 144 817 Nos
171 787 293 824 itaque,
322 785 387 813 tuis
415 782 704 822 supplicationibus
732 780 887 813 inclinati,
927 780 1013 818 quod
1041 779 1083 808 ab

75 840 188 869 eodem
214 838 317 877 priore
343 837 467 866 factum
494 838 542 865 est
567 837 675 864 ratum
701 836 733 863 et
758 833 889 862 firmum
916 832 1082 866 habentes,

75 893 108 922 id
132 901 195 922 non
219 891 370 921 obstante
394 889 514 928 quod..‚
549 887 677 917 abbatis
700 889 733 916 et
755 888 933 916 conventus
956 894 1083 914 monas-

75 945 147 975 terii
171 944 281 974 Sancti
303 943 391 973 Petri
414 943 453 971 de
471 941 566 975 Cella,
584 940 748 970 Trecensis
771 939 914 972 diocesis,
938 939 1082 976 ejusdem

76 997 196 1028 ordinis
220 997 271 1026 cui
293 996 455 1035 prioratus
478 994 545 1033 ipse
568 994 690 1027 subest,
708 1002 803 1031 super
817 993 877 1021 hoc
901 1001 964 1021 non
987 991 1085 1021 inter—

75 1051 167 1080 venit
207 1058 354 1080 assensus
394 1048 590 1077 auctoritate
630 1045 807 1085 apostolica
843 1045 1083 1079 confirmamus,

74 1106 108 1134 et
126 1103 283 1142 presentis
293 1101 404 1140 scripti
417 1100 598 1139 patrocinio
613 1099 859 1132 communimus,
878 1098 1083 1127 decernentes

75 1157 213 1186 eundem
233 1155 372 1194 pn'orem
393 1163 430 1183 ac
451 1162 646 1183 successores
666 1161 740 1181 suos
760 1152 861 1180 teneri
881 1151 941 1180 tibi
962 1151 1003 1180 ad
1023 1150 1084 1180 sol-

74 1209 217 1239 vendum
240 1207 427 1246 hujusmodi
450 1206 646 1245 pensionem,
660 1214 697 1235 ac
720 1204 882 1243 prefatum
905 1204 1084 1242 prioratum

75 1265 108 1292 et
125 1263 194 1301 ejus
213 1262 298 1291 bona
315 1260 423 1290 omnia
441 1259 502 1289 tibi
519 1259 586 1288 fore
604 1260 736 1297 propter
752 1258 813 1287 hoc
831 1257 938 1296 quoad
967 1256 1084 1286 vixeris

76 1315 228 1354 obligata.

117 1380 129 1395 «
139 1368 295 1397 Tenorem
304 1369 414 1396 autem
423 1366 604 1395 litterarum
622 1364 764 1402 ipsarum
784 1364 822 1392 de
840 1363 938 1392 verbo
957 1364 998 1392 ad
1016 1372 1086 1392 ver-

76 1421 154 1450 bum
184 1419 387 1459 presentibus
416 1418 511 1447 inseri
540 1418 673 1447 fecimus
703 1417 758 1455 qui
787 1417 861 1445 talis
891 1419 959 1445 est:

547 1587 690 1620 Viterbe,
717 1585 901 1623 septembre
928 1585 1006 1618 1258

117 1653 129 1668 «
151 1641 265 1670 Frater
287 1641 440 1669 Nicolaus
463 1640 502 1669 de
524 1639 718 1673 Rumiliaco,
742 1638 872 1668 humilis
895 1638 982 1676 prior
1003 1638 1087 1676 prio-

75 1705 86 1720 «
110 1696 200 1724 ratus
219 1694 328 1723 Sancti
348 1693 468 1722 Flaviti
485 1692 566 1721 Ville
585 1692 700 1726 Mauri,
719 1692 839 1721 ordinis
859 1692 969 1721 Sancti
985 1691 1087 1720 Bene-

75 1758 86 1773 «
110 1747 198 1781 dicti,
220 1747 384 1776 Trecensis
408 1746 552 1779 diocesis,
575 1745 713 1774 discreto
734 1745 803 1774 viro
826 1745 857 1773 in
879 1744 1005 1774 Christo
1026 1745 1087 1774 sibi

77 1811 88 1826 κ
113 1800 278 1829 carissimo
307 1799 463 1838 magister
491 1799 643 1837 Gregorio
673 1799 710 1827 de
739 1798 841 1833 Posis,
863 1798 984 1828 domini
1003 1807 1086 1837 pape

76 1864 88 1879 «
110 1853 270 1891 scriptori,
305 1853 419 1882 clerico
451 1851 647 1881 venerabilis
678 1852 738 1880 viri
771 1852 917 1889 magistri
949 1852 1085 1881 Jordani

76 1917 88 1933 ι
111 1906 227 1935 Sancte
260 1906 406 1935 Romane
438 1905 579 1934 Ecclesie
610 1905 863 1934 vicecancellarii
894 1909 925 1934 et
956 1907 1086 1941 notarii,

76 1971 88 1986 ι
110 1960 249 1989 salutem
273 1960 305 1988 in
332 1959 482 1988 Domino.
508 1959 726 1987 Attendentes
751 1962 912 1997 quantum
937 1960 1029 1989 nobis
1053 1964 1085 1990 et

76 2025 86 2039 ιι
110 2012 267 2051 prioratui
303 2012 405 2042 nostri
443 2021 480 2041 ac
516 2012 616 2041 etiam
652 2011 763 2041 amicis
800 2012 918 2041 nostris
954 2021 1086 2042 venera-

76 2077 88 2093 «
111 2066 182 2095 bilis
205 2066 266 2095 viri
289 2065 435 2103 magistri
460 2066 607 2099 Jordani,
634 2066 750 2095 Sancte
774 2066 921 2095 Romane
945 2066 1085 2096 Ecclesie

76 2131 88 2146 a
110 2119 362 2148 vicecancellarii
402 2121 433 2147 et
473 2119 602 2152 notarii,
643 2119 939 2157 circumspectionis
976 2120 1086 2149 indus-

77 2184 88 2199 «
113 2172 172 2202 tria
192 2171 315 2210 profuit
335 2171 492 2201 hactenus
512 2175 542 2201 et
565 2172 714 2210 prodesse
735 2173 855 2210 poterit
874 2172 905 2201 in
925 2173 1084 2208 futurum,

77 2237 88 2252 a
111 2234 148 2255 ac
168 2226 314 2254 volentes
334 2234 504 2263 personam
525 2226 594 2263 ejus
613 2226 646 2254 in
667 2228 698 2254 te
718 2228 853 2264 propter
869 2229 962 2264 graia
982 2229 1015 2256 ct
1034 2236 1085 2256 ac-

77 2286 88 2301 «
111 2277 204 2312 cepta
221 2274 352 2303 servitia
371 2283 432 2312 quc
450 2275 542 2303 nobis
558 2277 591 2303 et
608 2275 764 2312 prioratui
781 2278 892 2304 nostro
909 2276 1086 2305 exhibuisti

77 2338 88 2353 α
110 2330 143 2356 et
173 2327 322 2365 deinceps
351 2327 502 2356 exhibere
532 2328 663 2365 poteris,
695 2328 779 2357 dono
807 2328 954 2366 specialis
982 2330 1084 2367 gratie

76 2391 87 2407 α
110 2381 276 2413 honorare,
312 2380 352 2409 ob
386 2381 602 2410 reverentiam
635 2380 735 2418 ipsius
769 2382 914 2420 magistri
948 2382 1083 2412 Jordani

76 2445 88 2461 ι
111 2434 169 2463 tibi
189 2442 331 2462 annuam
351 2434 565 2472 quadraginta
586 2434 741 2463 librarum
757 2435 992 2465 Turonensium
1009 2446 1086 2474 pen-

77 2500 88 2513 «
110 2487 232 2516 sionem
249 2487 355 2524 quoad
373 2486 491 2515 vixeris
508 2488 765 2524 persolvendam.
782 2488 840 2517 tibi
858 2490 907 2518 vcl
925 2491 980 2518 tuo
998 2493 1084 2519 certo

77 2552 88 2567 α
110 2540 310 2578 procuratori
335 2549 391 2569 scu
418 2540 532 2568 nuntio
559 2541 590 2570 in
617 2541 770 2570 nundinis
796 2542 900 2571 beatis
925 2543 1083 2573 Johannis

78 2602 89 2617 ι
109 2591 258 2629 Baptiste
290 2593 377 2630 apud
410 2593 525 2621 Trccas
557 2596 667 2622 tenore
700 2595 899 2632 presentium
932 2596 1084 2627 duximus

78 2645 361 2677 «concedendam,
396 2655 453 2675 nos
485 2649 517 2675 et
548 2647 693 2684 ejusdem
726 2647 887 2685 prioratus
920 2649 1014 2683 bona,
1047 2659 1084 2679 ac

77 2707 90 2723 α
110 2697 210 2726 etiarn
229 2706 426 2727 successores
447 2702 573 2728 nostros
594 2700 652 2728 tibi
675 2703 806 2738 propter
825 2702 884 2731 hoc
904 2704 1085 2740 specialiter

79 2760 91 2775 a
111 2749 302 2788 obligantes.
332 2751 375 2781 Ut
405 2755 513 2781 autern
543 2753 703 2782 concessio
731 2757 761 2782 et
791 2755 945 2793 obligatio
975 2756 1085 2793 liujus-

79 2812 89 2828 «
111 2803 198 2831 modi
230 2804 328 2833 robur
356 2805 525 2834 obtineant
557 2807 735 2837 firmitatis,
767 2811 930 2845 presentes
962 2809 1085 2839 litteras

79 2866 90 2881 a
112 2855 222 2891 sigiliis
245 2858 410 2887 reverendi
434 2859 535 2896 patris
559 2862 591 2888 ct
615 2860 733 2889 domini
757 2861 877 2890 domini
902 2862 1084 2897 (⁷)ctaviani,

79 2919 89 2933 a
114 2908 230 2937 Sancte
250 2910 349 2939 Marie
371 2911 400 2939 in
422 2912 551 2941 Vialata
573 2913 698 2942 diaconi
721 2915 902 2948 cardinalis,
923 2918 954 2944 et
976 2919 1084 2945 nostro

79 2971 90 2985 κ
113 2960 246 2991 fecimus
287 2963 439 2993 roborari.
482 2965 601 2994 Actum
643 2966 789 3000 Vitcrbii,
839 2976 922 2997 anno
966 2969 1086 2998 domini

1190 364 1201 379 r<
1222 353 1274 382 Μο
1315 352 1382 381 CCo
1422 352 1561 386 LV1110‚
1603 361 1710 381 menso
1752 353 1936 390 septembri,
1979 353 2190 390 pontificatus

1190 417 1201 431 <t
1224 405 1343 434 domini
1364 405 1539 434 Alexandii
1562 414 1642 443 pape
1668 405 1735 434 IIII
1757 414 1841 434 anno
1863 408 1990 443 quarto.
2020 417 2030 431 »

1227 470 1239 486 «
1264 458 1351 487 Nulli
1378 460 1485 487 nostre
1512 458 1768 488 confirmationis
1795 460 1827 487 et
1854 458 2096 487 constitutionis
2128 461 2190 487 etc.

1190 511 1269 541 Dat.
1294 511 1441 541 viterbii.
1461 511 1510 539 III
1534 511 1597 540 kal.
1622 511 1773 544 octobris,
1794 520 1879 540 anno
1900 513 2026 549 quarto.
2048 523 2059 537 »

1270 604 1357 630 2763
1638 605 1775 636 viterbo,
1788 605 1825 632 28
1838 605 2013 639 septembre
2026 605 2112 632 1258.

1229 645 1471 678 Archiepiscopo
1493 644 1665 670 Turonensi
1686 646 1717 670 et
1738 645 1882 678 episcopo
1903 645 2086 671 Abrincensi
2107 652 2194 671 man-

1191 684 1246 710 dat
1273 686 1309 710 ut
1336 684 1517 718 pensionem
1544 684 1705 718 praedicto
1735 684 1880 717 Gregorio
1897 684 2037 710 debitam
2061 685 2194 718 persolvi

1190 723 1318 750 faciant.
1334 724 1431 757 (REG.
1447 724 1495 755 25,
1511 723 1532 749 f.
1549 724 1616 755 169,
1632 731 1681 750 an.
1700 723 1752 755 IV,
1768 731 1793 750 c.
1809 724 1906 757 319³.)

1232 811 1242 826 «
1259 823 1288 834 ..,
1322 800 1552 839 archiepiscopo
1585 801 1759 829 Turonensi
1807 802 1864 834 el..,
1908 801 2049 840 episcopo
2079 801 2196 830 Abrin-

1190 854 1284 882 censi.
1315 853 1434 882 Petitio
1464 853 1573 882 dilecti
1601 853 1660 882 filii
1688 853 1834 891 magistri
1863 854 2005 891 Gregorii
2035 854 2072 883 de
2097 854 2195 887 Posi&

1189 906 1352 944 scriptoris
1368 906 1480 936 nostri.
1496 906 1588 935 nobis
1604 906 1748 935 exhibita
1763 906 1953 935 continebat
1963 907 2048 945 quod
2063 907 2197 936 dilectus

1189 959 1275 988 filius
1302 959 1455 988 Nicolaus
1481 959 1521 988 de
1546 959 1738 993 Rumiliaco,
1765 959 1852 997 prior
1875 959 2036 997 prioratus
2062 962 2134 993 etc„
2161 962 2198 988 ut

1189 1012 1221 1041 in
1240 1012 1300 1041 alia
1318 1012 1424 1041 verbis
1443 1014 1663 1050 competenter
1679 1012 1814 1042 mutatis
1833 1012 2033 1047 continetur;
2053 1021 2125 1041 cum
2143 1022 2198 1042 au-

1189 1066 1257 1094 tem
1276 1073 1345 1100 nos,
1365 1065 1465 1104 ipsius
1484 1065 1648 1103 scriptoris
1660 1065 1948 1103 supplicationibus
1971 1065 2114 1095 inclinati
2137 1068 2197 1095 etc.

1190 1127 1308 1156 usque:
1324 1118 1477 1156 obligata,
1491 1117 1689 1148 fraternitati
1698 1120 1805 1147 vestre
1815 1127 1871 1156 per
1883 1118 2067 1157 Apostolica
2080 1119 2197 1157 scripta

1191 1171 1385 1200 mandamus
1418 1171 1572 1210 quatinus
1604 1171 1708 1200 eidem
1740 1171 1887 1210 scriptori
1919 1172 1969 1200 vel
2001 1172 2199 1209 procuratori

1191 1233 1249 1253 suo
1267 1224 1337 1262 ejus
1354 1224 1495 1258 nomine,
1512 1224 1691 1262 predictam
1708 1224 1893 1263 pensionem
1909 1224 2003 1263 juxta
2020 1224 2199 1254 litterarum

1191 1277 1335 1315 ipsarum
1352 1279 1499 1306 tenorem
1516 1286 1574 1306 vos
1591 1277 1642 1306 vel
1659 1277 1742 1307 alter
1757 1279 1912 1311 vestrum,
1931 1287 1987 1316 per
2003 1287 2061 1307 vos
2077 1278 2128 1307 vel
2146 1287 2202 1316 per

1192 1329 1293 1359 alium
1319 1339 1375 1359 seu
1399 1329 1489 1364 alios,
1515 1330 1685 1359 annuatim
1710 1330 1836 1360 faciatis
1860 1331 2008 1369 persolvi.
2033 1331 2105 1360 Non
2131 1331 2203 1360 obs-

1195 1385 1288 1412 tante
1310 1383 1336 1412 si
1359 1384 1408 1412 est
1429 1382 1591 1421 aliquibus
1613 1383 1654 1413 ab
1669 1383 1855 1422 Apostolica
1877 1383 1956 1413 Sede
1977 1384 2139 1413 indultum
2152 1384 2202 1413 vel

1194 1435 1353 1474 indulgeri
1377 1435 1462 1465 forte
1486 1435 1656 1475 contigerit
1681 1436 1767 1474 quod
1790 1436 1948 1470 interdici,
1973 1437 2124 1475 suspendi
2153 1437 2204 1466 vel

1196 1488 1471 1518 excommunicari
1504 1498 1559 1518 seu
1592 1489 1739 1527 compelli
1771 1489 1812 1518 ad
1846 1489 2037 1519 solutionem
2070 1489 2205 1528 alicujus

1195 1541 1362 1580 pensionis
1389 1551 1451 1572 non
1479 1542 1604 1580 possint
1629 1551 1686 1580 per
1711 1542 1834 1571 litteras
1861 1539 2052 1581 apostolicas
2079 1552 2141 1581 que
2168 1543 2206 1572 de

1198 1594 1325 1624 indulto
1351 1595 1538 1632 hujusmodi
1563 1595 1692 1633 plenam
1718 1597 1749 1624 et
1776 1604 1958 1634 expressam
1984 1604 2047 1624 non
2073 1595 2206 1625 fecerint

1196 1647 1395 1677 mentionem
1414 1650 1473 1677 aut
1492 1648 1637 1687 qualibet
1655 1648 1716 1677 alia
1735 1648 1934 1687 indulgentia
1955 1649 2042 1678 Sedis
2061 1648 2204 1687 ejusdem

1195 1701 1234 1730 de
1250 1700 1342 1739 qu'us
1358 1703 1429 1730 toto
1446 1703 1557 1730 tenore
1573 1703 1722 1739 oporteat
1738 1701 1769 1730 in
1786 1702 1988 1740 presentibus
2004 1702 2200 1731 mentionem

1193 1753 1264 1783 fieri
1288 1755 1321 1783 et
1344 1763 1401 1792 per
1424 1763 1522 1792 quam
1547 1753 1682 1784 effectus
1700 1755 1897 1793 presentium
1921 1754 2068 1793 impediri
2092 1755 2200 1785 valeat

1193 1807 1245 1835 vel
1267 1806 1399 1841 differri,
1417 1809 1451 1836 et
1475 1807 1706 1837 constitutione
1733 1808 1771 1836 de
1796 1808 1921 1837 duabus
1947 1807 2040 1837 dietis
2065 1808 2152 1838 edita
2169 1808 2199 1838 in

1194 1860 1327 1889 concilio
1347 1860 1495 1898 generali.
1517 1860 1775 1890 Contradictores
1807 1863 1879 1895 etc„
1908 1861 2058 1890 invocato
2079 1862 2120 1891 ad
2141 1862 2201 1891 hoc

1193 1913 1219 1942 si
1240 1922 1320 1951 opus
1339 1912 1437 1942 fuerit
1457 1915 1517 1942 etc.
1539 1913 1616 1942 Dat.
1637 1916 1674 1942 ut
1694 1913 1726 1943 in
1746 1913 1818 1943 alia.
1840 1925 1852 1940 n

1233 2007 1322 2033 2764
1634 2009 1768 2042 Anagni‚
1785 2009 1823 2035 24
1839 2010 2015 2043 septembre
2032 2010 2118 2036 1255.

1233 2047 1390 2081 Episcopo
1413 2047 1620 2075 Ulixbonensi
1642 2050 1774 2075 mandat
1796 2051 1832 2076 ut
1855 2050 1895 2076 ad
1916 2050 2069 2083 Alphonsi
2092 2050 2202 2081 Suerii.

1192 2087 1321 2114 rectoris
1341 2087 1488 2114 ecclesiae
1508 2088 1537 2114 S.
1566 2088 1683 2115 Mariae
1712 2089 1748 2115 de
1776 2089 1938 2121 Alcaveto,
1958 2096 2032 2116 suae
2059 2089 2200 2121 diocesis,

1192 2126 1285 2160 juxta
1297 2127 1476 2154 Innocentis
1489 2127 1530 2154 IV
1551 2128 1779 2155 continentiam
1790 2129 1978 2160 litterarum,
1989 2130 2200 2163 provisionem

1192 2167 1353 2200 procedat.
1376 2167 1473 2200 (REG.
1496 2167 1544 2199 25,
1566 2168 1588 2193 f.
1612 2168 1679 2199 169,
1702 2176 1752 2194 an.
1778 2168 1830 2200 IV,
1853 2176 1878 2195 c.
1900 2167 1999 2202 31912.)

1234 2255 1246 2270 «
1260 2266 1290 2278 ..‚
1312 2243 1455 2282 episcopo
1489 2244 1704 2274 Ulioebonensi.
1726 2245 1816 2275 Licet
1837 2246 1912 2275 olim
1932 2245 2031 2275 felicis
2052 2246 2196 2276 recorda-

1191 2296 1289 2326 tionis
1313 2297 1518 2327 Innocentius
1559 2307 1655 2336 papa,
1699 2299 1901 2337 predecessor
1921 2301 2038 2333 noster,
2059 2299 2119 2328 tibi
2140 2299 2199 2328 sub

1193 2351 1279 2379 certa
1299 2349 1413 2384 forma,
1434 2350 1571 2379 obtentu
1590 2351 1821 2381 venerabilium
1859 2352 1996 2381 fratrum
2016 2354 2198 2381 nostrorum

1196 2402 1231 2436 1.,
1248 2403 1511 2441 Portugallansis,
1531 2403 1580 2438 E„
1594 2404 1841 2438 Colimbriensis,
1860 2407 1892 2434 et
1918 2405 1968 2439 R„
1985 2405 2200 2444 Egitaniensis

1192 2455 1425 2494 episcoporum,
1447 2456 1512 2485 suis
1533 2457 1657 2486 dederit
1677 2457 1792 2487 litteris
1812 2458 1843 2487 in
1864 2458 2027 2487 mandatis
2048 2461 2085 2487 ut
2106 2458 2200 2487 dilec-

1191 2510 1263 2537 tum
1285 2508 1389 2538 filium
1424 2509 1594 2539 Alfonsum
1618 2510 1729 2544 Suerii,
1753 2513 1908 2540 rectorem
1932 2511 2059 2540 ecclesie
2083 2512 2198 2541 Sancte

1191 2561 1290 2591 Marie
1316 2562 1354 2591 de
1379 2562 1545 2596 Alcaveto,
1577 2565 1632 2591 tue
1657 2563 1800 2598 diocesis,
1827 2564 1864 2593 de
1890 2564 1975 2593 dicta
2000 2566 2057 2594 tua
2083 2564 2199 2594 diocesi

1192 2614 1374 2649 oriundum,
1410 2615 1442 2644 in
1469 2615 1680 2645 Ulixboncnsi
1706 2616 1835 2646 ecclesia
1862 2617 1981 2646 faceres
2007 2627 2063 2656 per
2089 2620 2121 2646 te
2146 2617 2196 2647 vel

1192 2676 1248 2705 per
1269 2667 1368 2696 aliurn
1391 2667 1422 2696 in
1446 2668 1635 2697 canonicum
1658 2671 1691 2698 et
1712 2669 1744 2698 in
1760 2669 1893 2699 fratrem
1915 2670 2011 2709 recipi
2034 2679 2071 2699 ac
2083 2670 2142 2699 sibi
2160 2670 2198 2699 de

1192 2720 1365 2758 prebenda,
1380 2721 1405 2749 si
1419 2723 1497 2750 tunc
1512 2721 1653 2751 vacabat
1669 2722 1719 2751 vel
1737 2723 1900 2761 quamcito
1917 2724 1957 2752 ad
1974 2723 2006 2752 id
2022 2732 2054 2752 se
2068 2723 2197 2752 offerret

1193 2773 1408 2811 oportunitas,
1420 2774 1591 2811 provideri,
1604 2774 1688 2804 idem
1702 2778 1819 2809 tamen,
1833 2776 1915 2805 sicut
1931 2776 2022 2805 nobis
2036 2776 2196 2809 asseritur,

1194 2826 1337 2855 nondum
1358 2826 1417 2855 tibi
1437 2827 1623 2865 hujusmodi
1642 2827 1756 2857 litteris
1776 2829 1978 2866 presentatis,
1999 2830 2110 2858 eodem
2129 2838 2196 2867 prc-

1195 2879 1356 2908 decessore
1388 2879 1475 2909 viam
1509 2880 1655 2909 universe
1687 2881 1789 2910 carnis
1821 2881 1970 2920 ingresso,
2004 2882 2126 2911 nullum
2159 2891 2197 2911 ex

1194 2932 1313 2961 eisdem
1340 2932 1455 2961 litteris
1482 2935 1531 2961 est
1570 2934 1775 2963 commodum
1802 2937 1977 2964 assc<utus.
2006 2935 2072 2964 Nos
2099 2935 2198 2973 igitur

1195 2985 1338 3014 nolentes
1367 2985 1452 3024 quod
1481 2986 1519 3014 de
1546 2986 1614 3024 ipso
1654 2986 1704 3025 pie
1743 2987 1907 3025 inceptum
1947 2990 1995 3016 est
2021 2988 2199 3027 relinqu-,re
