2477 3512
295 287 359 318 526

345 370 358 382 ‹.
383 380 402 385 ..
438 353 551 385 amum
582 352 793 384 Cisterciensi
828 353 967 396 ejusque
1001 353 1229 393 coabbatibus,
1261 361 1292 386 et

302 410 518 442 comentibus
539 408 702 440 universis
718 408 944 441 Cisterczensis
965 409 1103 441 ordinis.
1121 411 1292 443 Plantatus

297 468 375 499 olim
392 467 420 497 in
442 476 523 507 agro
544 466 689 497 Ecclesic
705 471 815 497 vester
825 467 905 497 ordo
921 468 964 497 sic
980 478 999 498 a
1012 468 1078 498 suis
1095 468 1288 508 primordiis,

299 524 404 564 gratia
429 526 586 563 operante
608 522 728 558 divina,
755 523 966 554 laudabilibus
986 523 1198 555 incrementis
1219 534 1290 555 suc-

297 580 424 611 cessive
442 579 594 620 profecit,
619 578 701 619 quod
739 580 868 610 assidue
904 579 999 611 llores
1032 580 1202 620 proferens
1239 592 1290 612 co-

298 636 418 678 piosius
440 635 633 668 honestatis,
659 641 691 666 et
712 636 892 676 producens
915 636 1043 667 uberius
1063 637 1188 668 fructus
1210 638 1286 673 vite,

300 693 386 723 inter
405 691 468 723 alia
493 691 652 733 plantaria
671 692 834 723 dominica
856 693 996 733 puritate
1017 694 1286 727 conversationis,

297 748 380 780 dono
396 749 534 779 scientie
555 752 589 779 et
599 748 731 779 virtutis
744 749 870 780 merito.
894 748 1079 779 dinoscitur
1099 750 1288 791 specialiter

294 805 482 846 insignitus.
506 804 599 837 Unde
619 815 677 836 nos
704 805 733 834 in
762 815 841 845 agro
873 805 941 845 ipso
970 806 1113 837 cultores
1132 806 1209 837 licet
1230 807 1288 837 im-

296 862 404 893 meriti
437 872 454 892 a
486 862 618 892 Domino
650 861 794 902 deputati
829 861 966 892 eundem
997 862 1143 893 ordinem
1171 862 1286 903 grandi

295 919 444 960 prosequi
466 918 578 948 favore
599 918 817 959 proponimus,
852 920 885 948 et
916 919 1152 950 exaltationem
1187 920 1286 960 ipsius

289 976 379 1016 jugis
413 975 582 1016 diligentie
617 974 722 1005 studio
762 974 982 1015 multipliciter
1028 986 1216 1016 procurare,
1252 978 1285 1007 ut

295 1032 472 1073 apostolice
505 1031 611 1072 gratie
636 1041 708 1061 rore.
739 1031 891 1061 continue
913 1031 1083 1065 irroratus,
1109 1032 1284 1073 majoribus

294 1098 432 1130 semper,
456 1088 522 1119 Deo
551 1087 725 1125 tribuente,
758 1089 936 1129 consurgat
965 1089 997 1118 et
1025 1087 1180 1119 dilatetur
1206 1098 1284 1129 aug-

293 1145 420 1176 mentis.
445 1142 522 1174 Cum
543 1143 644 1184 igitur
665 1143 851 1184 Apostolica
884 1143 984 1174 Sedes
1005 1144 1154 1175 nonnulla
1183 1145 1282 1186 privi-

292 1201 376 1242 legia
408 1203 439 1231 et
473 1199 678 1240 quamplures
712 1199 930 1241 indulgentias
967 1207 1000 1231 et
1029 1201 1153 1240 gratias
1179 1201 1281 1233 eidem

292 1257 393 1288 ordini
415 1256 626 1297 generaliter,
649 1260 681 1286 et
702 1255 888 1296 quibusdam
906 1266 946 1287 ex
968 1256 1057 1287 vobis
1081 1258 1279 1298 specialiter,

293 1313 349 1344 sub
383 1313 576 1344 diversitate
609 1317 788 1353 temporum
819 1313 949 1343 duxerit
973 1313 1195 1351 concedenda,
1225 1325 1281 1346 nos

293 1370 462 1411 cupientes
479 1379 531 1406 ea,
548 1379 608 1409 que
630 1368 719 1399 vobis
738 1371 769 1400 et
789 1369 847 1410 ipsi
863 1369 966 1400 ordini
988 1380 1005 1400 a
1031 1369 1177 1411 predicta
1198 1371 1280 1402 Sede

293 1436 448 1458 concessa
471 1428 557 1464 sunt,
581 1435 641 1456 non
668 1425 769 1456 solum
803 1426 933 1466 integra
960 1431 993 1457 et
1019 1427 1111 1457 illesa
1131 1438 1278 1462 servare,

290 1484 386 1514 immo
418 1483 522 1524 potius
554 1481 730 1522 adaugere,
771 1482 882 1512 dilecti
913 1481 966 1512 filii
998 1484 1099 1514 nostri
1135 1484 1164 1514 J.
1196 1483 1281 1514 tituli

291 1540 395 1571 sancti
422 1539 589 1570 Laurentii
611 1538 642 1568 in
663 1538 785 1569 Lucina
806 1538 979 1579 presbiteri
1007 1539 1181 1570 cardinalis
1203 1551 1279 1581 sup—

290 1596 515 1638 plicationibus
538 1595 696 1631 inclinati,
714 1594 896 1635 hujusmodi
921 1596 1092 1636 privilegia
1121 1598 1153 1627 et
1174 1596 1278 1627 indul-

289 1653 417 1694 gentias
438 1663 475 1683 ac
496 1652 620 1693 gratias
639 1651 729 1682 vobis
747 1655 779 1682 et
798 1651 900 1682 eidem
923 1651 1039 1690 ordini,
1062 1662 1123 1683 non
1146 1652 1278 1684 obstan-

289 1709 372 1740 tibus
393 1708 586 1749 quibuslibet
611 1707 906 1741 constitutionibus,
930 1709 1177 1749 provisionibus,
1196 1708 1277 1740 diffi-

290 1765 474 1803 nitionibus,
499 1771 531 1795 et
547 1764 802 1796 ordinationibus
821 1765 917 1795 sactis
939 1765 989 1795 vel
1009 1766 1222 1807 promulgatis
1239 1766 1277 1797 ab
1331 1776 1377 1806 013
1394 1776 1629 1808 1-4.001·datjonjs
1649 1779 1671 1809 Ι.
1695 1789 1777 1820 Papa
1801 1779 2016 1820 predecessor
2041 1781 2153 1810 „oster
2175 1781 2221 1816 te,
2246 1780 2320 1809 tune

287 1822 473 1864 Apostolica
504 1821 597 1859 Sede,
632 1821 671 1851 ad
696 1821 885 1852 instantiam
918 1821 1114 1862 prelatorum
1137 1822 1276 1853 ecclesie

289 1879 455 1911 Gallicane
471 1880 504 1909 et
519 1888 790 1918 qusffumcumque
809 1878 956 1915 aliorum,
972 1880 1005 1909 et
1026 1878 1277 1920 quibuscumque

289 1935 406 1966 litteris
437 1944 534 1975 super
556 1934 616 1964 hiis
638 1944 696 1975 per
719 1944 776 1965 cos
798 1934 846 1965 vel
872 1945 927 1975 per
947 1945 1164 1975 quoscun‘ique
1196 1934 1276 1965 alios

288 1992 430 2023 obtentis
450 2002 467 2021 a
490 1990 572 2021 Sede
596 1991 753 2032 predicta,
783 2001 839 2031 per
863 2002 940 2031 quas
962 1991 1128 2032 premissis
1148 1992 1277 2033 privile—

289 2049 349 2089 giis
371 2052 403 2078 ct
419 2046 631 2089 indulgentiis
657 2057 693 2077 ac
714 2047 828 2086 gratiis
851 2048 880 2077 in
908 2047 992 2077 nullo
1013 2048 1164 2088 derogari
1188 2048 1278 2079 volu-

283 2115 365 2141 mus,
388 2104 582 2135 auctoritate
603 2103 781 2145 apostolica
799 2103 1038 2142 confirmamus,
1059 2106 1092 2135 et
1112 2105 1275 2145 presentis

278 2161 391 2202 scripti
426 2160 604 2201 patrocinio
643 2161 886 2199 ‹bmmunimus,
909 2160 1126 2191 decernentes
1162 2170 1274 2192 omnes

280 2216 637 2254 excommunicationis,
674 2216 838 2247 interdicti
874 2227 912 2247 ac
949 2217 1169 2258 suspensionis
1199 2228 1272 2248 sen—

278 2274 414 2311 tentias,
433 2273 457 2303 si
480 2273 599 2313 quasin
620 2282 676 2303 vos
698 2272 747 2303 vel
769 2274 912 2303 vestrum
931 2273 1066 2312 aliquos,
1089 2276 1144 2303 :tut
1158 2274 1189 2304 in
1206 2284 1271 2304 mo-

277 2331 423 2362 nasteria
438 2340 493 2360 sen
516 2328 659 2369 quelibet
678 2329 748 2359 loca
768 2329 847 2359 dicti
868 2328 1004 2369 ordinis,
1026 2340 1083 2370 per
1104 2330 1270 2371 predictos

279 2387 433 2428 prelatos,
458 2388 512 2417 ant
524 2396 742 2426 quoscumque
764 2385 856 2420 alios,
879 2389 1032 2427 pretextu
1049 2386 1267 2427 predictarum

278 2444 559 2479 constitutionum,
585 2443 815 2483 provisionum.
838 2442 1062 2473 diffinitionum
1083 2446 1113 2474 et
1137 2443 1267 2475 ordina-

278 2502 399 2532 tionum
438 2510 475 2530 ευ·
509 2499 693 2530 litterarum
737 2509 834 2540 super
868 2500 928 2530 hiis
962 2499 1002 2530 ab
1033 2500 1147 2530 eadem
1182 2501 1266 2532 Sede

278 2557 493 2592 obtentarum,
515 2555 711 2597 promulgari
732 2556 918 2597 contigerit,
939 2556 1048 2586 irritas
1076 2561 1109 2587 et
1140 2557 1262 2588 inanes.

282 2613 365 2644 Nulli
384 2615 448 2644 etc.
477 2614 586 2643 nostre
603 2612 854 2643 confirmationis
875 2615 908 2643 et
934 2613 1175 2643 constitutionis
1198 2616 1262 2645 etc.

280 2670 392 2700 Datum
416 2669 581 2700 Laterani.
599 2668 702 2699 idibus
724 2669 892 2703 februarii.
916 2679 998 2700 anno
1016 2670 1124 2700 tertio.
1151 2684 1164 2697 »

321 2802 417 2828 1710
813 2801 926 2829 ΙΑαῑιάη,
944 2800 977 2825 20
993 2798 1101 2824 sevrier
1117 2800 1191 2825 1257.

316 2884 447 2918 Magistro
477 2883 633 2914 Bonifacn),
656 2883 835 2917 presbytero,
856 2883 998 2909 canonico
1024 2882 1164 2908 ecclcsiae
1186 2881 1263 2908 Beati

281 2931 426 2958 Laurentii
449 2931 483 2957 de
512 2930 631 2956 ,loavilla
661 2931 801 2965 indulget,
828 2934 860 2956 ut
881 2931 952 2956 dum
977 2930 1072 2956 studio
1101 2929 1263 2964 theologiae

281 2978 395 3010 insistit,
412 2981 568 3013 proventus
583 2978 766 3012 praebendae
784 2978 874 3011 ipsius
890 2977 1031 3004 ecelesiae
1049 2986 1113 3003 cum
1137 2984 1168 3002 ea
1187 2977 1263 3003 inte-

1001 286 1066 316 RE(
1076 286 1234 318 us'rlffls
1259 287 1568 319 D'ALEXANDRE
1594 287 1639 318 IV

1345 357 1449 390 gritate
1467 355 1621 389 percipere
1636 354 1737 386 valeat,
1754 362 1786 381 ac
1803 355 1827 381 si
1845 355 1873 381 in
1891 363 1953 389 ipsa
1969 357 2162 390 personaliter
2181 358 2334 385 resideret.

1345 403 1421 435 sinn..
1440 405 1483 433 25,
1497 411 1523 429 a.
1543 403 1590 434 ΙΙΙ,
1605 411 1629 429 c.
1656 405 1712 434 1233,
1728 403 1746 428 s.
1769 406 1819 429 Ιῦω

1389 508 1402 521 ‹-
1439 493 1602 536 Μαρίαν-ο
1643 493 1825 535 Bm‘iesacio
1855 493 2050 536 presbitero,
2084 496 2245 528 canonico
2282 508 2330 529 ec-

1343 549 1439 582 clesie
1467 549 1561 581 Beati
1588 549 1765 581 Laurentii
1789 549 1829 581 cle
1858 549 2017 589 Joavilla,
2052 551 2329 585 Caelialaunensis

1341 606 1493 638 diocesi&
1517 606 1658 638 Obtentu
1686 607 1835 639 scientie.
1859 607 1909 638 ‹zui
1932 607 2017 638 velle
2038 607 2197 639 desudare
2221 609 2330 641 dinos-

1340 664 1438 702 ceris,
1462 665 1494 694 te
1523 663 1655 703 dignum
1685 663 1818 704 speciali
1838 664 1944 704 gratia
1970 666 2170 705 reputantes,
2201 668 2234 696 ut
2267 675 2327 697 non

1313 721 1315 758 l
1339 719 1490 751 obstante
1507 720 1694 761 juramento
1715 730 1733 750 a
1754 723 1785 750 te
1802 720 1938 760 prestito
1959 720 1998 750 de
2027 720 2205 752 residentia
2225 721 2255 752 in
2276 731 2329 752 ec-

1339 776 1440 807 clesia
1466 777 1556 807 Beati
1588 776 1753 807 Laurentii
1779 776 1939 813 facienda,
1963 787 2062 817 usqne
2089 777 2129 807 ad
2153 777 2328 818 quinquen-

1340 833 1425 863 nium
1455 833 1640 873 theologice
1666 832 1832 863 facultatis
1853 833 2006 864 insistens
2034 833 2139 864 studio
2166 833 2325 874 generali,

1338 892 1514 930 proventus
1535 888 1698 930 prebende
1721 893 1774 919 tue
1795 889 1893 930 ipsius
1914 889 2055 920 ecclesie
2082 899 2152 921 cum
2180 900 2219 920 ea
2242 890 2326 921 inte-

1337 945 1459 986 gritate
1488 945 1659 987 percipere
1686 945 1809 982 valeas,
1832 956 1892 985 qua
1922 945 1992 976 illos
2020 946 2205 987 perciperes
2235 946 2263 977 si
2292 946 2325 977 in

1336 1002 1449 1033 eadem
1485 1001 1627 1032 ecclesia
1660 1002 1876 1043 personaliter
1915 1002 2090 1035 resideres,
2128 1003 2326 1033 auctoritate

1336 1058 1393 1089 tibi
1412 1059 1610 1100 presentium
1632 1058 1856 1099 indulgemus;
1884 1059 1928 1090 ita
1948 1063 2056 1089 tamen
2082 1058 2164 1099 quod
2182 1059 2211 1089 in
2238 1058 2325 1090 dieta

1336 1115 1477 1146 ecclesia
1500 1115 1599 1145 facias
1622 1115 1750 1146 interim
1779 1125 1836 1155 per
1854 1114 2014 1156 ydoneum
2036 1115 2190 1146 vicarium
2210 1114 2325 1146 deser-

1334 1171 1406 1201 viri.
1442 1170 1524 1201 Nulli
1552 1175 1617 1202 etc.
1646 1174 1755 1202 nostre
1783 1172 2015 1204 concessionis
2039 1176 2102 1202 etc.
2125 1172 2240 1203 Datum
2263 1172 2324 1202 La-

1335 1228 1452 1262 terani,
1477 1228 1504 1258 X
1527 1228 1682 1258 kalendas
1697 1228 1816 1265 martii,
1841 1238 1922 1259 anno
1943 1229 2051 1259 tertio.
2070 1241 2084 1256 η

1408 1378 1473 1405 171
1488 1379 1499 1404 Ι
1863 1380 1978 1409 Latran.
1996 1382 2028 1407 20
2047 1381 2152 1407 sevi-ier
2171 1383 2245 1408 1257.

1369 1475 1478 1500 Marino
1502 1475 1595 1502 electo
1627 1476 1763 1509 Capuano
1786 1476 1928 1511 indulget,
1957 1481 1988 1503 ut
2009 1485 2067 1504 una
2093 1486 2158 1504 cum
2195 1478 2321 1504 ecclesia

1332 1521 1476 1555 Capuana.

1332 1569 1432 1594 omnia
1443 1569 1588 1597 beneficia
1599 1571 1725 1597 retinere
1741 1571 1842 1601 valeat.
1852 1580 1926 1606 quae
1938 1576 2005 1599 ante
2019 1573 2187 1606 hujusmodi
2206 1581 2320 1607 promo-

1332 1616 1443 1643 tionem
1461 1618 1488 1643 in
1513 1619 1613 1653 Anglia
1630 1621 1805 1653 possidebat.
1835 1622 1900 1647 lieo.
1921 1623 1962 1650 25,
1976 1629 2000 1647 a.
2020 1622 2066 1652 111,
2084 1629 2107 1646 c.
2128 1621 2198 1653 126¹,
2215 1620 2234 1646 s.
2255 1622 2307 1647 16st

1515 1523 1600 1549 etiam
1634 1526 1699 1557 post
1736 1527 1904 1558 susceptum
1941 1525 2173 1551 consecrationis
2200 1533 2319 1555 munus,

1378 1732 1390 1743 «
1423 1719 1589 1762 Mayistro
1614 1721 1752 1754 Mar-ino
1775 1721 1878 1753 electo
1902 1724 2075 1764 Capuam.
2100 1722 2222 1753 Dudum
2248 1721 2318 1752 feli-

1330 1833 1475 1864 Romane
1496 1834 1644 1865 Ecclesie
1666 1835 1981 1871 vicecancellarium,
2004 1835 2044 1867 de
2067 1835 2245 1877 apostolice
2265 1844 2321 1876 po·

1330 1891 1461 1921 testatis
1489 1890 1700 1931 plenitudine,
1724 1892 1874 1933 Capuane
1903 1892 2044 1923 ecclesie
2069 1893 2145 1922 tunc
2179 1891 2319 1932 pastoris

1330 1946 1446 1978 solatio
1467 1946 1623 1979 destitute
1643 1948 1674 1978 in
1695 1948 1975 1989 archiepiscopum
1994 1947 2166 1990 preficiens
2188 1951 2220 1978 et
2244 1956 2319 1988 pas-

1330 2007 1445 2042 torem⁷
1467 2005 1574 2035 onmia
1591 2004 1747 2036 beneficia
1764 2008 1795 2036 et
1819 2004 1999 2046 prebendas
2019 2014 2056 2035 ac
2081 2007 2212 2035 centum
2233 2013 2319 2034 mar—

1329 2061 1461 2092 charum
1484 2062 1614 2102 argenti
1634 2062 1674 2093 de
1696 2061 1901 2093 thesauraria
1927 2060 2170 2098 Saresbiriensi,
2191 2070 2316 2092 necnon

1328 2121 1362 2149 et
1391 2118 1470 2149 alios
1498 2118 1633 2150 totidem
1663 2128 1843 2149 marcarum
1875 2117 2022 2149 redditus
2051 2118 2090 2148 de
2111 2117 2252 2148 ecclesie
2276 2116 2316 2148 de

1326 2175 1447 2211 Helm..
1471 2176 1622 2217 Elyensis
1647 2175 1798 2208 diocesis,
1826 2174 2046 2215 proventibus,
2080 2173 2137 2204 tibi
2175 2172 2314 2211 debitos,

1325 2233 1425 2264 donec
1444 2234 1473 2263 in
1491 2232 1657 2264 beneficiis
1672 2242 1771 2271 usque
1784 2231 1824 2263 ad
1845 2234 1968 2262 certam
1985 2240 2166 2261 marcarum
2188 2230 2314 2271 argenti

1325 2300 1481 2320 summam
1515 2290 1547 2320 in
1582 2300 1683 2330 regno
1704 2289 1820 2329 Anglie
1859 2288 1915 2318 tibi
1947 2287 2110 2328 provisum
2139 2286 2313 2318 existeret.

1322 2353 1417 2388 prout
1432 2347 1462 2377 in
1485 2345 1738 2377 onlinationibus
1755 2344 1926 2386 superbiis
1948 2344 2044 2374 sactis
2064 2348 2096 2375 et
2117 2343 2313 2374 auctoritate

1321 2403 1500 2445 apostolica
1534 2402 1732 2433 confirmatis
1766 2401 1890 2442 plenius
1925 2401 2122 2438 continetur,
2151 2409 2211 2439 que
2237 2403 2313 2429 ante

1320 2460 1500 2500 hujusmodi
1530 2461 1616 2490 tuam
1649 2458 1881 2500 promotionem
1922 2456 2076 2494 habebas,
2107 2455 2164 2486 tibi
2196 2454 2308 2486 eadem

1319 2518 1517 2548 auctoritate
1548 2515 1691 2557 plenarie
1723 2514 1920 2550 reservavit,
1955 2514 2001 2544 ita
2025 2512 2108 2553 quod
2134 2521 2173 2543 ea
2204 2511 2309 2541 onmia

1319 2574 1411 2605 simul
1432 2584 1504 2604 cum
1519 2573 1664 2604 ecclesia
1679 2571 1830 2612 Capuanu
1847 2571 2008 2601 retineres
2024 2569 2126 2600 libere
2150 2578 2187 2599 ac
2206 2567 2307 2598 licen-

1319 2636 1380 2665 ter,
1403 2631 1606 2672 ipsorumque
1628 2629 1766 2662 fructus,
1789 2627 1949 2666 reddituS,
1971 2630 2005 2657 et
2019 2629 2207 2667 proventuS,
2231 2634 2307 2654 nec—

1317 2698 1377 2718 non
1400 2690 1433 2718 et
1449 2687 1568 2724 omnia,
1591 2696 1650 2726 que
1672 2684 1728 2715 tibi
1750 2694 1861 2715 eorum
1882 2684 2006 2714 ratione
2023 2684 2118 2714 antea
2143 2683 2306 2721 compete-

1318 2744 1404 2781 bant,
1417 2744 1545 2784 integre
1562 2742 1748 2783 perciperes
1762 2741 1844 2771 sicut
1862 2740 1959 2781 prins,
1972 2749 2032 2770 non
2046 2737 2195 2769 obstante
2209 2746 2305 2767 cons—

1317 2801 1468 2832 titutione
1497 2798 1624 2830 concilii
1647 2798 1821 2838 generalis,
1848 2802 1882 2828 et
1900 2795 2150 2837 quibuscumque
2171 2802 2306 2823 consue-

1317 2856 1478 2888 tudinibus
1508 2855 1560 2886 vel
1592 2855 1722 2885 statutis
1755 2853 1940 2890 contrariis,
1965 2852 2164 2893 juramento,
2187 2848 2304 2880 confir-

1316 2914 1456 2944 matione
1473 2913 1649 2954 apostolica
1671 2911 1755 2953 se[ul
1791 2909 1935 2951 qualibet
1955 2907 2106 2939 firmitate
2125 2906 2187 2937 alia
2208 2905 2302 2937 robo-

1315 2970 1394 3001 ratis
1415 2972 1447 3001 et
1466 2969 1665 3011 indulgentia
1683 2968 1774 2999 Sedis
1786 2966 1982 3008 ApostolicQ
1995 2962 2302 3004 quasorteAnglicis
