2477 3512
993 323 1270 364 QUATRIEME
1290 323 1453 356 ANNEE
2218 328 2278 357 779

242 430 334 456 2499
707 429 843 460 Viterbe,
857 429 892 455 18
904 436 986 455 mars
999 429 1084 455 1258.

202 478 389 505 Abbatissae
411 480 443 505 et
465 478 635 504 conventui
657 478 694 504 de
717 477 888 510 GattaJ'ola,
911 477 1028 503 ordinis
1051 477 1079 504 S.
1104 477 1166 503 Da-

162 517 268 549 miani,
296 518 440 544 Lucanae
467 518 605 549 diocesis,
633 517 804 543 sententias
831 524 848 543 a
875 517 1084 548 Gualterotto,
1118 524 1167 542 ca—

161 557 272 584 nonico
306 557 442 589 Lucano,
476 559 517 589 et,
551 557 760 591 appellatione
792 558 922 588 remota,
952 556 991 582 ab
1022 557 1166 590 episcopo

163 597 364 623 Praenestino
396 597 487 628 latas,
521 597 576 630 qui
615 597 786 622 secundum
826 596 947 622 litteras
980 596 1167 630 apostolicas

162 637 295 670 plebano
316 637 352 663 de
370 636 547 663 Birbinaria
565 636 650 670 prius
670 636 804 662 directas
823 643 915 669 super
934 636 1110 669 provisione
1130 635 1167 662 de

162 676 267 709 aliquo
300 676 488 702 monasterio
520 676 570 702 vel
601 675 668 702 loco
702 675 845 701 Lucanae
878 675 1008 701 diocesis
1040 674 1166 701 Lucano

162 716 305 749 episcopo
332 723 394 742 non
420 715 572 748 subjecto,
592 715 766 741 deformato
793 716 824 741 et
851 715 888 741 de
914 715 999 741 facili
1024 722 1087 740 non
1113 721 1167 740 va-

160 755 244 782 lente
266 756 297 781 in
321 762 375 781 suo
397 755 559 781 reformari
581 755 699 786 ordine,
723 755 948 781 monasterium
965 754 1001 780 de
1019 754 1166 785 Fisceclo,

161 795 277 821 ordinis
297 795 395 821 Vallis
415 795 588 821 Umbrosae
608 795 651 821 eis
672 794 943 827 adjudicaverant,
964 794 1120 827 approbat
1135 795 1166 820 et

161 835 390 861 concessionem
413 830 553 867 ejusdem
577 834 725 860 abbatiae
748 834 823 867 ipsis
846 834 964 860 factam
988 833 1163 860 confirmat.

161 874 256 906 (Rue.
275 874 322 905 25,
345 874 365 901 f.
385 874 441 900 127
458 878 493 900 v⁰
518 889 529 892 -
554 874 609 900 129
626 878 671 905 v0,
696 881 744 900 an.
776 873 826 904 IV,
852 881 877 900 c.
900 873 956 905 79;
980 873 1163 900 POTTHAST.

201 1011 212 1025 a
227 1022 256 1033 ..‚
285 999 438 1028 abbatisse
459 1000 485 1028 et
496 999 656 1028 conventui
674 998 854 1028 monasterii
871 999 906 1027 de
924 998 1098 1032 Gualaiola‚
1119 1008 1166 1028 or-

159 1051 244 1081 dinis
256 1052 362 1082 Sancti
370 1052 532 1086 Damiani,
545 1052 670 1081 Lucane
680 1051 818 1081 diocesis.
840 1052 887 1080 Ea
907 1060 968 1090 que
979 1052 1099 1090 judicio
1114 1069 1164 1080 —.

152 1104 235 1145 Dat.
258 1105 403 1138 Viterbii,
427 1105 488 1134 XV
509 1105 572 1134 kal.
595 1104 713 1143 aprilis,
735 1114 820 1134 anno
842 1107 969 1143 quarto.
992 1115 1004 1131 »

240 1337 332 1362 2500
610 1336 747 1368 Viterbe,
760 1336 797 1362 22
809 1337 986 1370 septembre
999 1336 1084 1364 1257.

199 1385 355 1419 Episcopo
373 1385 568 1419 Tripolitano
586 1392 641 1419 pro
659 1385 723 1411 suis
740 1387 771 1411 et
789 1385 937 1411 ecclesiae
953 1385 1167 1418 Tripolitanae

160 1425 294 1458 negotiis
321 1425 534 1458 expediendis,
563 1425 769 1451 contrahendi
797 1426 955 1455 mutuum,
984 1432 1014 1450 se
1042 1426 1074 1450 et
1100 1432 1167 1450 suc-

161 1472 293 1491 cessores
311 1472 381 1491 suos
399 1465 559 1497 obligandi
588 1464 775 1490 facultatem
811 1465 964 1490 concedit.
992 1464 1087 1497 (REG.
1117 1464 1166 1496 25,

160 1504 180 1531 f.
201 1504 257 1530 129
283 1508 328 1535 v0,
350 1511 398 1530 an.
425 1504 476 1535 IV,
498 1511 522 1530 c.
546 1504 607 1536 80.)

202 1613 213 1628 a
228 1625 256 1636 ..‚
278 1602 420 1640 episcopo
442 1602 646 1641 Tripolitano.
662 1602 751 1636 Cum,
769 1602 853 1631 sicut
872 1602 904 1631 in
924 1605 1033 1632 nostra
1054 1612 1168 1641 propo-

159 1655 251 1684 suisti
273 1655 433 1693 presentia
456 1655 663 1689 constitutus,
687 1665 744 1694 pro
766 1655 831 1684 tuis
853 1658 885 1684 et
907 1655 1035 1685 ecclesie
1057 1656 1168 1694 Tripo-

159 1708 257 1737 litane
275 1708 409 1746 negotiis
434 1708 651 1747 expediendis,
670 1717 726 1746 pro
748 1708 865 1747 quibus
884 1709 925 1737 ad
940 1709 1053 1738 Sedem
1066 1709 1169 1747 Apos-

159 1761 289 1790 tolicam
313 1761 484 1795 accessisti,
509 1769 626 1799 magna
650 1764 682 1790 te
706 1761 812 1790 subire
837 1763 985 1799 oporteat
1002 1771 1097 1791 onera
1115 1771 1169 1791 ex·-

159 1823 341 1853 pensarum,
369 1823 407 1843 ne
434 1823 491 1852 pro
519 1814 647 1843 defectu
673 1814 816 1853 ipsarum
843 1815 955 1843 eadem
981 1814 1167 1853 inexpedita

158 1875 321 1896 remanere
341 1867 519 1905 contingat,
540 1876 597 1896 nos
617 1867 682 1896 tuis
701 1867 990 1905 supplicationibus
1010 1867 1166 1901 inclinati,

159 1920 370 1949 contrahendi
391 1922 543 1949 mutuum
568 1922 700 1958 propter
726 1920 785 1949 hoc
811 1929 912 1959 usque
938 1921 979 1949 ad
1005 1929 1165 1950 summam

159 1973 268 2002 decem
293 1973 416 2002 milium
446 1973 668 2002 Bizantiorum
688 1982 858 2002 aureorum
883 1974 1165 2003 Sarracenatorum

159 2026 197 2055 de
211 2026 318 2055 Accon
327 2026 503 2064 ad'pondus
517 2026 711 2060 Acconense,
730 2028 762 2055 et
777 2026 939 2064 obligandi
955 2026 1165 2056 creditoribus

158 2087 259 2117 usque
283 2079 324 2108 ad
349 2087 510 2108 summam
535 2079 732 2117 hujusmodi,
758 2081 789 2108 te
815 2082 847 2108 et
872 2088 1066 2108 successores
1091 2081 1165 2108 tuos

157 2140 195 2161 ac
216 2131 380 2161 ecclesiam
401 2131 636 2170 Tripolitanam
657 2134 690 2161 et
711 2132 918 2161 renuntiandi
940 2132 1164 2161 constitutioni

158 2185 196 2213 de
219 2185 343 2214 duabus
366 2184 459 2213 dietis
481 2185 566 2214 edite
586 2185 618 2214 in
641 2184 774 2214 concilio
795 2185 933 2223 generali
954 2187 987 2214 et
1008 2184 1164 2214 beneficio

157 2237 370 2267 restitutionis
396 2237 428 2266 in
454 2237 625 2276 integrum,
655 2246 777 2267 necnon
799 2240 832 2266 et
850 2238 1056 2267 conventioni
1081 2238 1165 2276 judi—

158 2299 241 2324 cum,
261 2290 287 2319 si
305 2290 447 2329 ipsorum
467 2290 662 2320 creditorum
682 2290 810 2320 nomine
829 2291 1022 2328 apostolicas
1041 2291 1164 2320 litteras

158 2343 388 2381 cujuscumque
426 2343 546 2373 tenoris
584 2343 616 2372 in
655 2346 820 2381 posterum
860 2344 1024 2382 impetrari
1064 2343 1164 2372 conti-

157 2396 249 2434 gerit,
281 2396 476 2425 auctoritate
508 2396 705 2434 presentium
737 2396 797 2425 tibi
830 2397 1034 2426 concedimus
1065 2396 1165 2425 facul-

157 2450 270 2482 tatem,
300 2449 346 2478 ita
374 2451 484 2478 tamen
514 2449 600 2487 quod
629 2451 666 2478 tu
695 2451 728 2478 et
756 2458 951 2479 successores
980 2449 1028 2478 tui
1057 2452 1164 2478 tenea-

158 2501 236 2531 mini
258 2502 299 2531 ad
323 2501 509 2539 hujusmodi
531 2502 701 2540 pecuniam
724 2502 969 2540 persolvendam
992 2505 1025 2531 et
1047 2503 1088 2531 ad
1111 2511 1165 2540 pe—

158 2563 243 2588 nam,
272 2555 424 2593 dampna,
446 2564 602 2593 expensas
625 2557 658 2584 et
681 2555 842 2589 interesse,
871 2555 896 2584 si
923 2555 954 2584 in
982 2555 1119 2584 termino
1146 2564 1163 2584 a

158 2610 189 2636 te
215 2608 388 2637 statuendo
414 2607 583 2646 pecuniam
610 2617 673 2637 non
699 2608 915 2646 persolveritis
940 2611 1164 2638 memoratam.

157 2660 284 2689 sublata
316 2660 392 2699 ipsis
424 2660 634 2689 creditoribus
667 2661 856 2690 necessitate
889 2661 1046 2699 probandi
1078 2662 1162 2699 quod

159 2713 292 2751 pecunia
315 2713 427 2742 eadem
449 2713 481 2742 in
504 2713 680 2742 utilitatem
703 2716 793 2742 tuam
817 2716 849 2742 et
872 2714 1013 2752 predicte
1036 2714 1164 2743 ecclesie

158 2765 200 2795 sit
224 2775 387 2800 conversa,
413 2769 563 2804 pretextu
589 2766 723 2804 alicujus
748 2767 988 2796 constitutionis
1013 2767 1165 2797 canonice

158 2818 208 2847 vel
229 2818 340 2853 civilis,
362 2828 424 2848 non
445 2819 652 2848 obstantibus
671 2819 832 2857 aliquibus
852 2819 1024 2858 privilegiis
1044 2829 1097 2849 seu
1119 2820 1165 2849 in-

160 2871 330 2909 dulgentiis
359 2872 397 2901 de
426 2872 542 2910 quibus
570 2872 601 2900 in
632 2872 748 2901 nostris
776 2872 890 2901 litteris
919 2872 987 2901 fieri
1016 2876 1163 2911 oporteat

159 2924 355 2953 mentionem
375 2927 407 2953 et
427 2934 483 2963 per
503 2934 564 2963 que
584 2927 620 2953 tu
641 2927 673 2953 et
694 2934 888 2954 successores
911 2926 956 2954 tui
977 2926 1112 2955 valeatis
1133 2927 1163 2955 in

159 2977 266 3015 aliquo
297 2986 353 3006 vos
385 2977 477 3007 tueri.
503 2978 578 3007 Dat.
600 2977 746 3011 Viterbii,
769 2978 799 3006 X
820 2978 882 3007 kal.
902 2979 1050 3012 octobris,
1080 2988 1164 3008 anno

158 3030 264 3059 tertio.
293 3041 304 3056 >³

1351 428 1433 456 2501
1767 432 1903 463 Viterbe‚
1916 432 1952 458 23
1964 432 2091 458 octobre
2108 433 2194 459 1257.

1311 478 1483 506 Acconensi
1513 482 1544 506 et
1576 480 1727 507 Fesulano
1758 480 1910 514 episcopis
1940 480 2071 507 mandat
2102 482 2138 507 ut
2168 483 2277 508 contra

1272 518 1452 551 episcopum
1477 519 1718 553 Tripolitanum,
1743 520 1768 546 si
1792 521 1829 546 de
1853 520 1991 553 quadam
2014 527 2137 546 summa
2160 528 2276 547 merca-

1273 558 1392 584 toribus
1424 559 1611 585 Florentinis
1642 560 1749 586 debita
1778 567 1841 586 non
1871 560 2067 591 satisfecerit,
2098 568 2277 586 excommu-

1271 597 1439 623 nicationis
1461 599 1649 625 sententiam
1672 599 1784 631 ferant,
1807 601 1837 625 et
1859 601 1930 633 post
1953 600 2030 626 duos
2052 607 2183 629 menses,
2206 607 2276 626 eum

1272 636 1311 662 ab
1345 637 1617 664 administratione
1651 639 1861 672 spiritualium
1894 641 1925 665 et
1958 639 2178 672 temporalium
2213 647 2277 665 sus-

1272 677 1421 709 pendant.
1443 678 1539 710 (Hm.
1562 678 1609 709 25,
1630 678 1650 704 f.
1676 678 1729 704 129
1750 682 1796 709 v0,
1818 686 1866 705 an.
1891 678 1943 706 IV.
1964 686 1988 705 c.
2011 679 2073 711 81.)

1313 816 1357 839 «..‚
1374 806 1546 836 Acconensi
1556 809 1615 840 el..,
1628 807 1783 836 Fesulano
1794 808 1957 846 episcopis.
1972 808 2174 847 Significavit
2185 809 2276 838 nobis

1272 858 1406 888 dilectus
1428 859 1513 889 filius
1535 860 1638 889 Jacob
1661 860 1794 893 Giberti,
1818 861 1895 889 civis
1917 863 1949 889 et
1970 864 2129 891 mercator
2150 862 2279 891 Floren—

1271 911 1369 945 tinus,
1402 913 1489 951 quod
1510 913 1576 950 ipse
1597 922 1654 941 suo
1669 922 1706 942 ac
1728 913 1890 950 Haynerii‚
1908 914 2110 948 Ballindotis,
2127 914 2277 949 Calcanii,

1269 964 1446 994 Bonacursi
1465 968 1498 994 et
1515 966 1601 994 Bene
1621 966 1659 994 de
1679 965 1790 995 Cetera
1802 966 1847 1003 (‘?)
1866 975 1903 995 ac
1922 969 2100 996 ceterorum
2119 968 2277 996 sociorum

1271 1026 1412 1051 suorum,
1434 1018 1553 1047 civium
1573 1020 1606 1047 et
1626 1021 1840 1047 mercatorum
1861 1019 2129 1053 Florentinorum,
2152 1020 2279 1050 nomine

1272 1071 1446 1099 venerabili
1476 1071 1568 1100 fratri
1599 1074 1741 1105 nostro..,
1784 1072 1933 1110 episcopo
1962 1072 2161 1110 Tripolitano
2191 1073 2277 1110 apud

1273 1123 1387 1152 Sedem
1418 1124 1638 1162 Apostolicam
1671 1124 1860 1158 constituto,
1893 1125 2093 1154 renuntianti
2125 1125 2280 1154 constitu-

1271 1175 1352 1205 tioni
1370 1177 1408 1205 de
1426 1177 1551 1206 duabus
1569 1177 1663 1206 dietis
1680 1177 1767 1206 edita
1784 1177 1816 1206 in
1833 1178 1966 1206 concilio
1982 1178 2120 1216 generali
2137 1180 2170 1207 et
2186 1178 2281 1207 bene-

1271 1228 1345 1258 ficio
1368 1229 1581 1259 restitutionis
1603 1230 1635 1259 in
1658 1230 1829 1269 integrum.
1873 1240 1996 1260 necnon
2019 1233 2051 1260 et
2074 1231 2280 1260 conventioni

1271 1281 1427 1319 judicum.
1458 1292 1495 1312 ac
1533 1283 1681 1313 omnibus
1710 1283 1826 1312 litteris
1855 1286 1888 1312 et
1916 1284 2123 1322 indulgentiis
2153 1293 2171 1313 a
2202 1284 2281 1313 Sede

1272 1335 1458 1373 Apostolica
1480 1335 1662 1374 impetratis
1685 1345 1722 1366 ac
1744 1337 1843 1366 etiam
1865 1337 2087 1375 impetrandis,
2111 1346 2166 1366 sex
2183 1337 2281 1366 millia

1270 1387 1493 1418 Bizantiorum
1525 1398 1696 1418 aureorum
1730 1390 1997 1419 Saracenatorum
2024 1389 2088 1429 [de]
2109 1390 2217 1419 Accon
2240 1390 2281 1419 ad

1272 1441 1399 1478 pondus
1422 1442 1616 1476 Acconense,
1637 1442 1770 1471 habenti
1794 1443 1832 1471 de
1852 1445 1966 1472 mutuo
1990 1443 2209 1472 contrahendo
2226 1452 2284 1481 per

1274 1496 1399 1523 nostras
1426 1495 1550 1524 litteras
1577 1495 1779 1529 facultatem,
1807 1496 1893 1533 apud
1922 1496 2035 1525 Sedem
2063 1496 2198 1525 eandem
2225 1504 2283 1534 pro

1273 1547 1480 1585 expediendis
1492 1548 1556 1577 suis
1567 1550 1600 1577 et
1611 1548 1740 1577 ecclesie
1751 1548 1948 1586 Tripolitane
1960 1548 2095 1587 negotiis
2106 1548 2283 1583 mutuavit,

1273 1600 1367 1629 certis
1399 1600 1460 1629 sibi
1484 1601 1552 1630 loco
1578 1603 1610 1630 et
1634 1601 1772 1630 termino
1797 1602 2018 1639 persolvenda,
2044 1603 2141 1640 prout
2164 1601 2196 1630 in
2221 1601 2284 1630 ins-

1272 1655 1438 1682 trumento
1466 1654 1594 1692 publico
1621 1654 1736 1683 exinde
1763 1654 1909 1684 confecto
1936 1654 2060 1693 plenius
2087 1655 2281 1684 continetur.

1276 1705 1416 1745 Ideoque
1452 1706 1650 1736 fraternitati
1683 1709 1789 1736 vestre
1825 1708 2018 1737 mandamus
2055 1707 2219 1746 quatinus,
2257 1707 2283 1736 si

1273 1759 1409 1797 predicti
1433 1760 1601 1798 episcopus
1626 1762 1659 1789 et
1683 1769 1878 1790 successores
1903 1760 1972 1798 ejus
1996 1761 2028 1789 in
2053 1760 2187 1790 statutis
2211 1761 2281 1790 loco

1273 1814 1306 1841 et
1341 1813 1489 1847 termino,
1518 1813 1613 1851 juxta
1642 1813 1849 1842 instrumenti
1877 1813 2013 1852 predicti
2041 1816 2195 1848 tenorem,
2233 1813 2280 1843 ita

1273 1866 1360 1903 quod
1380 1866 1465 1895 nulla
1485 1866 1547 1895 alia
1566 1867 1715 1904 probatio
1733 1867 1784 1895 vel
1804 1866 1964 1896 certitudo
1982 1876 2078 1905 super
2096 1866 2281 1904 hujusmodi

1273 1918 1381 1947 debito
1411 1918 1568 1957 exigatur,
1598 1919 1830 1949 mercatoribus
1858 1919 1945 1957 ipsis,
1972 1919 2099 1958 quibus,
2130 1922 2280 1957 pretextu

1272 1971 1407 2009 alicujus
1436 1972 1677 2001 constitutionis
1704 1972 1856 2001 canonice
1883 1973 1934 2001 vel
1961 1972 2062 2002 civilis
2090 1975 2148 2001 aut
2175 1973 2281 2010 quus-

1271 2033 1413 2063 scunque
1433 2024 1590 2063 privilegii
1608 2025 1659 2054 vel
1687 2025 1884 2064 indulgentie
1905 2025 1943 2054 de
1963 2025 2080 2064 quibus
2100 2026 2228 2063 plenam
2248 2028 2281 2054 et

1270 2086 1453 2115 expressam
1487 2080 1635 2116 oporteat
1667 2078 1699 2107 in
1732 2078 1934 2116 presentibus
1966 2078 2037 2107 fieri
2070 2078 2278 2113 mentionem,

1269 2131 1428 2168 probandi
1443 2131 1666 2160 necessitatem
1681 2131 1864 2160 incumbere
1879 2131 2028 2161 nolumus
2043 2131 2128 2170 quod
2144 2132 2278 2170 pecunia

1268 2183 1338 2221 ipsa
1359 2183 1391 2212 in
1413 2184 1588 2213 utilitatem
1609 2184 1708 2222 ipsius
1729 2184 1869 2223 episcopi
1890 2187 1922 2213 et
1935 2185 2064 2214 ecclesie
2079 2184 2278 2223 Tripolitane

1269 2236 1312 2265 sit
1338 2246 1501 2271 conversa,
1530 2237 1568 2266 de
1594 2237 1729 2275 pecunia
1756 2246 1820 2267 non
1846 2237 2061 2267 satisfecerint
2086 2240 2276 2272 memorata,

1269 2298 1327 2319 vos
1350 2290 1400 2319 vel
1423 2290 1504 2319 alter
1523 2292 1669 2319 vestrum
1689 2299 1728 2319 ex
1745 2293 1824 2320 tunc
1840 2290 1873 2319 in
1889 2290 2012 2320 dictum
2026 2290 2212 2329 episcopum
2226 2291 2277 2320 vel

1264 2351 1464 2372 successores
1489 2343 1557 2381 ejus
1582 2343 1637 2382 qui
1662 2352 1718 2381 pro
1742 2345 1886 2382 tempore
1910 2343 2041 2378 fuerint,
2066 2353 2122 2382 per
2145 2353 2202 2373 vos
2226 2344 2277 2373 vel

1270 2396 1348 2425 alios
1375 2405 1430 2425 seu
1457 2396 1566 2429 alium,
1595 2396 1936 2426 excommunicationis
1986 2396 2123 2426 ferentes
2151 2399 2277 2426 senten-

1270 2449 1360 2483 tiam,
1394 2449 1508 2478 tandiu
1541 2449 1647 2487 ipsum
1679 2449 1864 2488 episcopum
1896 2450 1947 2478 vel
1969 2458 2174 2483 successores,
2208 2450 2276 2488 ejus

1270 2502 1325 2540 qui
1349 2511 1407 2540 pro
1432 2505 1576 2541 tempore
1601 2502 1731 2536 fuerint,
1757 2502 1888 2541 singulis
1914 2502 2026 2532 diebus
2052 2503 2219 2532 dominicis
2244 2505 2276 2532 et

1269 2555 1405 2589 festivis,
1426 2555 1561 2593 pulsatis
1580 2555 1745 2593 campanis
1764 2557 1796 2584 et
1823 2556 1962 2585 candelis
1981 2555 2131 2589 accensis,
2151 2564 2277 2584 excom-

1270 2608 1451 2638 municatos
1468 2608 1594 2646 publice
1612 2608 1777 2642 nuntietis,
1795 2611 1828 2638 et
1844 2608 1970 2638 faciatis
1993 2609 2034 2637 ab
2051 2608 2119 2637 aliis
2137 2617 2192 2646 per
2208 2609 2276 2638 loca

1269 2661 1376 2690 omnia
1397 2661 1428 2690 in
1449 2661 1566 2699 quibus
1585 2661 1733 2699 expedire
1753 2661 1898 2690 videritis
1918 2661 2070 2695 nuntiari,
2098 2663 2130 2689 et
2149 2661 2190 2690 ab
2210 2670 2277 2690 om-

1271 2714 1364 2743 nibus
1391 2714 1492 2743 artius
1518 2714 1632 2743 evitari
1660 2714 1760 2743 donec
1795 2714 1946 2752 predictis
1981 2713 2211 2743 mercatoribus
2238 2714 2277 2742 de

1270 2767 1395 2805 prefata
1422 2767 1556 2805 pecunia
1582 2775 1655 2795 cum
1680 2767 1776 2805 justis
1802 2769 1835 2796 et
1860 2766 2034 2796 moderatis
2059 2766 2206 2804 expensis
2240 2775 2277 2796 ac

1271 2820 1380 2849 debita
1413 2819 1647 2849 restauratione
1680 2820 1904 2857 dampnorum,
1931 2818 2034 2848 usuris
2058 2819 2188 2848 omnino
2213 2828 2277 2848 ces-

1271 2873 1428 2906 santibus,
1445 2872 1541 2901 fuerit
1556 2872 1770 2901 satisfactum.
1796 2872 1827 2902 Si
1842 2881 1917 2901 vero
1933 2872 2096 2910 predictus
2110 2871 2278 2910 episcopus

1270 2926 1319 2954 vel
1345 2934 1539 2954 successores
1564 2925 1632 2962 ejus
1658 2925 1688 2953 in
1716 2925 1900 2962 hujusmodi
1925 2924 2092 2953 sententiis
2118 2934 2173 2962 per
2198 2925 2277 2954 duos

1270 2987 1393 3008 menses
1415 2978 1660 3016 permanserint,
1690 2979 1731 3007 ab
1752 2977 2031 3006 administratione
2052 2977 2278 3015 spiritualium,

1269 3034 1301 3061 et
1333 3031 1557 3069 temporalium
1587 3031 1790 3068 suspendatis
1828 3031 1966 3064 eosdem,
1998 3030 2190 3068 prefigentes
2219 3031 2280 3068 ipsi
