<?xml version="1.0" encoding="UTF-8"?>
<!DOCTYPE html PUBLIC "-//W3C//DTD XHTML 1.0 Transitional//EN"
    "http://www.w3.org/TR/xhtml1/DTD/xhtml1-transitional.dtd">
<html xmlns="http://www.w3.org/1999/xhtml" xml:lang="en" lang="en">
 <head>
  <title>
</title>
<meta http-equiv="Content-Type" content="text/html;charset=utf-8" />
  <meta name='ocr-system' content='tesseract 3.04.00' />
  <meta name='ocr-capabilities' content='ocr_page ocr_carea ocr_par ocr_line ocrx_word'/>
</head>
<body>
  <div class='ocr_page' id='page_1' title='image "./lesregistresdegr02cathuoft_0134.png"; bbox 0 0 2477 3512; ppageno 0'>
   <div class='ocr_carea' id='block_1_1' title="bbox 289 291 1614 328">
    <p class='ocr_par' dir='ltr' id='par_1_1' title="bbox 289 291 1614 328">
     <span class='ocr_line' id='line_1_1' title="bbox 289 291 1614 328; baseline 0.004 -10"><span class='ocrx_word' id='word_1_1' title='bbox 289 298 352 328; x_wconf 69' lang='lat'>300</span> <span class='ocrx_word' id='word_1_2' title='bbox 983 291 1218 322; x_wconf 72' lang='lat' dir='ltr'>assoisrasss</span> <span class='ocrx_word' id='word_1_3' title='bbox 1242 291 1547 323; x_wconf 71' lang='lat' dir='ltr'>D&#39;ALEXANDRE</span> <span class='ocrx_word' id='word_1_4' title='bbox 1571 293 1614 323; x_wconf 76' lang='lat' dir='ltr'>iv</span> 
     </span>
    </p>
   </div>
   <div class='ocr_carea' id='block_1_2' title="bbox 292 359 1301 402">
    <p class='ocr_par' dir='ltr' id='par_1_2' title="bbox 292 359 1301 402">
     <span class='ocr_line' id='line_1_2' title="bbox 292 359 1301 402; baseline -0.006 -7"><span class='ocrx_word' id='word_1_5' title='bbox 292 364 468 395; x_wconf 72' lang='lat' dir='ltr'>biti01iis‹›t</span> <span class='ocrx_word' id='word_1_6' title='bbox 489 361 732 392; x_wconf 65' lang='lat' dir='ltr'>constitutionis</span> <span class='ocrx_word' id='word_1_7' title='bbox 761 365 824 390; x_wconf 79' lang='lat' dir='ltr'>etc.</span> <span class='ocrx_word' id='word_1_8' title='bbox 851 360 922 390; x_wconf 77' lang='lat' dir='ltr'>bai.</span> <span class='ocrx_word' id='word_1_9' title='bbox 947 359 1094 397; x_wconf 84' lang='lat' dir='ltr'>Viterbii,</span> <span class='ocrx_word' id='word_1_10' title='bbox 1126 360 1182 390; x_wconf 90' lang='lat' dir='ltr'>llll</span> <span class='ocrx_word' id='word_1_11' title='bbox 1205 360 1274 391; x_wconf 85' lang='lat' dir='ltr'>idus</span> <span class='ocrx_word' id='word_1_12' title='bbox 1300 393 1301 402; x_wconf 14' lang='grc' dir='ltr'>ἵ</span> 
     </span>
    </p>
   </div>
   <div class='ocr_carea' id='block_1_3' title="bbox 286 418 653 462">
    <p class='ocr_par' dir='ltr' id='par_1_3' title="bbox 286 418 653 462">
     <span class='ocr_line' id='line_1_3' title="bbox 286 418 653 462; baseline -0.008 -12"><span class='ocrx_word' id='word_1_13' title='bbox 286 421 382 462; x_wconf 75' lang='lat' dir='ltr'>junii,</span> <span class='ocrx_word' id='word_1_14' title='bbox 400 428 482 449; x_wconf 83' lang='lat' dir='ltr'>anno</span> <span class='ocrx_word' id='word_1_15' title='bbox 504 418 612 448; x_wconf 84' lang='lat' dir='ltr'>tertio.</span> <span class='ocrx_word' id='word_1_16' title='bbox 641 432 653 442; x_wconf 73' lang='grc' dir='ltr'>»ι</span> 
     </span>
    </p>
   </div>
   <div class='ocr_carea' id='block_1_4' title="bbox 364 543 1184 577">
    <p class='ocr_par' dir='ltr' id='par_1_4' title="bbox 364 543 1184 577">
     <span class='ocr_line' id='line_1_4' title="bbox 364 543 1184 577; baseline 0.001 -7"><span class='ocrx_word' id='word_1_17' title='bbox 364 544 458 571; x_wconf 68' lang='lat'>1967</span> <span class='ocrx_word' id='word_1_18' title='bbox 835 543 959 574; x_wconf 69' lang='lat' dir='ltr'>vum-be,</span> <span class='ocrx_word' id='word_1_19' title='bbox 982 547 1009 570; x_wconf 80' lang='lat'>¹3</span> <span class='ocrx_word' id='word_1_20' title='bbox 1024 545 1089 577; x_wconf 77' lang='lat' dir='ltr'>juin</span> <span class='ocrx_word' id='word_1_21' title='bbox 1110 547 1184 571; x_wconf 77' lang='lat'>1257.</span> 
     </span>
    </p>
   </div>
   <div class='ocr_carea' id='block_1_5' title="bbox 326 627 1302 659">
    <p class='ocr_par' dir='ltr' id='par_1_5' title="bbox 326 627 1302 659">
     <span class='ocr_line' id='line_1_5' title="bbox 326 627 1302 659; baseline 0.001 -5"><span class='ocrx_word' id='word_1_22' title='bbox 326 628 416 654; x_wconf 82' lang='lat' dir='ltr'>l&#39;riori</span> <span class='ocrx_word' id='word_1_23' title='bbox 438 627 567 659; x_wconf 56' lang='lat' dir='ltr'>generali</span> <span class='ocrx_word' id='word_1_24' title='bbox 585 632 611 653; x_wconf 80' lang='lat' dir='ltr'>et</span> <span class='ocrx_word' id='word_1_25' title='bbox 637 627 777 653; x_wconf 78' lang='lat' dir='ltr'>tratribus</span> <span class='ocrx_word' id='word_1_26' title='bbox 799 628 941 653; x_wconf 85' lang='lat' dir='ltr'>universis</span> <span class='ocrx_word' id='word_1_27' title='bbox 965 628 1179 655; x_wconf 77' lang='lat' dir='ltr'>liei-emilarum</span> <span class='ocrx_word' id='word_1_28' title='bbox 1202 628 1275 655; x_wconf 84' lang='lat' dir='ltr'>ordi·</span> <span class='ocrx_word' id='word_1_29' title='bbox 1301 640 1302 650; x_wconf 66' lang='grc' dir='ltr'>ι</span> 
     </span>
    </p>
   </div>
   <div class='ocr_carea' id='block_1_6' title="bbox 289 674 1275 710">
    <p class='ocr_par' dir='ltr' id='par_1_6' title="bbox 289 674 1275 710">
     <span class='ocr_line' id='line_1_6' title="bbox 289 674 1275 710; baseline 0.001 -9"><span class='ocrx_word' id='word_1_30' title='bbox 289 675 334 701; x_wconf 86' lang='lat' dir='ltr'>nis</span> <span class='ocrx_word' id='word_1_31' title='bbox 350 677 377 701; x_wconf 71' lang='lat' dir='ltr'>S.</span> <span class='ocrx_word' id='word_1_32' title='bbox 395 674 546 709; x_wconf 70' lang='lat' dir='ltr'>Augustini</span> <span class='ocrx_word' id='word_1_33' title='bbox 569 676 722 700; x_wconf 80' lang='lat' dir='ltr'>contii-inat</span> <span class='ocrx_word' id='word_1_34' title='bbox 744 674 913 700; x_wconf 76' lang='lat' dir='ltr'>facultatem</span> <span class='ocrx_word' id='word_1_35' title='bbox 931 682 946 700; x_wconf 84' lang='lat' dir='ltr'>a</span> <span class='ocrx_word' id='word_1_36' title='bbox 967 675 1108 702; x_wconf 68' lang='lat' dir='ltr'>lticcardo</span> <span class='ocrx_word' id='word_1_37' title='bbox 1124 676 1150 702; x_wconf 87' lang='lat' dir='ltr'>S.</span> <span class='ocrx_word' id='word_1_38' title='bbox 1172 675 1275 710; x_wconf 59' lang='lat' dir='ltr'>angeli</span> 
     </span>
    </p>
   </div>
   <div class='ocr_carea' id='block_1_7' title="bbox 289 721 2316 800">
    <p class='ocr_par' dir='ltr' id='par_1_7' title="bbox 289 721 2316 800">
     <span class='ocr_line' id='line_1_7' title="bbox 289 721 1303 756; baseline 0.001 -8"><span class='ocrx_word' id='word_1_39' title='bbox 289 722 412 749; x_wconf 83' lang='lat' dir='ltr'>diacono</span> <span class='ocrx_word' id='word_1_40' title='bbox 440 721 582 748; x_wconf 77' lang='lat' dir='ltr'>cardinali</span> <span class='ocrx_word' id='word_1_41' title='bbox 606 730 786 751; x_wconf 78' lang='lat' dir='ltr'>concessam,</span> <span class='ocrx_word' id='word_1_42' title='bbox 812 722 977 748; x_wconf 77' lang='lat' dir='ltr'>neccssaria</span> <span class='ocrx_word' id='word_1_43' title='bbox 1003 723 1183 756; x_wconf 82' lang='lat' dir='ltr'>possidendi.</span> <span class='ocrx_word' id='word_1_44' title='bbox 1217 731 1274 749; x_wconf 89' lang='lat' dir='ltr'>non</span> <span class='ocrx_word' id='word_1_45' title='bbox 1300 746 1303 755; x_wconf 76' lang='grc'>,</span> 
     </span>
     <span class='ocr_line' id='line_1_8' title="bbox 1300 757 2316 800; baseline 0.005 -15"><span class='ocrx_word' id='word_1_46' title='bbox 1300 763 1302 767; x_wconf 95' lang='grc'><strong><em>·</em></strong></span> <span class='ocrx_word' id='word_1_47' title='bbox 1330 772 1343 785; x_wconf 88' lang='grc' dir='ltr'>ιι</span> <span class='ocrx_word' id='word_1_48' title='bbox 1369 757 1556 795; x_wconf 68' lang='lat' dir='ltr'>elargitum,</span> <span class='ocrx_word' id='word_1_49' title='bbox 1580 757 1610 787; x_wconf 89' lang='lat' dir='ltr'>in</span> <span class='ocrx_word' id='word_1_50' title='bbox 1633 766 1692 797; x_wconf 91' lang='lat' dir='ltr'>quo</span> <span class='ocrx_word' id='word_1_51' title='bbox 1714 757 1774 787; x_wconf 86' lang='lat' dir='ltr'>etsi</span> <span class='ocrx_word' id='word_1_52' title='bbox 1796 766 1854 798; x_wconf 89' lang='lat' dir='ltr'>per</span> <span class='ocrx_word' id='word_1_53' title='bbox 1876 760 2068 798; x_wconf 88' lang='lat' dir='ltr'>conceptum</span> <span class='ocrx_word' id='word_1_54' title='bbox 2089 760 2199 789; x_wconf 89' lang='lat' dir='ltr'>votum</span> <span class='ocrx_word' id='word_1_55' title='bbox 2219 768 2316 800; x_wconf 84' lang='lat' dir='ltr'>spon-</span> 
     </span>
    </p>
   </div>
   <div class='ocr_carea' id='block_1_8' title="bbox 289 770 1274 849">
    <p class='ocr_par' dir='ltr' id='par_1_8' title="bbox 289 770 1274 849">
     <span class='ocr_line' id='line_1_9' title="bbox 292 770 1274 803; baseline -0.002 -6"><span class='ocrx_word' id='word_1_56' title='bbox 292 770 424 797; x_wconf 79' lang='lat' dir='ltr'>obstante</span> <span class='ocrx_word' id='word_1_57' title='bbox 441 773 504 796; x_wconf 75' lang='lat' dir='ltr'>voto</span> <span class='ocrx_word' id='word_1_58' title='bbox 519 772 699 803; x_wconf 71' lang='lat' dir='ltr'>spontaneae</span> <span class='ocrx_word' id='word_1_59' title='bbox 718 770 906 803; x_wconf 71' lang='lat' dir='ltr'>paupertatis.</span> <span class='ocrx_word' id='word_1_60' title='bbox 925 770 1002 796; x_wconf 60' lang='lat' dir='ltr'>ilino.</span> <span class='ocrx_word' id='word_1_61' title='bbox 1018 772 1061 801; x_wconf 71' lang='lat'>25,</span> <span class='ocrx_word' id='word_1_62' title='bbox 1072 778 1097 797; x_wconf 85' lang='lat' dir='ltr'>a.</span> <span class='ocrx_word' id='word_1_63' title='bbox 1113 771 1158 799; x_wconf 87' lang='lat' dir='ltr'>lll.</span> <span class='ocrx_word' id='word_1_64' title='bbox 1176 779 1201 798; x_wconf 82' lang='lat' dir='ltr'>e.</span> <span class='ocrx_word' id='word_1_65' title='bbox 1215 772 1274 799; x_wconf 63' lang='lat'>3:³37,</span> 
     </span>
     <span class='ocr_line' id='line_1_10' title="bbox 289 819 390 849; baseline -0.01 -5"><span class='ocrx_word' id='word_1_66' title='bbox 289 819 307 844; x_wconf 81' lang='lat' dir='ltr'>s,</span> <span class='ocrx_word' id='word_1_67' title='bbox 325 820 390 849; x_wconf 54' lang='lat'>46-3)</span> 
     </span>
    </p>
   </div>
   <div class='ocr_carea' id='block_1_9' title="bbox 340 900 1302 944">
    <p class='ocr_par' dir='ltr' id='par_1_9' title="bbox 340 900 1302 944">
     <span class='ocr_line' id='line_1_11' title="bbox 340 900 1302 944; baseline 0.002 -13"><span class='ocrx_word' id='word_1_68' title='bbox 340 916 353 928; x_wconf 81' lang='grc' dir='ltr'>ιι</span> <span class='ocrx_word' id='word_1_69' title='bbox 381 927 400 931; x_wconf 95' lang='grc'>..</span> <span class='ocrx_word' id='word_1_70' title='bbox 429 900 537 943; x_wconf 73' lang='lat' dir='ltr'>priori</span> <span class='ocrx_word' id='word_1_71' title='bbox 562 900 717 942; x_wconf 74' lang='lat' dir='ltr'>yenerali</span> <span class='ocrx_word' id='word_1_72' title='bbox 744 907 773 931; x_wconf 74' lang='lat' dir='ltr'>el</span> <span class='ocrx_word' id='word_1_73' title='bbox 805 902 971 944; x_wconf 76' lang='lat' dir='ltr'>fratribus</span> <span class='ocrx_word' id='word_1_74' title='bbox 992 902 1154 933; x_wconf 65' lang='lat' dir='ltr'>univ-ersis</span> <span class='ocrx_word' id='word_1_75' title='bbox 1179 903 1277 933; x_wconf 79' lang='lat' dir='ltr'>Here-</span> <span class='ocrx_word' id='word_1_76' title='bbox 1301 913 1302 916; x_wconf 53' lang='lat'>¹</span> 
     </span>
    </p>
   </div>
   <div class='ocr_carea' id='block_1_10' title="bbox 292 957 1277 999">
    <p class='ocr_par' dir='ltr' id='par_1_10' title="bbox 292 957 1277 999">
     <span class='ocr_line' id='line_1_12' title="bbox 292 957 1277 999; baseline 0 -10"><span class='ocrx_word' id='word_1_77' title='bbox 292 957 465 996; x_wconf 77' lang='lat' dir='ltr'>milarum,</span> <span class='ocrx_word' id='word_1_78' title='bbox 480 957 610 989; x_wconf 68' lang='lat' dir='ltr'>ordinis</span> <span class='ocrx_word' id='word_1_79' title='bbox 630 957 750 989; x_wconf 75' lang='lat' dir='ltr'>Sancti</span> <span class='ocrx_word' id='word_1_80' title='bbox 771 958 966 999; x_wconf 71' lang='lat' dir='ltr'>Auquslini.</span> <span class='ocrx_word' id='word_1_81' title='bbox 995 959 1062 989; x_wconf 88' lang='lat' dir='ltr'>Hiis</span> <span class='ocrx_word' id='word_1_82' title='bbox 1088 968 1148 998; x_wconf 74' lang='lat' dir='ltr'>que</span> <span class='ocrx_word' id='word_1_83' title='bbox 1177 959 1277 990; x_wconf 82' lang='lat' dir='ltr'>nostri</span> 
     </span>
    </p>
   </div>
   <div class='ocr_carea' id='block_1_11' title="bbox 292 1014 1303 1055">
    <p class='ocr_par' dir='ltr' id='par_1_11' title="bbox 292 1014 1303 1055">
     <span class='ocr_line' id='line_1_13' title="bbox 292 1014 1303 1055; baseline 0 -10"><span class='ocrx_word' id='word_1_84' title='bbox 292 1015 489 1046; x_wconf 85' lang='lat' dir='ltr'>auctoritate</span> <span class='ocrx_word' id='word_1_85' title='bbox 510 1014 650 1045; x_wconf 85' lang='lat' dir='ltr'>mandati</span> <span class='ocrx_word' id='word_1_86' title='bbox 676 1018 822 1055; x_wconf 83' lang='lat' dir='ltr'>optatum</span> <span class='ocrx_word' id='word_1_87' title='bbox 852 1015 1031 1046; x_wconf 78' lang='lat' dir='ltr'>sortiuntur</span> <span class='ocrx_word' id='word_1_88' title='bbox 1058 1014 1224 1049; x_wconf 72' lang='lat' dir='ltr'>ellectum,</span> <span class='ocrx_word' id='word_1_89' title='bbox 1245 1019 1277 1045; x_wconf 91' lang='lat' dir='ltr'>ut</span> <span class='ocrx_word' id='word_1_90' title='bbox 1302 1025 1303 1032; x_wconf 62' lang='lat'>¹</span> 
     </span>
    </p>
   </div>
   <div class='ocr_carea' id='block_1_12' title="bbox 287 1070 1278 1622">
    <p class='ocr_par' dir='ltr' id='par_1_12' title="bbox 287 1070 1278 1622">
     <span class='ocr_line' id='line_1_14' title="bbox 290 1070 1277 1112; baseline 0 -11"><span class='ocrx_word' id='word_1_91' title='bbox 290 1070 413 1102; x_wconf 87' lang='lat' dir='ltr'>illibata</span> <span class='ocrx_word' id='word_1_92' title='bbox 430 1074 653 1112; x_wconf 83' lang='lat' dir='ltr'>permaneant,</span> <span class='ocrx_word' id='word_1_93' title='bbox 680 1071 794 1101; x_wconf 89' lang='lat' dir='ltr'>merito</span> <span class='ocrx_word' id='word_1_94' title='bbox 813 1070 970 1101; x_wconf 76' lang='lat' dir='ltr'>adicimus</span> <span class='ocrx_word' id='word_1_95' title='bbox 986 1071 1154 1112; x_wconf 86' lang='lat' dir='ltr'>apostolici</span> <span class='ocrx_word' id='word_1_96' title='bbox 1175 1071 1277 1102; x_wconf 90' lang='lat' dir='ltr'>muni—</span> 
     </span>
     <span class='ocr_line' id='line_1_15' title="bbox 290 1127 1278 1168; baseline -0.001 -10"><span class='ocrx_word' id='word_1_97' title='bbox 290 1128 383 1159; x_wconf 88' lang='lat' dir='ltr'>minis</span> <span class='ocrx_word' id='word_1_98' title='bbox 404 1127 601 1159; x_wconf 82' lang='lat' dir='ltr'>firmitatem.</span> <span class='ocrx_word' id='word_1_99' title='bbox 620 1129 715 1161; x_wconf 75' lang='lat' dir='ltr'>Sane,</span> <span class='ocrx_word' id='word_1_100' title='bbox 739 1137 809 1158; x_wconf 85' lang='lat' dir='ltr'>cuni</span> <span class='ocrx_word' id='word_1_101' title='bbox 830 1128 859 1157; x_wconf 91' lang='lat' dir='ltr'>in</span> <span class='ocrx_word' id='word_1_102' title='bbox 882 1127 1063 1168; x_wconf 81' lang='lat' dir='ltr'>privilegio,</span> <span class='ocrx_word' id='word_1_103' title='bbox 1084 1128 1166 1168; x_wconf 88' lang='lat' dir='ltr'>quod</span> <span class='ocrx_word' id='word_1_104' title='bbox 1189 1128 1278 1159; x_wconf 81' lang='lat' dir='ltr'>vobis</span> 
     </span>
     <span class='ocr_line' id='line_1_16' title="bbox 289 1184 1277 1225; baseline 0.001 -11"><span class='ocrx_word' id='word_1_105' title='bbox 289 1185 319 1214; x_wconf 94' lang='lat' dir='ltr'>in</span> <span class='ocrx_word' id='word_1_106' title='bbox 355 1184 501 1225; x_wconf 82' lang='lat' dir='ltr'>generali</span> <span class='ocrx_word' id='word_1_107' title='bbox 534 1184 674 1224; x_wconf 75' lang='lat' dir='ltr'>capitulo</span> <span class='ocrx_word' id='word_1_108' title='bbox 715 1187 835 1220; x_wconf 87' lang='lat' dir='ltr'>vestro,</span> <span class='ocrx_word' id='word_1_109' title='bbox 864 1194 918 1224; x_wconf 81' lang='lat' dir='ltr'>pro</span> <span class='ocrx_word' id='word_1_110' title='bbox 953 1184 1098 1215; x_wconf 89' lang='lat' dir='ltr'>uniendis</span> <span class='ocrx_word' id='word_1_111' title='bbox 1130 1184 1221 1215; x_wconf 79' lang='lat' dir='ltr'>vobis</span> <span class='ocrx_word' id='word_1_112' title='bbox 1239 1184 1277 1215; x_wconf 86' lang='lat' dir='ltr'>ad</span> 
     </span>
     <span class='ocr_line' id='line_1_17' title="bbox 288 1239 1277 1272; baseline 0 -1"><span class='ocrx_word' id='word_1_113' title='bbox 288 1241 426 1271; x_wconf 86' lang='lat' dir='ltr'>invicem</span> <span class='ocrx_word' id='word_1_114' title='bbox 447 1240 503 1271; x_wconf 87' lang='lat' dir='ltr'>sub</span> <span class='ocrx_word' id='word_1_115' title='bbox 535 1251 594 1270; x_wconf 85' lang='lat' dir='ltr'>una</span> <span class='ocrx_word' id='word_1_116' title='bbox 622 1240 742 1271; x_wconf 76' lang='lat' dir='ltr'>ordinis</span> <span class='ocrx_word' id='word_1_117' title='bbox 769 1239 975 1271; x_wconf 79' lang='lat' dir='ltr'>observantia</span> <span class='ocrx_word' id='word_1_118' title='bbox 997 1242 1030 1271; x_wconf 83' lang='lat' dir='ltr'>et</span> <span class='ocrx_word' id='word_1_119' title='bbox 1061 1240 1188 1271; x_wconf 82' lang='lat' dir='ltr'>vivendi</span> <span class='ocrx_word' id='word_1_120' title='bbox 1211 1241 1277 1272; x_wconf 85' lang='lat' dir='ltr'>for-</span> 
     </span>
     <span class='ocr_line' id='line_1_18' title="bbox 289 1296 1278 1337; baseline -0.001 -9"><span class='ocrx_word' id='word_1_121' title='bbox 289 1297 373 1328; x_wconf 89' lang='lat' dir='ltr'>mula</span> <span class='ocrx_word' id='word_1_122' title='bbox 393 1297 423 1327; x_wconf 90' lang='lat' dir='ltr'>in</span> <span class='ocrx_word' id='word_1_123' title='bbox 442 1296 528 1329; x_wconf 93' lang='lat' dir='ltr'>Urbe</span> <span class='ocrx_word' id='word_1_124' title='bbox 544 1296 722 1327; x_wconf 73' lang='lat' dir='ltr'>celebriter</span> <span class='ocrx_word' id='word_1_125' title='bbox 740 1299 956 1337; x_wconf 70' lang='lat' dir='ltr'>congregato,</span> <span class='ocrx_word' id='word_1_126' title='bbox 972 1297 1159 1337; x_wconf 80' lang='lat' dir='ltr'>Apostolica</span> <span class='ocrx_word' id='word_1_127' title='bbox 1176 1296 1278 1328; x_wconf 69' lang='lat' dir='ltr'>Sedes</span> 
     </span>
     <span class='ocr_line' id='line_1_19' title="bbox 289 1353 1274 1394; baseline 0.001 -11"><span class='ocrx_word' id='word_1_128' title='bbox 289 1353 431 1391; x_wconf 81' lang='lat' dir='ltr'>indulsit,</span> <span class='ocrx_word' id='word_1_129' title='bbox 455 1353 581 1394; x_wconf 83' lang='lat' dir='ltr'>quidam</span> <span class='ocrx_word' id='word_1_130' title='bbox 607 1353 762 1384; x_wconf 81' lang='lat' dir='ltr'>articulus</span> <span class='ocrx_word' id='word_1_131' title='bbox 786 1353 945 1393; x_wconf 81' lang='lat' dir='ltr'>aliquibus</span> <span class='ocrx_word' id='word_1_132' title='bbox 964 1353 1078 1385; x_wconf 84' lang='lat' dir='ltr'>dubius</span> <span class='ocrx_word' id='word_1_133' title='bbox 1097 1353 1274 1391; x_wconf 78' lang='lat' dir='ltr'>videretur,</span> 
     </span>
     <span class='ocr_line' id='line_1_20' title="bbox 287 1410 1278 1451; baseline -0.001 -10"><span class='ocrx_word' id='word_1_134' title='bbox 287 1411 424 1442; x_wconf 82' lang='lat' dir='ltr'>dilectus</span> <span class='ocrx_word' id='word_1_135' title='bbox 438 1410 522 1441; x_wconf 85' lang='lat' dir='ltr'>tilius</span> <span class='ocrx_word' id='word_1_136' title='bbox 539 1412 652 1441; x_wconf 88' lang='lat' dir='ltr'>noster</span> <span class='ocrx_word' id='word_1_137' title='bbox 674 1410 853 1441; x_wconf 76' lang='lat' dir='ltr'>Riccardus</span> <span class='ocrx_word' id='word_1_138' title='bbox 870 1411 979 1441; x_wconf 76' lang='lat' dir='ltr'>Sancti</span> <span class='ocrx_word' id='word_1_139' title='bbox 992 1410 1109 1451; x_wconf 75' lang='lat' dir='ltr'>Angeli</span> <span class='ocrx_word' id='word_1_140' title='bbox 1125 1410 1278 1441; x_wconf 87' lang='lat' dir='ltr'>diaconus</span> 
     </span>
     <span class='ocr_line' id='line_1_21' title="bbox 289 1466 1277 1508; baseline -0.001 -10"><span class='ocrx_word' id='word_1_141' title='bbox 289 1467 463 1498; x_wconf 82' lang='lat' dir='ltr'>cardinalis</span> <span class='ocrx_word' id='word_1_142' title='bbox 484 1467 571 1497; x_wconf 89' lang='lat' dir='ltr'>illum</span> <span class='ocrx_word' id='word_1_143' title='bbox 591 1466 630 1497; x_wconf 87' lang='lat' dir='ltr'>de</span> <span class='ocrx_word' id='word_1_144' title='bbox 653 1466 783 1508; x_wconf 87' lang='lat' dir='ltr'>speciali</span> <span class='ocrx_word' id='word_1_145' title='bbox 802 1467 952 1497; x_wconf 86' lang='lat' dir='ltr'>mandato</span> <span class='ocrx_word' id='word_1_146' title='bbox 969 1470 1080 1497; x_wconf 87' lang='lat' dir='ltr'>nostro</span> <span class='ocrx_word' id='word_1_147' title='bbox 1095 1467 1167 1498; x_wconf 67' lang='lat' dir='ltr'>vive</span> <span class='ocrx_word' id='word_1_148' title='bbox 1188 1468 1277 1498; x_wconf 78' lang='lat' dir='ltr'>vocis</span> 
     </span>
     <span class='ocr_line' id='line_1_22' title="bbox 290 1523 1277 1565; baseline -0.001 -10"><span class='ocrx_word' id='word_1_149' title='bbox 290 1523 427 1555; x_wconf 82' lang='lat' dir='ltr'>articulo</span> <span class='ocrx_word' id='word_1_150' title='bbox 463 1524 520 1553; x_wconf 83' lang='lat' dir='ltr'>sibi</span> <span class='ocrx_word' id='word_1_151' title='bbox 560 1524 660 1559; x_wconf 78' lang='lat' dir='ltr'>facto,</span> <span class='ocrx_word' id='word_1_152' title='bbox 698 1525 856 1555; x_wconf 83' lang='lat' dir='ltr'>summoto</span> <span class='ocrx_word' id='word_1_153' title='bbox 894 1523 1067 1565; x_wconf 77' lang='lat' dir='ltr'>cujuslibet</span> <span class='ocrx_word' id='word_1_154' title='bbox 1102 1523 1277 1554; x_wconf 84' lang='lat' dir='ltr'>dubietatis</span> 
     </span>
     <span class='ocr_line' id='line_1_23' title="bbox 289 1580 1276 1622; baseline 0.001 -13"><span class='ocrx_word' id='word_1_155' title='bbox 289 1580 452 1622; x_wconf 64' lang='lat' dir='ltr'>¹scrupulo,</span> <span class='ocrx_word' id='word_1_156' title='bbox 469 1580 660 1618; x_wconf 76' lang='lat' dir='ltr'>declaravit,</span> <span class='ocrx_word' id='word_1_157' title='bbox 683 1582 776 1621; x_wconf 86' lang='lat' dir='ltr'>prout</span> <span class='ocrx_word' id='word_1_158' title='bbox 801 1581 830 1610; x_wconf 92' lang='lat' dir='ltr'>iu</span> <span class='ocrx_word' id='word_1_159' title='bbox 857 1581 955 1621; x_wconf 87' lang='lat' dir='ltr'>ipsius</span> <span class='ocrx_word' id='word_1_160' title='bbox 977 1580 1095 1611; x_wconf 86' lang='lat' dir='ltr'>litteris</span> <span class='ocrx_word' id='word_1_161' title='bbox 1117 1580 1276 1611; x_wconf 86' lang='lat' dir='ltr'>confectis</span> 
     </span>
    </p>
   </div>
   <div class='ocr_carea' id='block_1_13' title="bbox 288 1636 1303 1677">
    <p class='ocr_par' dir='ltr' id='par_1_13' title="bbox 288 1636 1303 1677">
     <span class='ocr_line' id='line_1_24' title="bbox 288 1636 1303 1677; baseline 0.002 -10"><span class='ocrx_word' id='word_1_162' title='bbox 288 1636 418 1674; x_wconf 66' lang='lat' dir='ltr'>exinde,</span> <span class='ocrx_word' id='word_1_163' title='bbox 442 1646 573 1676; x_wconf 79' lang='lat' dir='ltr'>quarum</span> <span class='ocrx_word' id='word_1_164' title='bbox 594 1640 739 1667; x_wconf 87' lang='lat' dir='ltr'>tenorem</span> <span class='ocrx_word' id='word_1_165' title='bbox 754 1636 793 1667; x_wconf 81' lang='lat' dir='ltr'>dc</span> <span class='ocrx_word' id='word_1_166' title='bbox 816 1636 913 1667; x_wconf 79' lang='lat' dir='ltr'>verbo</span> <span class='ocrx_word' id='word_1_167' title='bbox 935 1636 972 1666; x_wconf 88' lang='lat' dir='ltr'>ad</span> <span class='ocrx_word' id='word_1_168' title='bbox 991 1636 1123 1667; x_wconf 76' lang='lat' dir='ltr'>verbum</span> <span class='ocrx_word' id='word_1_169' title='bbox 1147 1646 1277 1677; x_wconf 84' lang='lat' dir='ltr'>presen-</span> <span class='ocrx_word' id='word_1_170' title='bbox 1302 1662 1303 1669; x_wconf 56' lang='grc' dir='ltr'>ι</span> 
     </span>
    </p>
   </div>
   <div class='ocr_carea' id='block_1_14' title="bbox 289 1693 1276 1734">
    <p class='ocr_par' dir='ltr' id='par_1_14' title="bbox 289 1693 1276 1734">
     <span class='ocr_line' id='line_1_25' title="bbox 289 1693 1276 1734; baseline 0 -10"><span class='ocrx_word' id='word_1_171' title='bbox 289 1693 373 1724; x_wconf 89' lang='lat' dir='ltr'>tibus</span> <span class='ocrx_word' id='word_1_172' title='bbox 407 1694 504 1724; x_wconf 87' lang='lat' dir='ltr'>inseri</span> <span class='ocrx_word' id='word_1_173' title='bbox 535 1693 684 1731; x_wconf 82' lang='lat' dir='ltr'>fecimus,</span> <span class='ocrx_word' id='word_1_174' title='bbox 706 1694 833 1734; x_wconf 79' lang='lat' dir='ltr'>plenius</span> <span class='ocrx_word' id='word_1_175' title='bbox 858 1694 1054 1724; x_wconf 80' lang='lat' dir='ltr'>continetur.</span> <span class='ocrx_word' id='word_1_176' title='bbox 1082 1694 1147 1724; x_wconf 81' lang='lat' dir='ltr'>Nos</span> <span class='ocrx_word' id='word_1_177' title='bbox 1167 1694 1276 1734; x_wconf 86' lang='lat' dir='ltr'>itaque</span> 
     </span>
    </p>
   </div>
   <div class='ocr_carea' id='block_1_15' title="bbox 289 1750 2318 1873">
    <p class='ocr_par' dir='ltr' id='par_1_15' title="bbox 289 1750 2318 1873">
     <span class='ocr_line' id='line_1_26' title="bbox 289 1750 2318 1807; baseline 0 -27"><span class='ocrx_word' id='word_1_178' title='bbox 289 1750 407 1780; x_wconf 85' lang='lat' dir='ltr'>vestris</span> <span class='ocrx_word' id='word_1_179' title='bbox 437 1750 585 1791; x_wconf 79' lang='lat' dir='ltr'>precibus</span> <span class='ocrx_word' id='word_1_180' title='bbox 612 1750 770 1787; x_wconf 80' lang='lat' dir='ltr'>inclinati,</span> <span class='ocrx_word' id='word_1_181' title='bbox 794 1750 876 1790; x_wconf 80' lang='lat' dir='ltr'>qnod</span> <span class='ocrx_word' id='word_1_182' title='bbox 903 1750 942 1781; x_wconf 86' lang='lat' dir='ltr'>ab</span> <span class='ocrx_word' id='word_1_183' title='bbox 974 1750 1086 1781; x_wconf 89' lang='lat' dir='ltr'>eodem</span> <span class='ocrx_word' id='word_1_184' title='bbox 1119 1750 1275 1780; x_wconf 81' lang='lat' dir='ltr'>cardinali</span> <span class='ocrx_word' id='word_1_185' title='bbox 1301 1752 1302 1791; x_wconf 52' lang='lat' dir='ltr'>i</span> <span class='ocrx_word' id='word_1_186' title='bbox 1329 1788 1342 1802; x_wconf 50' lang='lat' dir='ltr'>ss</span> <span class='ocrx_word' id='word_1_187' title='bbox 1369 1778 1480 1806; x_wconf 54' lang='lat' dir='ltr'>vestro</span> <span class='ocrx_word' id='word_1_188' title='bbox 1500 1775 1529 1806; x_wconf 69' lang='lat' dir='ltr'>in</span> <span class='ocrx_word' id='word_1_189' title='bbox 1552 1775 1638 1807; x_wconf 37' lang='lat' dir='ltr'>{Vrbe</span> <span class='ocrx_word' id='word_1_190' title='bbox 1668 1774 1847 1806; x_wconf 53' lang='lat' dir='ltr'>celebriter</span> <span class='ocrx_word' id='word_1_191' title='bbox 1867 1785 1988 1806; x_wconf 41' lang='lat' dir='ltr'><em>UOHT&amp;</em></span> <span class='ocrx_word' id='word_1_192' title='bbox 2015 1777 2068 1806; x_wconf 58' lang='lat' dir='ltr'>ato</span> <span class='ocrx_word' id='word_1_193' title='bbox 2098 1775 2225 1806; x_wconf 67' lang='lat' dir='ltr'>nomine</span> <span class='ocrx_word' id='word_1_194' title='bbox 2251 1784 2318 1806; x_wconf 60' lang='lat' dir='ltr'>om-</span> 
     </span>
     <span class='ocr_line' id='line_1_27' title="bbox 289 1785 2315 1873; baseline 0 -37"><span class='ocrx_word' id='word_1_195' title='bbox 289 1816 384 1847; x_wconf 88' lang='lat' dir='ltr'>super</span> <span class='ocrx_word' id='word_1_196' title='bbox 397 1806 457 1837; x_wconf 88' lang='lat' dir='ltr'>hoc</span> <span class='ocrx_word' id='word_1_197' title='bbox 479 1806 598 1837; x_wconf 85' lang='lat' dir='ltr'>sactum</span> <span class='ocrx_word' id='word_1_198' title='bbox 621 1809 670 1837; x_wconf 88' lang='lat' dir='ltr'>est</span> <span class='ocrx_word' id='word_1_199' title='bbox 688 1808 793 1837; x_wconf 88' lang='lat' dir='ltr'>ratum</span> <span class='ocrx_word' id='word_1_200' title='bbox 813 1806 969 1837; x_wconf 82' lang='lat' dir='ltr'>babentes</span> <span class='ocrx_word' id='word_1_201' title='bbox 986 1814 1018 1837; x_wconf 81' lang='lat' dir='ltr'>et</span> <span class='ocrx_word' id='word_1_202' title='bbox 1033 1808 1175 1847; x_wconf 81' lang='lat' dir='ltr'>gratum,</span> <span class='ocrx_word' id='word_1_203' title='bbox 1198 1806 1275 1837; x_wconf 90' lang='lat' dir='ltr'>illud</span> <span class='ocrx_word' id='word_1_204' title='bbox 1300 1809 1301 1843; x_wconf 63' lang='lat' dir='ltr'>l</span> <span class='ocrx_word' id='word_1_205' title='bbox 1328 1845 1342 1859; x_wconf 89' lang='lat'>«</span> <span class='ocrx_word' id='word_1_206' title='bbox 1368 1832 1450 1863; x_wconf 68' lang='lat' dir='ltr'>nium</span> <span class='ocrx_word' id='word_1_207' title='bbox 1488 1844 1504 1862; x_wconf 54' lang='grc' dir='ltr'>Ἰ</span> <span class='ocrx_word' id='word_1_208' title='bbox 1525 1802 1637 1873; x_wconf 34' lang='lat' dir='ltr'>quibus</span> <span class='ocrx_word' id='word_1_209' title='bbox 1673 1833 1800 1863; x_wconf 55' lang='lat' dir='ltr'><strong>suerunt</strong></span> <span class='ocrx_word' id='word_1_210' title='bbox 1833 1785 2056 1863; x_wconf 41' lang='lat' dir='ltr'>deqtilfimget</span> <span class='ocrx_word' id='word_1_211' title='bbox 2089 1832 2128 1863; x_wconf 65' lang='lat' dir='ltr'>de</span> <span class='ocrx_word' id='word_1_212' title='bbox 2153 1832 2315 1863; x_wconf 61' lang='lat' dir='ltr'><strong>communi</strong></span> 
     </span>
     <span class='ocr_line' id='line_1_28' title="bbox 1457 1852 2066 1870; baseline 0.013 -8"><span class='ocrx_word' id='word_1_213' title='bbox 1457 1858 1463 1870; x_wconf 65' lang='lat'><em>7</em></span> <span class='ocrx_word' id='word_1_214' title='bbox 1486 1852 1494 1862; x_wconf 70' lang='lat' dir='ltr'>c</span> <span class='ocrx_word' id='word_1_215' title='bbox 1876 1856 1888 1862; x_wconf 41' lang='grc' dir='ltr'>Μ</span> <span class='ocrx_word' id='word_1_216' title='bbox 1993 1857 1999 1869; x_wconf 66' lang='lat'><em>5</em></span> <span class='ocrx_word' id='word_1_217' title='bbox 2059 1857 2066 1870; x_wconf 69' lang='lat'><em>2</em></span> 
     </span>
    </p>
   </div>
   <div class='ocr_carea' id='block_1_16' title="bbox 288 1862 1276 1904">
    <p class='ocr_par' dir='ltr' id='par_1_16' title="bbox 288 1862 1276 1904">
     <span class='ocr_line' id='line_1_29' title="bbox 288 1862 1276 1904; baseline -0.001 -11"><span class='ocrx_word' id='word_1_218' title='bbox 288 1863 484 1894; x_wconf 85' lang='lat' dir='ltr'>auctoritate</span> <span class='ocrx_word' id='word_1_219' title='bbox 495 1863 675 1904; x_wconf 78' lang='lat' dir='ltr'>apostolica</span> <span class='ocrx_word' id='word_1_220' title='bbox 686 1862 925 1900; x_wconf 86' lang='lat' dir='ltr'>confirmamus,</span> <span class='ocrx_word' id='word_1_221' title='bbox 941 1863 1147 1904; x_wconf 81' lang='lat' dir='ltr'>etpresentis</span> <span class='ocrx_word' id='word_1_222' title='bbox 1163 1862 1276 1903; x_wconf 86' lang='lat' dir='ltr'>scripti</span> 
     </span>
    </p>
   </div>
   <div class='ocr_carea' id='block_1_17' title="bbox 288 1976 610 2017">
    <p class='ocr_par' dir='ltr' id='par_1_17' title="bbox 288 1976 610 2017">
     <span class='ocr_line' id='line_1_30' title="bbox 288 1976 610 2017; baseline -0.003 -11"><span class='ocrx_word' id='word_1_223' title='bbox 288 1977 425 2017; x_wconf 90' lang='lat' dir='ltr'>ipsarum</span> <span class='ocrx_word' id='word_1_224' title='bbox 443 1976 516 2006; x_wconf 83' lang='lat' dir='ltr'>talis</span> <span class='ocrx_word' id='word_1_225' title='bbox 538 1978 587 2006; x_wconf 65' lang='lat' dir='ltr'>est</span> <span class='ocrx_word' id='word_1_226' title='bbox 605 1986 610 2006; x_wconf 80' lang='lat' dir='ltr'><em>z</em></span> 
     </span>
    </p>
   </div>
   <div class='ocr_carea' id='block_1_18' title="bbox 887 2075 1202 2102">
    <p class='ocr_par' dir='ltr' id='par_1_18' title="bbox 887 2075 1202 2102">
     <span class='ocr_line' id='line_1_31' title="bbox 887 2075 1202 2102; baseline 0 -2"><span class='ocrx_word' id='word_1_227' title='bbox 887 2075 985 2100; x_wconf 71' lang='lat' dir='ltr'>ltonie.</span> <span class='ocrx_word' id='word_1_228' title='bbox 1008 2077 1034 2100; x_wconf 70' lang='lat'>1:⁵3</span> <span class='ocrx_word' id='word_1_229' title='bbox 1053 2075 1108 2100; x_wconf 85' lang='lat' dir='ltr'>mai</span> <span class='ocrx_word' id='word_1_230' title='bbox 1127 2077 1202 2102; x_wconf 72' lang='lat'>1257.</span> 
     </span>
    </p>
   </div>
   <div class='ocr_carea' id='block_1_19' title="bbox 288 2328 1275 2367">
    <p class='ocr_par' dir='ltr' id='par_1_19' title="bbox 288 2328 1275 2367">
     <span class='ocr_line' id='line_1_32' title="bbox 288 2328 1275 2367; baseline 0.001 -8"><span class='ocrx_word' id='word_1_231' title='bbox 288 2342 301 2354; x_wconf 79' lang='grc' dir='ltr'>«ι</span> <span class='ocrx_word' id='word_1_232' title='bbox 326 2328 535 2367; x_wconf 78' lang='lat' dir='ltr'>omnibusque</span> <span class='ocrx_word' id='word_1_233' title='bbox 552 2328 705 2359; x_wconf 81' lang='lat' dir='ltr'>fratribus</span> <span class='ocrx_word' id='word_1_234' title='bbox 728 2328 848 2359; x_wconf 83' lang='lat' dir='ltr'>ordinis</span> <span class='ocrx_word' id='word_1_235' title='bbox 869 2329 1049 2366; x_wconf 78' lang='lat' dir='ltr'>memorati,</span> <span class='ocrx_word' id='word_1_236' title='bbox 1065 2340 1189 2360; x_wconf 82' lang='lat' dir='ltr'>necnon</span> <span class='ocrx_word' id='word_1_237' title='bbox 1206 2330 1275 2360; x_wconf 90' lang='lat' dir='ltr'>uni—</span> 
     </span>
    </p>
   </div>
   <div class='ocr_carea' id='block_1_20' title="bbox 329 2491 1272 2539">
    <p class='ocr_par' dir='ltr' id='par_1_20' title="bbox 329 2491 1272 2539">
     <span class='ocr_line' id='line_1_33' title="bbox 329 2491 1272 2539; baseline 0.002 -12"><span class='ocrx_word' id='word_1_238' title='bbox 329 2497 417 2527; x_wconf 86' lang='lat' dir='ltr'>nobis</span> <span class='ocrx_word' id='word_1_239' title='bbox 434 2500 465 2527; x_wconf 93' lang='lat' dir='ltr'>ct</span> <span class='ocrx_word' id='word_1_240' title='bbox 483 2507 559 2527; x_wconf 86' lang='lat' dir='ltr'>cura</span> <span class='ocrx_word' id='word_1_241' title='bbox 572 2497 723 2528; x_wconf 79' lang='lat' dir='ltr'>continua</span> <span class='ocrx_word' id='word_1_242' title='bbox 737 2491 871 2537; x_wconf 75' lang='lat' dir='ltr'>quodam</span> <span class='ocrx_word' id='word_1_243' title='bbox 886 2508 941 2538; x_wconf 75' lang='lat' dir='ltr'>per</span> <span class='ocrx_word' id='word_1_244' title='bbox 954 2498 1071 2528; x_wconf 76' lang='lat' dir='ltr'>scriem</span> <span class='ocrx_word' id='word_1_245' title='bbox 1085 2499 1272 2539; x_wconf 80' lang='lat' dir='ltr'>explanare,</span> 
     </span>
    </p>
   </div>
   <div class='ocr_carea' id='block_1_21' title="bbox 289 2566 296 2581">
    <p class='ocr_par' dir='ltr' id='par_1_21' title="bbox 289 2566 296 2581">
     <span class='ocr_line' id='line_1_34' title="bbox 289 2566 296 2581; textangle 90"><span class='ocrx_word' id='word_1_246' title='bbox 289 2566 296 2581; x_wconf 60' lang='lat' dir='ltr'>A</span> 
     </span>
    </p>
   </div>
   <div class='ocr_carea' id='block_1_22' title="bbox 298 2553 1273 2595">
    <p class='ocr_par' dir='ltr' id='par_1_22' title="bbox 298 2553 1273 2595">
     <span class='ocr_line' id='line_1_35' title="bbox 298 2553 1273 2595; baseline 0.002 -12"><span class='ocrx_word' id='word_1_247' title='bbox 298 2568 302 2579; x_wconf 87' lang='grc' dir='ltr'>ι</span> <span class='ocrx_word' id='word_1_248' title='bbox 326 2554 432 2594; x_wconf 84' lang='lat' dir='ltr'>quein</span> <span class='ocrx_word' id='word_1_249' title='bbox 455 2553 627 2594; x_wconf 85' lang='lat' dir='ltr'>privilegio</span> <span class='ocrx_word' id='word_1_250' title='bbox 644 2553 734 2584; x_wconf 82' lang='lat' dir='ltr'>vobis</span> <span class='ocrx_word' id='word_1_251' title='bbox 748 2554 864 2585; x_wconf 80' lang='lat' dir='ltr'>dudum</span> <span class='ocrx_word' id='word_1_252' title='bbox 887 2555 925 2584; x_wconf 85' lang='lat' dir='ltr'>ab</span> <span class='ocrx_word' id='word_1_253' title='bbox 946 2555 1131 2595; x_wconf 66' lang='lat' dir='ltr'>Apisistolica</span> <span class='ocrx_word' id='word_1_254' title='bbox 1147 2555 1230 2585; x_wconf 72' lang='lat' dir='ltr'>Sede</span> <span class='ocrx_word' id='word_1_255' title='bbox 1244 2555 1273 2585; x_wconf 90' lang='lat' dir='ltr'>in</span> 
     </span>
    </p>
   </div>
   <div class='ocr_carea' id='block_1_23' title="bbox 290 2610 1275 2931">
    <p class='ocr_par' dir='ltr' id='par_1_23' title="bbox 290 2610 1275 2931">
     <span class='ocr_line' id='line_1_36' title="bbox 324 2610 1273 2651; baseline 0.003 -13"><span class='ocrx_word' id='word_1_256' title='bbox 324 2610 464 2650; x_wconf 78' lang='lat' dir='ltr'>capitulo</span> <span class='ocrx_word' id='word_1_257' title='bbox 481 2610 625 2650; x_wconf 71' lang='lat' dir='ltr'>generali</span> <span class='ocrx_word' id='word_1_258' title='bbox 640 2620 796 2641; x_wconf 76' lang='lat' dir='ltr'>concesso</span> <span class='ocrx_word' id='word_1_259' title='bbox 818 2611 941 2641; x_wconf 85' lang='lat' dir='ltr'>inserta</span> <span class='ocrx_word' id='word_1_260' title='bbox 963 2610 1194 2651; x_wconf 73' lang='lat' dir='ltr'>videntur,que</span> <span class='ocrx_word' id='word_1_261' title='bbox 1213 2622 1273 2641; x_wconf 91' lang='lat' dir='ltr'>non</span> 
     </span>
     <span class='ocr_line' id='line_1_37' title="bbox 290 2665 1274 2708; baseline 0 -12"><span class='ocrx_word' id='word_1_262' title='bbox 290 2679 303 2693; x_wconf 76' lang='grc' dir='ltr'>ιι</span> <span class='ocrx_word' id='word_1_263' title='bbox 324 2666 425 2696; x_wconf 84' lang='lat' dir='ltr'>solum</span> <span class='ocrx_word' id='word_1_264' title='bbox 443 2665 538 2696; x_wconf 89' lang='lat' dir='ltr'>dubia</span> <span class='ocrx_word' id='word_1_265' title='bbox 559 2668 590 2696; x_wconf 88' lang='lat' dir='ltr'>et</span> <span class='ocrx_word' id='word_1_266' title='bbox 612 2666 762 2704; x_wconf 83' lang='lat' dir='ltr'>obscura,</span> <span class='ocrx_word' id='word_1_267' title='bbox 787 2666 844 2697; x_wconf 88' lang='lat' dir='ltr'>sed</span> <span class='ocrx_word' id='word_1_268' title='bbox 866 2666 993 2707; x_wconf 86' lang='lat' dir='ltr'>quidam</span> <span class='ocrx_word' id='word_1_269' title='bbox 1017 2670 1161 2697; x_wconf 70' lang='lat' dir='ltr'>vostrum</span> <span class='ocrx_word' id='word_1_270' title='bbox 1183 2678 1274 2708; x_wconf 85' lang='lat' dir='ltr'>prop-</span> 
     </span>
     <span class='ocr_line' id='line_1_38' title="bbox 292 2721 1273 2763; baseline 0.002 -11"><span class='ocrx_word' id='word_1_271' title='bbox 292 2735 304 2749; x_wconf 88' lang='lat'>«</span> <span class='ocrx_word' id='word_1_272' title='bbox 331 2724 380 2753; x_wconf 87' lang='lat' dir='ltr'>ter</span> <span class='ocrx_word' id='word_1_273' title='bbox 407 2721 549 2753; x_wconf 77' lang='lat' dir='ltr'>locorum</span> <span class='ocrx_word' id='word_1_274' title='bbox 571 2721 794 2754; x_wconf 79' lang='lat' dir='ltr'>diversitatem</span> <span class='ocrx_word' id='word_1_275' title='bbox 816 2724 849 2753; x_wconf 86' lang='lat' dir='ltr'>et</span> <span class='ocrx_word' id='word_1_276' title='bbox 872 2725 1052 2763; x_wconf 89' lang='lat' dir='ltr'>temporum</span> <span class='ocrx_word' id='word_1_277' title='bbox 1082 2724 1273 2754; x_wconf 81' lang='lat' dir='ltr'>varietatem</span> 
     </span>
     <span class='ocr_line' id='line_1_39' title="bbox 291 2778 1273 2821; baseline 0 -12"><span class='ocrx_word' id='word_1_278' title='bbox 291 2791 305 2805; x_wconf 82' lang='grc' dir='ltr'>ιι</span> <span class='ocrx_word' id='word_1_279' title='bbox 328 2788 465 2809; x_wconf 85' lang='lat' dir='ltr'>onerosa</span> <span class='ocrx_word' id='word_1_280' title='bbox 501 2779 579 2808; x_wconf 78' lang='lat' dir='ltr'>satis</span> <span class='ocrx_word' id='word_1_281' title='bbox 609 2780 641 2809; x_wconf 87' lang='lat' dir='ltr'>et</span> <span class='ocrx_word' id='word_1_282' title='bbox 671 2778 886 2820; x_wconf 81' lang='lat' dir='ltr'>importabilia</span> <span class='ocrx_word' id='word_1_283' title='bbox 923 2778 1133 2817; x_wconf 78' lang='lat' dir='ltr'>arbitrantur.</span> <span class='ocrx_word' id='word_1_284' title='bbox 1167 2780 1273 2821; x_wconf 87' lang='lat' dir='ltr'>provi-</span> 
     </span>
     <span class='ocr_line' id='line_1_40' title="bbox 291 2834 1274 2866; baseline 0.004 -4"><span class='ocrx_word' id='word_1_285' title='bbox 291 2848 304 2862; x_wconf 87' lang='lat'>«</span> <span class='ocrx_word' id='word_1_286' title='bbox 325 2834 439 2865; x_wconf 88' lang='lat' dir='ltr'>dentes</span> <span class='ocrx_word' id='word_1_287' title='bbox 459 2835 554 2865; x_wconf 81' lang='lat' dir='ltr'>etiam</span> <span class='ocrx_word' id='word_1_288' title='bbox 582 2844 655 2865; x_wconf 85' lang='lat' dir='ltr'>esse</span> <span class='ocrx_word' id='word_1_289' title='bbox 682 2835 849 2865; x_wconf 87' lang='lat' dir='ltr'>molestum</span> <span class='ocrx_word' id='word_1_290' title='bbox 872 2845 933 2866; x_wconf 93' lang='lat' dir='ltr'>non</span> <span class='ocrx_word' id='word_1_291' title='bbox 958 2835 1117 2865; x_wconf 83' lang='lat' dir='ltr'>modicum</span> <span class='ocrx_word' id='word_1_292' title='bbox 1139 2840 1171 2866; x_wconf 87' lang='lat' dir='ltr'>et</span> <span class='ocrx_word' id='word_1_293' title='bbox 1192 2835 1274 2866; x_wconf 86' lang='lat' dir='ltr'>indi-</span> 
     </span>
     <span class='ocr_line' id='line_1_41' title="bbox 292 2891 1275 2931; baseline 0.002 -11"><span class='ocrx_word' id='word_1_294' title='bbox 292 2905 304 2917; x_wconf 90' lang='grc' dir='ltr'>ιι</span> <span class='ocrx_word' id='word_1_295' title='bbox 331 2901 437 2931; x_wconf 72' lang='lat' dir='ltr'>gnum,</span> <span class='ocrx_word' id='word_1_296' title='bbox 457 2892 482 2921; x_wconf 81' lang='lat' dir='ltr'>si</span> <span class='ocrx_word' id='word_1_297' title='bbox 502 2901 542 2921; x_wconf 81' lang='lat' dir='ltr'>ex</span> <span class='ocrx_word' id='word_1_298' title='bbox 565 2891 734 2931; x_wconf 71' lang='lat' dir='ltr'>privilegio</span> <span class='ocrx_word' id='word_1_299' title='bbox 756 2894 933 2922; x_wconf 86' lang='lat' dir='ltr'>memorato</span> <span class='ocrx_word' id='word_1_300' title='bbox 951 2895 1062 2922; x_wconf 79' lang='lat' dir='ltr'>vestra</span> <span class='ocrx_word' id='word_1_301' title='bbox 1086 2892 1275 2923; x_wconf 68' lang='lat' dir='ltr'>turbaretur</span> 
     </span>
    </p>
   </div>
   <div class='ocr_carea' id='block_1_24' title="bbox 324 2970 574 2993">
    <p class='ocr_par' dir='ltr' id='par_1_24' title="bbox 324 2970 574 2993">
     <span class='ocr_line' id='line_1_42' title="bbox 324 2970 574 2993; baseline -0.004 0"><span class='ocrx_word' id='word_1_302' title='bbox 324 2972 342 2993; x_wconf 90' lang='lat' dir='ltr'>l.</span> <span class='ocrx_word' id='word_1_303' title='bbox 359 2970 402 2992; x_wconf 37' lang='lat' dir='ltr'>ills.</span> <span class='ocrx_word' id='word_1_304' title='bbox 418 2978 421 2991; x_wconf 79' lang='lat'>1</span> <span class='ocrx_word' id='word_1_305' title='bbox 436 2971 574 2993; x_wconf 72' lang='lat' dir='ltr'>Tcnorcm.</span> 
     </span>
    </p>
   </div>
   <div class='ocr_carea' id='block_1_25' title="bbox 1303 368 1305 1930">
    <p class='ocr_par' dir='ltr' id='par_1_25' title="bbox 1303 368 1305 1930">
     <span class='ocr_line' id='line_1_43' title="bbox 1303 368 1305 1930; baseline 0 0"><span class='ocrx_word' id='word_1_306' title='bbox 1303 368 1305 1930; x_wconf 95' lang='lat' dir='ltr'> </span> 
     </span>
    </p>
   </div>
   <div class='ocr_carea' id='block_1_26' title="bbox 301 2440 1301 2477">
    <p class='ocr_par' dir='ltr' id='par_1_26' title="bbox 301 2440 1301 2477">
     <span class='ocr_line' id='line_1_44' title="bbox 301 2440 1301 2477; baseline 0 -7"><span class='ocrx_word' id='word_1_307' title='bbox 301 2455 306 2465; x_wconf 93' lang='grc' dir='ltr'>ι</span> <span class='ocrx_word' id='word_1_308' title='bbox 331 2440 492 2471; x_wconf 73' lang='lat' dir='ltr'>sinceram</span> <span class='ocrx_word' id='word_1_309' title='bbox 514 2441 543 2470; x_wconf 94' lang='lat' dir='ltr'>in</span> <span class='ocrx_word' id='word_1_310' title='bbox 567 2441 700 2471; x_wconf 82' lang='lat' dir='ltr'>Domino</span> <span class='ocrx_word' id='word_1_311' title='bbox 718 2442 902 2472; x_wconf 85' lang='lat' dir='ltr'>caritatem.</span> <span class='ocrx_word' id='word_1_312' title='bbox 926 2442 1005 2477; x_wconf 81' lang='lat' dir='ltr'>Quia</span> <span class='ocrx_word' id='word_1_313' title='bbox 1022 2442 1204 2473; x_wconf 80' lang='lat' dir='ltr'>sollicitudo</span> <span class='ocrx_word' id='word_1_314' title='bbox 1224 2444 1273 2473; x_wconf 88' lang='lat' dir='ltr'>est</span> <span class='ocrx_word' id='word_1_315' title='bbox 1300 2462 1301 2470; x_wconf 62' lang='grc' dir='ltr'>ι</span> 
     </span>
    </p>
   </div>
   <div class='ocr_carea' id='block_1_27' title="bbox 1301 2238 1303 3007">
    <p class='ocr_par' dir='ltr' id='par_1_27' title="bbox 1301 2238 1303 3007">
     <span class='ocr_line' id='line_1_45' title="bbox 1301 2238 1303 3007; baseline 0 0"><span class='ocrx_word' id='word_1_316' title='bbox 1301 2238 1303 3007; x_wconf 95' lang='lat' dir='ltr'> </span> 
     </span>
    </p>
   </div>
   <div class='ocr_carea' id='block_1_28' title="bbox 1328 360 2315 402">
    <p class='ocr_par' dir='ltr' id='par_1_28' title="bbox 1328 360 2315 402">
     <span class='ocr_line' id='line_1_46' title="bbox 1328 360 2315 402; baseline 0.003 -11"><span class='ocrx_word' id='word_1_317' title='bbox 1328 375 1341 389; x_wconf 90' lang='grc' dir='ltr'>ιι</span> <span class='ocrx_word' id='word_1_318' title='bbox 1365 361 1486 402; x_wconf 84' lang='lat' dir='ltr'>opinio,</span> <span class='ocrx_word' id='word_1_319' title='bbox 1503 361 1597 402; x_wconf 90' lang='lat' dir='ltr'>quod,</span> <span class='ocrx_word' id='word_1_320' title='bbox 1626 361 1666 392; x_wconf 85' lang='lat' dir='ltr'>de</span> <span class='ocrx_word' id='word_1_321' title='bbox 1685 361 1823 401; x_wconf 76' lang='lat' dir='ltr'>singulis</span> <span class='ocrx_word' id='word_1_322' title='bbox 1850 360 1995 392; x_wconf 84' lang='lat' dir='ltr'>domibus</span> <span class='ocrx_word' id='word_1_323' title='bbox 2027 363 2154 401; x_wconf 76' lang='lat' dir='ltr'>vestris,</span> <span class='ocrx_word' id='word_1_324' title='bbox 2181 372 2315 402; x_wconf 88' lang='lat' dir='ltr'>quarum</span> 
     </span>
    </p>
   </div>
   <div class='ocr_carea' id='block_1_29' title="bbox 1299 416 2313 461">
    <p class='ocr_par' dir='ltr' id='par_1_29' title="bbox 1299 416 2313 461">
     <span class='ocr_line' id='line_1_47' title="bbox 1299 416 2313 461; baseline 0.003 -14"><span class='ocrx_word' id='word_1_325' title='bbox 1299 418 1301 461; x_wconf 46' lang='grc' dir='ltr'>ζ</span> <span class='ocrx_word' id='word_1_326' title='bbox 1329 430 1342 445; x_wconf 89' lang='grc' dir='ltr'>ιι</span> <span class='ocrx_word' id='word_1_327' title='bbox 1367 416 1503 458; x_wconf 79' lang='lat' dir='ltr'>quedam</span> <span class='ocrx_word' id='word_1_328' title='bbox 1526 416 1635 448; x_wconf 83' lang='lat' dir='ltr'>Sancti</span> <span class='ocrx_word' id='word_1_329' title='bbox 1656 417 1824 455; x_wconf 83' lang='lat' dir='ltr'>Willelmi,</span> <span class='ocrx_word' id='word_1_330' title='bbox 1847 417 1983 459; x_wconf 86' lang='lat' dir='ltr'>quedam</span> <span class='ocrx_word' id='word_1_331' title='bbox 2010 418 2120 450; x_wconf 85' lang='lat' dir='ltr'>Sancti</span> <span class='ocrx_word' id='word_1_332' title='bbox 2141 420 2313 461; x_wconf 83' lang='lat' dir='ltr'>Augustini</span> 
     </span>
    </p>
   </div>
   <div class='ocr_carea' id='block_1_30' title="bbox 1337 473 2318 741">
    <p class='ocr_par' dir='ltr' id='par_1_30' title="bbox 1337 473 2318 741">
     <span class='ocr_line' id='line_1_48' title="bbox 1368 473 2313 513; baseline 0.003 -9"><span class='ocrx_word' id='word_1_333' title='bbox 1368 473 1527 511; x_wconf 86' lang='lat' dir='ltr'>ordinum,</span> <span class='ocrx_word' id='word_1_334' title='bbox 1564 474 1715 505; x_wconf 84' lang='lat' dir='ltr'>nonnulle</span> <span class='ocrx_word' id='word_1_335' title='bbox 1752 476 1859 505; x_wconf 87' lang='lat' dir='ltr'>autem</span> <span class='ocrx_word' id='word_1_336' title='bbox 1886 474 2000 505; x_wconf 86' lang='lat' dir='ltr'>fratris</span> <span class='ocrx_word' id='word_1_337' title='bbox 2031 475 2188 506; x_wconf 82' lang='lat' dir='ltr'>Johannis</span> <span class='ocrx_word' id='word_1_338' title='bbox 2221 476 2313 513; x_wconf 84' lang='lat' dir='ltr'>Boni,</span> 
     </span>
     <span class='ocr_line' id='line_1_49' title="bbox 1337 530 2315 570; baseline 0.006 -13"><span class='ocrx_word' id='word_1_339' title='bbox 1337 547 1342 557; x_wconf 82' lang='grc' dir='ltr'>ι</span> <span class='ocrx_word' id='word_1_340' title='bbox 1364 531 1469 570; x_wconf 80' lang='lat' dir='ltr'>alique</span> <span class='ocrx_word' id='word_1_341' title='bbox 1490 540 1568 561; x_wconf 89' lang='lat' dir='ltr'>vero</span> <span class='ocrx_word' id='word_1_342' title='bbox 1592 530 1630 561; x_wconf 90' lang='lat' dir='ltr'>de</span> <span class='ocrx_word' id='word_1_343' title='bbox 1655 530 1778 567; x_wconf 82' lang='lat' dir='ltr'>Fabali,</span> <span class='ocrx_word' id='word_1_344' title='bbox 1797 530 1859 561; x_wconf 90' lang='lat' dir='ltr'>alie</span> <span class='ocrx_word' id='word_1_345' title='bbox 1878 540 1956 561; x_wconf 81' lang='lat' dir='ltr'>vero</span> <span class='ocrx_word' id='word_1_346' title='bbox 1976 531 2015 562; x_wconf 87' lang='lat' dir='ltr'>de</span> <span class='ocrx_word' id='word_1_347' title='bbox 2034 532 2182 563; x_wconf 85' lang='lat' dir='ltr'>Brittinis</span> <span class='ocrx_word' id='word_1_348' title='bbox 2201 542 2315 564; x_wconf 84' lang='lat' dir='ltr'>cense-</span> 
     </span>
     <span class='ocr_line' id='line_1_50' title="bbox 1371 586 2314 629; baseline 0.004 -13"><span class='ocrx_word' id='word_1_349' title='bbox 1371 587 1500 621; x_wconf 80' lang='lat' dir='ltr'>bantur,</span> <span class='ocrx_word' id='word_1_350' title='bbox 1527 586 1650 617; x_wconf 88' lang='lat' dir='ltr'>duobus</span> <span class='ocrx_word' id='word_1_351' title='bbox 1679 587 1833 617; x_wconf 78' lang='lat' dir='ltr'>tratribus</span> <span class='ocrx_word' id='word_1_352' title='bbox 1860 587 1898 618; x_wconf 84' lang='lat' dir='ltr'>ad</span> <span class='ocrx_word' id='word_1_353' title='bbox 1924 587 2154 619; x_wconf 83' lang='lat' dir='ltr'>celebrandum</span> <span class='ocrx_word' id='word_1_354' title='bbox 2176 589 2314 629; x_wconf 83' lang='lat' dir='ltr'>jamdic-</span> 
     </span>
     <span class='ocr_line' id='line_1_51' title="bbox 1369 643 2315 685; baseline 0.003 -12"><span class='ocrx_word' id='word_1_355' title='bbox 1369 648 1433 673; x_wconf 89' lang='lat' dir='ltr'>tum</span> <span class='ocrx_word' id='word_1_356' title='bbox 1457 643 1632 684; x_wconf 85' lang='lat' dir='ltr'>capitulum</span> <span class='ocrx_word' id='word_1_357' title='bbox 1654 643 1873 682; x_wconf 79' lang='lat' dir='ltr'>venientibus,</span> <span class='ocrx_word' id='word_1_358' title='bbox 1902 654 1959 685; x_wconf 87' lang='lat' dir='ltr'>pro</span> <span class='ocrx_word' id='word_1_359' title='bbox 1985 644 2116 684; x_wconf 85' lang='lat' dir='ltr'>negotio</span> <span class='ocrx_word' id='word_1_360' title='bbox 2138 645 2263 676; x_wconf 87' lang='lat' dir='ltr'>unionis</span> <span class='ocrx_word' id='word_1_361' title='bbox 2283 649 2315 676; x_wconf 89' lang='lat' dir='ltr'>et</span> 
     </span>
     <span class='ocr_line' id='line_1_52' title="bbox 1371 699 2318 741; baseline 0.002 -10"><span class='ocrx_word' id='word_1_362' title='bbox 1371 700 1543 731; x_wconf 78' lang='lat' dir='ltr'>caritativa</span> <span class='ocrx_word' id='word_1_363' title='bbox 1580 699 1763 738; x_wconf 83' lang='lat' dir='ltr'>concordia,</span> <span class='ocrx_word' id='word_1_364' title='bbox 1800 701 1961 741; x_wconf 76' lang='lat' dir='ltr'>provisum</span> <span class='ocrx_word' id='word_1_365' title='bbox 1996 701 2107 732; x_wconf 82' lang='lat' dir='ltr'>extitit</span> <span class='ocrx_word' id='word_1_366' title='bbox 2142 701 2318 734; x_wconf 86' lang='lat' dir='ltr'>salubriter</span> 
     </span>
    </p>
   </div>
   <div class='ocr_carea' id='block_1_31' title="bbox 1330 813 2317 857">
    <p class='ocr_par' dir='ltr' id='par_1_31' title="bbox 1301 811 2317 857">
     <span class='ocr_line' id='line_1_53' title="bbox 1330 813 2317 857; baseline 0.005 -15.857"><span class='ocrx_word' id='word_1_367' title='bbox 1330 828 1342 841; x_wconf 85' lang='grc' dir='ltr'>ιι</span> <span class='ocrx_word' id='word_1_368' title='bbox 1369 818 1464 845; x_wconf 87' lang='lat' dir='ltr'>tanee</span> <span class='ocrx_word' id='word_1_369' title='bbox 1482 813 1683 855; x_wconf 76' lang='lat' dir='ltr'>paupertatis</span> <span class='ocrx_word' id='word_1_370' title='bbox 1701 813 1742 843; x_wconf 84' lang='lat' dir='ltr'>sit</span> <span class='ocrx_word' id='word_1_371' title='bbox 1762 814 2001 854; x_wconf 86' lang='lat' dir='ltr'>possessionum</span> <span class='ocrx_word' id='word_1_372' title='bbox 2023 815 2229 846; x_wconf 85' lang='lat' dir='ltr'>terrestrium</span> <span class='ocrx_word' id='word_1_373' title='bbox 2246 824 2317 857; x_wconf 87' lang='lat' dir='ltr'>pos·</span> 
     </span>
    </p>
   </div>
   <div class='ocr_carea' id='block_1_32' title="bbox 1330 870 2322 1760">
    <p class='ocr_par' dir='ltr' id='par_1_32' title="bbox 1330 870 2322 1760">
     <span class='ocr_line' id='line_1_54' title="bbox 1330 870 2317 911; baseline 0.005 -13"><span class='ocrx_word' id='word_1_374' title='bbox 1330 884 1344 898; x_wconf 88' lang='lat'>«</span> <span class='ocrx_word' id='word_1_375' title='bbox 1363 871 1466 901; x_wconf 79' lang='lat' dir='ltr'>sessio</span> <span class='ocrx_word' id='word_1_376' title='bbox 1482 870 1643 907; x_wconf 83' lang='lat' dir='ltr'>abdicata,</span> <span class='ocrx_word' id='word_1_377' title='bbox 1663 871 1735 911; x_wconf 88' lang='lat' dir='ltr'>quia</span> <span class='ocrx_word' id='word_1_378' title='bbox 1750 880 1806 911; x_wconf 91' lang='lat' dir='ltr'>pro</span> <span class='ocrx_word' id='word_1_379' title='bbox 1819 880 1867 907; x_wconf 76' lang='lat' dir='ltr'>eo,</span> <span class='ocrx_word' id='word_1_380' title='bbox 1891 870 1972 910; x_wconf 87' lang='lat' dir='ltr'>quod</span> <span class='ocrx_word' id='word_1_381' title='bbox 1993 870 2130 910; x_wconf 75' lang='lat' dir='ltr'>quedam</span> <span class='ocrx_word' id='word_1_382' title='bbox 2151 870 2264 902; x_wconf 90' lang='lat' dir='ltr'>domus</span> <span class='ocrx_word' id='word_1_383' title='bbox 2284 874 2317 903; x_wconf 84' lang='lat' dir='ltr'>et</span> 
     </span>
     <span class='ocr_line' id='line_1_55' title="bbox 1330 925 2317 968; baseline 0.004 -13"><span class='ocrx_word' id='word_1_384' title='bbox 1330 940 1345 955; x_wconf 90' lang='grc' dir='ltr'>ιι</span> <span class='ocrx_word' id='word_1_385' title='bbox 1360 927 1466 967; x_wconf 85' lang='lat' dir='ltr'>aliqua</span> <span class='ocrx_word' id='word_1_386' title='bbox 1487 927 1557 958; x_wconf 88' lang='lat' dir='ltr'>loca</span> <span class='ocrx_word' id='word_1_387' title='bbox 1573 929 1682 957; x_wconf 79' lang='lat' dir='ltr'>vestra</span> <span class='ocrx_word' id='word_1_388' title='bbox 1697 937 1714 957; x_wconf 83' lang='lat' dir='ltr'>a</span> <span class='ocrx_word' id='word_1_389' title='bbox 1728 925 1914 968; x_wconf 81' lang='lat' dir='ltr'>populorum</span> <span class='ocrx_word' id='word_1_390' title='bbox 1932 927 2127 967; x_wconf 72' lang='lat' dir='ltr'>frequentia.</span> <span class='ocrx_word' id='word_1_391' title='bbox 2137 930 2172 959; x_wconf 88' lang='lat' dir='ltr'>et</span> <span class='ocrx_word' id='word_1_392' title='bbox 2185 927 2317 959; x_wconf 85' lang='lat' dir='ltr'>cohabi-</span> 
     </span>
     <span class='ocr_line' id='line_1_56' title="bbox 1331 983 2318 1024; baseline 0.003 -12"><span class='ocrx_word' id='word_1_393' title='bbox 1331 997 1345 1010; x_wconf 96' lang='grc' dir='ltr'>ιι</span> <span class='ocrx_word' id='word_1_394' title='bbox 1366 983 1451 1014; x_wconf 83' lang='lat' dir='ltr'>tione</span> <span class='ocrx_word' id='word_1_395' title='bbox 1464 983 1625 1014; x_wconf 87' lang='lat' dir='ltr'>hominum</span> <span class='ocrx_word' id='word_1_396' title='bbox 1643 984 1864 1020; x_wconf 82' lang='lat' dir='ltr'>suntreinota,</span> <span class='ocrx_word' id='word_1_397' title='bbox 1879 993 1937 1014; x_wconf 85' lang='lat' dir='ltr'>nec</span> <span class='ocrx_word' id='word_1_398' title='bbox 1953 987 2088 1024; x_wconf 84' lang='lat' dir='ltr'>possent</span> <span class='ocrx_word' id='word_1_399' title='bbox 2099 983 2318 1015; x_wconf 81' lang='lat' dir='ltr'>existentibus</span> 
     </span>
     <span class='ocr_line' id='line_1_57' title="bbox 1331 1038 2317 1078; baseline 0.003 -9"><span class='ocrx_word' id='word_1_400' title='bbox 1331 1054 1344 1067; x_wconf 89' lang='grc' dir='ltr'>ιι</span> <span class='ocrx_word' id='word_1_401' title='bbox 1368 1039 1398 1069; x_wconf 92' lang='lat' dir='ltr'>in</span> <span class='ocrx_word' id='word_1_402' title='bbox 1417 1038 1537 1070; x_wconf 88' lang='lat' dir='ltr'>eisdem</span> <span class='ocrx_word' id='word_1_403' title='bbox 1564 1040 1671 1070; x_wconf 81' lang='lat' dir='ltr'>victus</span> <span class='ocrx_word' id='word_1_404' title='bbox 1701 1040 1842 1070; x_wconf 86' lang='lat' dir='ltr'>continui</span> <span class='ocrx_word' id='word_1_405' title='bbox 1870 1039 2037 1070; x_wconf 84' lang='lat' dir='ltr'>commode</span> <span class='ocrx_word' id='word_1_406' title='bbox 2069 1040 2258 1078; x_wconf 86' lang='lat' dir='ltr'>ministrari,</span> <span class='ocrx_word' id='word_1_407' title='bbox 2285 1044 2317 1072; x_wconf 89' lang='lat' dir='ltr'>et</span> 
     </span>
     <span class='ocr_line' id='line_1_58' title="bbox 1331 1092 2315 1135; baseline 0.003 -10"><span class='ocrx_word' id='word_1_408' title='bbox 1331 1110 1344 1122; x_wconf 90' lang='grc' dir='ltr'>ιι</span> <span class='ocrx_word' id='word_1_409' title='bbox 1365 1096 1411 1126; x_wconf 88' lang='lat' dir='ltr'>sic</span> <span class='ocrx_word' id='word_1_410' title='bbox 1440 1105 1587 1135; x_wconf 76' lang='lat' dir='ltr'>magnam</span> <span class='ocrx_word' id='word_1_411' title='bbox 1611 1099 1643 1126; x_wconf 92' lang='lat' dir='ltr'>et</span> <span class='ocrx_word' id='word_1_412' title='bbox 1671 1095 1808 1135; x_wconf 78' lang='lat' dir='ltr'>quodam</span> <span class='ocrx_word' id='word_1_413' title='bbox 1835 1096 1927 1126; x_wconf 90' lang='lat' dir='ltr'>modo</span> <span class='ocrx_word' id='word_1_414' title='bbox 1947 1092 2184 1128; x_wconf 83' lang='lat' dir='ltr'>intolerabilem</span> <span class='ocrx_word' id='word_1_415' title='bbox 2209 1106 2315 1128; x_wconf 88' lang='lat' dir='ltr'>rerum</span> 
     </span>
     <span class='ocr_line' id='line_1_59' title="bbox 1331 1151 2317 1193; baseline 0.003 -12"><span class='ocrx_word' id='word_1_416' title='bbox 1331 1167 1345 1181; x_wconf 89' lang='grc' dir='ltr'>ιι</span> <span class='ocrx_word' id='word_1_417' title='bbox 1375 1151 1597 1193; x_wconf 80' lang='lat' dir='ltr'>temporalium</span> <span class='ocrx_word' id='word_1_418' title='bbox 1611 1152 1777 1192; x_wconf 83' lang='lat' dir='ltr'>penuriam</span> <span class='ocrx_word' id='word_1_419' title='bbox 1800 1156 2004 1192; x_wconf 79' lang='lat' dir='ltr'>paterentur.</span> <span class='ocrx_word' id='word_1_420' title='bbox 2032 1153 2056 1183; x_wconf 84' lang='lat' dir='ltr'>si</span> <span class='ocrx_word' id='word_1_421' title='bbox 2084 1152 2123 1184; x_wconf 88' lang='lat' dir='ltr'>de</span> <span class='ocrx_word' id='word_1_422' title='bbox 2149 1153 2317 1184; x_wconf 86' lang='lat' dir='ltr'>terrestri-</span> 
     </span>
     <span class='ocr_line' id='line_1_60' title="bbox 1331 1208 2317 1250; baseline 0.004 -13"><span class='ocrx_word' id='word_1_423' title='bbox 1331 1222 1344 1237; x_wconf 91' lang='grc' dir='ltr'>ιι</span> <span class='ocrx_word' id='word_1_424' title='bbox 1375 1208 1432 1240; x_wconf 84' lang='lat' dir='ltr'>bus</span> <span class='ocrx_word' id='word_1_425' title='bbox 1463 1208 1722 1250; x_wconf 83' lang='lat' dir='ltr'>possessionibus</span> <span class='ocrx_word' id='word_1_426' title='bbox 1742 1214 1774 1239; x_wconf 87' lang='lat' dir='ltr'>et</span> <span class='ocrx_word' id='word_1_427' title='bbox 1798 1209 1864 1239; x_wconf 82' lang='lat' dir='ltr'>suis</span> <span class='ocrx_word' id='word_1_428' title='bbox 1885 1209 2020 1240; x_wconf 85' lang='lat' dir='ltr'>culturis</span> <span class='ocrx_word' id='word_1_429' title='bbox 2042 1210 2166 1241; x_wconf 79' lang='lat' dir='ltr'>tructus</span> <span class='ocrx_word' id='word_1_430' title='bbox 2194 1210 2317 1250; x_wconf 82' lang='lat' dir='ltr'>aliquos</span> 
     </span>
     <span class='ocr_line' id='line_1_61' title="bbox 1331 1250 2318 1307; baseline 0.004 -13"><span class='ocrx_word' id='word_1_431' title='bbox 1331 1280 1345 1294; x_wconf 87' lang='lat'>«</span> <span class='ocrx_word' id='word_1_432' title='bbox 1371 1276 1433 1297; x_wconf 85' lang='lat' dir='ltr'>non</span> <span class='ocrx_word' id='word_1_433' title='bbox 1455 1264 1627 1303; x_wconf 76' lang='lat' dir='ltr'>haberent,</span> <span class='ocrx_word' id='word_1_434' title='bbox 1643 1270 1675 1296; x_wconf 91' lang='lat' dir='ltr'>ut</span> <span class='ocrx_word' id='word_1_435' title='bbox 1700 1265 1935 1297; x_wconf 84' lang='lat' dir='ltr'>abdicationem</span> <span class='ocrx_word' id='word_1_436' title='bbox 1958 1250 2199 1307; x_wconf 67' lang='lat' dir='ltr'>possessionum</span> <span class='ocrx_word' id='word_1_437' title='bbox 2215 1265 2318 1298; x_wconf 78' lang='lat' dir='ltr'>affee—</span> 
     </span>
     <span class='ocr_line' id='line_1_62' title="bbox 1331 1321 2318 1364; baseline 0.003 -13"><span class='ocrx_word' id='word_1_438' title='bbox 1331 1338 1346 1351; x_wconf 91' lang='grc' dir='ltr'>ιι</span> <span class='ocrx_word' id='word_1_439' title='bbox 1370 1321 1526 1359; x_wconf 69' lang='lat' dir='ltr'>mutibus,</span> <span class='ocrx_word' id='word_1_440' title='bbox 1547 1332 1680 1363; x_wconf 85' lang='lat' dir='ltr'>quorum</span> <span class='ocrx_word' id='word_1_441' title='bbox 1701 1322 1881 1363; x_wconf 80' lang='lat' dir='ltr'>indigentia</span> <span class='ocrx_word' id='word_1_442' title='bbox 1902 1332 1944 1353; x_wconf 80' lang='lat' dir='ltr'>ex</span> <span class='ocrx_word' id='word_1_443' title='bbox 1964 1322 2015 1364; x_wconf 88' lang='lat' dir='ltr'>pia</span> <span class='ocrx_word' id='word_1_444' title='bbox 2035 1322 2219 1363; x_wconf 86' lang='lat' dir='ltr'>provisione</span> <span class='ocrx_word' id='word_1_445' title='bbox 2239 1321 2318 1354; x_wconf 84' lang='lat' dir='ltr'>fide-</span> 
     </span>
     <span class='ocr_line' id='line_1_63' title="bbox 1331 1379 2319 1419; baseline 0.003 -12"><span class='ocrx_word' id='word_1_446' title='bbox 1331 1394 1343 1407; x_wconf 95' lang='grc' dir='ltr'>ιι</span> <span class='ocrx_word' id='word_1_447' title='bbox 1366 1379 1444 1410; x_wconf 90' lang='lat' dir='ltr'>lium</span> <span class='ocrx_word' id='word_1_448' title='bbox 1466 1379 1646 1417; x_wconf 85' lang='lat' dir='ltr'>relevatur,</span> <span class='ocrx_word' id='word_1_449' title='bbox 1668 1387 1700 1409; x_wconf 83' lang='lat' dir='ltr'>et</span> <span class='ocrx_word' id='word_1_450' title='bbox 1727 1379 1951 1419; x_wconf 83' lang='lat' dir='ltr'>possessiones</span> <span class='ocrx_word' id='word_1_451' title='bbox 1977 1380 2154 1410; x_wconf 80' lang='lat' dir='ltr'>terrestres</span> <span class='ocrx_word' id='word_1_452' title='bbox 2174 1379 2319 1410; x_wconf 86' lang='lat' dir='ltr'>retinere</span> 
     </span>
     <span class='ocr_line' id='line_1_64' title="bbox 1331 1435 2318 1478; baseline 0.001 -12"><span class='ocrx_word' id='word_1_453' title='bbox 1331 1450 1345 1463; x_wconf 88' lang='grc' dir='ltr'>ιι</span> <span class='ocrx_word' id='word_1_454' title='bbox 1376 1435 1556 1467; x_wconf 86' lang='lat' dir='ltr'>volentibus</span> <span class='ocrx_word' id='word_1_455' title='bbox 1571 1435 1722 1473; x_wconf 76' lang='lat' dir='ltr'>satisfiat,</span> <span class='ocrx_word' id='word_1_456' title='bbox 1742 1440 1774 1467; x_wconf 90' lang='lat' dir='ltr'>et</span> <span class='ocrx_word' id='word_1_457' title='bbox 1790 1446 1847 1477; x_wconf 85' lang='lat' dir='ltr'>per</span> <span class='ocrx_word' id='word_1_458' title='bbox 1860 1436 2036 1467; x_wconf 76' lang='lat' dir='ltr'>clausulam</span> <span class='ocrx_word' id='word_1_459' title='bbox 2051 1435 2134 1467; x_wconf 90' lang='lat' dir='ltr'>illius</span> <span class='ocrx_word' id='word_1_460' title='bbox 2145 1436 2318 1478; x_wconf 82' lang='lat' dir='ltr'>privilegii,</span> 
     </span>
     <span class='ocr_line' id='line_1_65' title="bbox 1331 1492 2319 1533; baseline 0.001 -10"><span class='ocrx_word' id='word_1_461' title='bbox 1331 1506 1343 1520; x_wconf 92' lang='grc' dir='ltr'>ιι</span> <span class='ocrx_word' id='word_1_462' title='bbox 1362 1503 1422 1533; x_wconf 87' lang='lat' dir='ltr'>que</span> <span class='ocrx_word' id='word_1_463' title='bbox 1457 1492 1530 1523; x_wconf 85' lang='lat' dir='ltr'>talis</span> <span class='ocrx_word' id='word_1_464' title='bbox 1555 1494 1618 1529; x_wconf 76' lang='lat' dir='ltr'>est,</span> <span class='ocrx_word' id='word_1_465' title='bbox 1637 1503 1773 1532; x_wconf 82' lang='lat' dir='ltr'>cumque</span> <span class='ocrx_word' id='word_1_466' title='bbox 1793 1493 1917 1523; x_wconf 73' lang='lat' dir='ltr'>fratres</span> <span class='ocrx_word' id='word_1_467' title='bbox 1939 1492 2122 1533; x_wconf 79' lang='lat' dir='ltr'>hujusmodi</span> <span class='ocrx_word' id='word_1_468' title='bbox 2143 1492 2184 1524; x_wconf 90' lang='lat' dir='ltr'>ad</span> <span class='ocrx_word' id='word_1_469' title='bbox 2205 1492 2319 1524; x_wconf 82' lang='lat' dir='ltr'>Sedem</span> 
     </span>
     <span class='ocr_line' id='line_1_66' title="bbox 1331 1548 2321 1590; baseline 0 -10"><span class='ocrx_word' id='word_1_470' title='bbox 1331 1562 1345 1577; x_wconf 88' lang='grc' dir='ltr'>ιι</span> <span class='ocrx_word' id='word_1_471' title='bbox 1371 1549 1591 1590; x_wconf 81' lang='lat' dir='ltr'>Apostolicam</span> <span class='ocrx_word' id='word_1_472' title='bbox 1611 1549 1843 1580; x_wconf 81' lang='lat' dir='ltr'>accessissent.</span> <span class='ocrx_word' id='word_1_473' title='bbox 1860 1559 1968 1580; x_wconf 81' lang='lat' dir='ltr'>coram</span> <span class='ocrx_word' id='word_1_474' title='bbox 1985 1548 2106 1580; x_wconf 87' lang='lat' dir='ltr'>dilecto</span> <span class='ocrx_word' id='word_1_475' title='bbox 2126 1548 2190 1580; x_wconf 90' lang='lat' dir='ltr'>filio</span> <span class='ocrx_word' id='word_1_476' title='bbox 2210 1551 2321 1580; x_wconf 86' lang='lat' dir='ltr'>nostro</span> 
     </span>
     <span class='ocr_line' id='line_1_67' title="bbox 1331 1605 2320 1647; baseline 0.003 -14"><span class='ocrx_word' id='word_1_477' title='bbox 1331 1620 1345 1633; x_wconf 93' lang='grc' dir='ltr'>ιι</span> <span class='ocrx_word' id='word_1_478' title='bbox 1372 1606 1409 1636; x_wconf 67' lang='grc' dir='ltr'>Η,</span> <span class='ocrx_word' id='word_1_479' title='bbox 1435 1606 1544 1636; x_wconf 60' lang='lat' dir='ltr'>Sancti</span> <span class='ocrx_word' id='word_1_480' title='bbox 1576 1605 1693 1646; x_wconf 85' lang='lat' dir='ltr'>Angeli</span> <span class='ocrx_word' id='word_1_481' title='bbox 1713 1605 1848 1636; x_wconf 88' lang='lat' dir='ltr'>diacono</span> <span class='ocrx_word' id='word_1_482' title='bbox 1868 1605 2037 1643; x_wconf 82' lang='lat' dir='ltr'>cardinali,</span> <span class='ocrx_word' id='word_1_483' title='bbox 2065 1615 2159 1646; x_wconf 89' lang='lat' dir='ltr'>quem</span> <span class='ocrx_word' id='word_1_484' title='bbox 2188 1605 2320 1647; x_wconf 81' lang='lat' dir='ltr'>negotio</span> 
     </span>
     <span class='ocr_line' id='line_1_68' title="bbox 1332 1661 2322 1703; baseline 0.002 -12"><span class='ocrx_word' id='word_1_485' title='bbox 1332 1676 1346 1690; x_wconf 92' lang='grc' dir='ltr'>ιι</span> <span class='ocrx_word' id='word_1_486' title='bbox 1369 1663 1496 1693; x_wconf 85' lang='lat' dir='ltr'>unionis</span> <span class='ocrx_word' id='word_1_487' title='bbox 1517 1664 1631 1693; x_wconf 79' lang='lat' dir='ltr'>vestre</span> <span class='ocrx_word' id='word_1_488' title='bbox 1649 1662 1874 1703; x_wconf 77' lang='lat' dir='ltr'>deputavimus</span> <span class='ocrx_word' id='word_1_489' title='bbox 1892 1662 1963 1693; x_wconf 82' lang='lat' dir='ltr'>vice</span> <span class='ocrx_word' id='word_1_490' title='bbox 1984 1666 2107 1700; x_wconf 78' lang='lat' dir='ltr'>nostra,</span> <span class='ocrx_word' id='word_1_491' title='bbox 2126 1661 2322 1693; x_wconf 84' lang='lat' dir='ltr'>sufficientia</span> 
     </span>
     <span class='ocr_line' id='line_1_69' title="bbox 1330 1718 2320 1760; baseline 0 -11"><span class='ocrx_word' id='word_1_492' title='bbox 1330 1732 1344 1746; x_wconf 90' lang='grc' dir='ltr'>ιι</span> <span class='ocrx_word' id='word_1_493' title='bbox 1363 1719 1404 1750; x_wconf 89' lang='lat' dir='ltr'>ad</span> <span class='ocrx_word' id='word_1_494' title='bbox 1425 1719 1454 1750; x_wconf 92' lang='lat' dir='ltr'>id</span> <span class='ocrx_word' id='word_1_495' title='bbox 1482 1719 1661 1750; x_wconf 84' lang='lat' dir='ltr'>exhibuere</span> <span class='ocrx_word' id='word_1_496' title='bbox 1689 1719 1854 1756; x_wconf 77' lang='lat' dir='ltr'>mandata,</span> <span class='ocrx_word' id='word_1_497' title='bbox 1887 1720 1919 1750; x_wconf 88' lang='lat' dir='ltr'>et</span> <span class='ocrx_word' id='word_1_498' title='bbox 1940 1719 1970 1749; x_wconf 90' lang='lat' dir='ltr'>in</span> <span class='ocrx_word' id='word_1_499' title='bbox 1993 1719 2138 1760; x_wconf 83' lang='lat' dir='ltr'>generali</span> <span class='ocrx_word' id='word_1_500' title='bbox 2177 1718 2320 1760; x_wconf 84' lang='lat' dir='ltr'>capitulo</span> 
     </span>
    </p>
   </div>
   <div class='ocr_carea' id='block_1_33' title="bbox 287 1889 2314 1960">
    <p class='ocr_par' dir='ltr' id='par_1_33' title="bbox 287 1889 2314 1960">
     <span class='ocr_line' id='line_1_70' title="bbox 403 1889 2314 1931; baseline -0.001 -11"><span class='ocrx_word' id='word_1_501' title='bbox 403 1919 407 1924; x_wconf 88' lang='grc'><strong>,</strong></span> <span class='ocrx_word' id='word_1_502' title='bbox 437 1920 442 1924; x_wconf 86' lang='grc'><strong>,</strong></span> <span class='ocrx_word' id='word_1_503' title='bbox 650 1920 654 1924; x_wconf 84' lang='grc'>,</span> <span class='ocrx_word' id='word_1_504' title='bbox 720 1930 724 1931; x_wconf 23' lang='lat'><em>⁷</em></span> <span class='ocrx_word' id='word_1_505' title='bbox 784 1920 808 1929; x_wconf 46' lang='grc' dir='ltr'>Η</span> <span class='ocrx_word' id='word_1_506' title='bbox 1106 1919 1110 1924; x_wconf 89' lang='grc'><strong><em>,</em></strong></span> <span class='ocrx_word' id='word_1_507' title='bbox 1300 1904 1301 1910; x_wconf 50' lang='grc' dir='ltr'>ι</span> <span class='ocrx_word' id='word_1_508' title='bbox 1328 1902 1341 1915; x_wconf 84' lang='grc' dir='ltr'>ιι</span> <span class='ocrx_word' id='word_1_509' title='bbox 1364 1889 1495 1930; x_wconf 87' lang='lat' dir='ltr'>capituli</span> <span class='ocrx_word' id='word_1_510' title='bbox 1516 1890 1587 1931; x_wconf 84' lang='lat' dir='ltr'>ejus</span> <span class='ocrx_word' id='word_1_511' title='bbox 1603 1900 1751 1926; x_wconf 86' lang='lat' dir='ltr'>assensu,</span> <span class='ocrx_word' id='word_1_512' title='bbox 1768 1899 1825 1920; x_wconf 80' lang='lat' dir='ltr'>vos</span> <span class='ocrx_word' id='word_1_513' title='bbox 1843 1893 1876 1920; x_wconf 89' lang='lat' dir='ltr'>et</span> <span class='ocrx_word' id='word_1_514' title='bbox 1896 1889 2007 1920; x_wconf 90' lang='lat' dir='ltr'>domos</span> <span class='ocrx_word' id='word_1_515' title='bbox 2022 1890 2152 1920; x_wconf 83' lang='lat' dir='ltr'>vestras</span> <span class='ocrx_word' id='word_1_516' title='bbox 2167 1889 2199 1920; x_wconf 87' lang='lat' dir='ltr'>in</span> <span class='ocrx_word' id='word_1_517' title='bbox 2220 1898 2314 1920; x_wconf 88' lang='lat' dir='ltr'>unam</span> 
     </span>
     <span class='ocr_line' id='line_1_71' title="bbox 287 1919 1301 1960; baseline 0 -11"><span class='ocrx_word' id='word_1_518' title='bbox 287 1921 464 1960; x_wconf 66' lang='lat' dir='ltr'>patrocinio</span> <span class='ocrx_word' id='word_1_519' title='bbox 497 1929 741 1951; x_wconf 83' lang='lat' dir='ltr'>communimus.</span> <span class='ocrx_word' id='word_1_520' title='bbox 792 1919 905 1949; x_wconf 81' lang='lat' dir='ltr'>lenor&#39;</span> <span class='ocrx_word' id='word_1_521' title='bbox 945 1921 1051 1949; x_wconf 85' lang='lat' dir='ltr'>autem</span> <span class='ocrx_word' id='word_1_522' title='bbox 1091 1919 1273 1950; x_wconf 81' lang='lat' dir='ltr'>litterarum</span> <span class='ocrx_word' id='word_1_523' title='bbox 1300 1943 1301 1948; x_wconf 66' lang='grc'>,</span> 
     </span>
    </p>
   </div>
   <div class='ocr_carea' id='block_1_34' title="bbox 1328 1945 2315 2101">
    <p class='ocr_par' dir='ltr' id='par_1_34' title="bbox 1328 1945 2315 2101">
     <span class='ocr_line' id='line_1_72' title="bbox 1328 1945 2315 1978; baseline 0.001 -3"><span class='ocrx_word' id='word_1_524' title='bbox 1328 1962 1342 1975; x_wconf 89' lang='grc' dir='ltr'>ιι</span> <span class='ocrx_word' id='word_1_525' title='bbox 1366 1946 1487 1977; x_wconf 89' lang='lat' dir='ltr'>ordinis</span> <span class='ocrx_word' id='word_1_526' title='bbox 1507 1946 1750 1978; x_wconf 81' lang='lat' dir='ltr'>observantiam</span> <span class='ocrx_word' id='word_1_527' title='bbox 1771 1950 1803 1977; x_wconf 91' lang='lat' dir='ltr'>et</span> <span class='ocrx_word' id='word_1_528' title='bbox 1827 1946 1957 1977; x_wconf 85' lang='lat' dir='ltr'>vivendi</span> <span class='ocrx_word' id='word_1_529' title='bbox 1987 1945 2157 1977; x_wconf 84' lang='lat' dir='ltr'>formulam</span> <span class='ocrx_word' id='word_1_530' title='bbox 2192 1945 2315 1976; x_wconf 85' lang='lat' dir='ltr'>unifor—</span> 
     </span>
     <span class='ocr_line' id='line_1_73' title="bbox 1328 2002 2315 2044; baseline -0.002 -10"><span class='ocrx_word' id='word_1_531' title='bbox 1328 2018 1343 2031; x_wconf 79' lang='grc' dir='ltr'>ιι</span> <span class='ocrx_word' id='word_1_532' title='bbox 1365 2013 1447 2034; x_wconf 88' lang='lat' dir='ltr'>mem</span> <span class='ocrx_word' id='word_1_533' title='bbox 1470 2002 1587 2043; x_wconf 78' lang='lat' dir='ltr'>redigi,</span> <span class='ocrx_word' id='word_1_534' title='bbox 1610 2013 1768 2044; x_wconf 89' lang='lat' dir='ltr'>unumque</span> <span class='ocrx_word' id='word_1_535' title='bbox 1788 2013 1828 2034; x_wconf 79' lang='lat' dir='ltr'>ex</span> <span class='ocrx_word' id='word_1_536' title='bbox 1861 2003 1907 2034; x_wconf 85' lang='lat' dir='ltr'>eis</span> <span class='ocrx_word' id='word_1_537' title='bbox 1939 2002 2023 2033; x_wconf 88' lang='lat' dir='ltr'>ovile</span> <span class='ocrx_word' id='word_1_538' title='bbox 2049 2002 2129 2041; x_wconf 81' lang='lat' dir='ltr'>lieri,</span> <span class='ocrx_word' id='word_1_539' title='bbox 2150 2002 2315 2044; x_wconf 87' lang='lat' dir='ltr'>generalis</span> 
     </span>
     <span class='ocr_line' id='line_1_74' title="bbox 1328 2058 2315 2101; baseline 0.002 -13"><span class='ocrx_word' id='word_1_540' title='bbox 1328 2075 1342 2088; x_wconf 91' lang='grc' dir='ltr'>ιι</span> <span class='ocrx_word' id='word_1_541' title='bbox 1367 2060 1482 2101; x_wconf 88' lang='lat' dir='ltr'>prioris</span> <span class='ocrx_word' id='word_1_542' title='bbox 1510 2058 1708 2100; x_wconf 84' lang='lat' dir='ltr'>presidentia</span> <span class='ocrx_word' id='word_1_543' title='bbox 1738 2058 1992 2101; x_wconf 82' lang='lat' dir='ltr'>gubernandum,</span> <span class='ocrx_word' id='word_1_544' title='bbox 2020 2058 2215 2090; x_wconf 85' lang='lat' dir='ltr'>unanimiter</span> <span class='ocrx_word' id='word_1_545' title='bbox 2240 2068 2315 2090; x_wconf 86' lang='lat' dir='ltr'>con-</span> 
     </span>
    </p>
   </div>
   <div class='ocr_carea' id='block_1_35' title="bbox 1300 2115 2315 2157">
    <p class='ocr_par' dir='ltr' id='par_1_35' title="bbox 1300 2115 2315 2157">
     <span class='ocr_line' id='line_1_75' title="bbox 1300 2115 2315 2157; baseline 0.001 -12"><span class='ocrx_word' id='word_1_546' title='bbox 1300 2131 1301 2145; x_wconf 73' lang='grc'><strong>;</strong></span> <span class='ocrx_word' id='word_1_547' title='bbox 1329 2131 1342 2145; x_wconf 92' lang='grc' dir='ltr'>ιι</span> <span class='ocrx_word' id='word_1_548' title='bbox 1368 2118 1554 2153; x_wconf 83' lang='lat' dir='ltr'>senserunt,</span> <span class='ocrx_word' id='word_1_549' title='bbox 1575 2118 1740 2157; x_wconf 85' lang='lat' dir='ltr'>petentes,</span> <span class='ocrx_word' id='word_1_550' title='bbox 1754 2121 1788 2147; x_wconf 86' lang='lat' dir='ltr'>ut</span> <span class='ocrx_word' id='word_1_551' title='bbox 1807 2125 1865 2157; x_wconf 88' lang='lat' dir='ltr'>per</span> <span class='ocrx_word' id='word_1_552' title='bbox 1885 2116 2023 2157; x_wconf 85' lang='lat' dir='ltr'>gratiam</span> <span class='ocrx_word' id='word_1_553' title='bbox 2046 2115 2171 2146; x_wconf 89' lang='lat' dir='ltr'>unionis</span> <span class='ocrx_word' id='word_1_554' title='bbox 2185 2117 2218 2146; x_wconf 83' lang='lat' dir='ltr'>et</span> <span class='ocrx_word' id='word_1_555' title='bbox 2237 2124 2315 2146; x_wconf 87' lang='lat' dir='ltr'>eon-</span> 
     </span>
    </p>
   </div>
   <div class='ocr_carea' id='block_1_36' title="bbox 331 2158 2314 2214">
    <p class='ocr_par' dir='ltr' id='par_1_36' title="bbox 331 2158 2314 2214">
     <span class='ocr_line' id='line_1_76' title="bbox 331 2158 2314 2214; baseline 0.007 -27"><span class='ocrx_word' id='word_1_556' title='bbox 331 2174 344 2187; x_wconf 86' lang='grc' dir='ltr'>ιι</span> <span class='ocrx_word' id='word_1_557' title='bbox 369 2159 558 2191; x_wconf 75' lang='lat' dir='ltr'>Riccardus.</span> <span class='ocrx_word' id='word_1_558' title='bbox 584 2164 791 2190; x_wconf 82' lang='lat' dir='ltr'>nnseratione</span> <span class='ocrx_word' id='word_1_559' title='bbox 812 2158 922 2191; x_wconf 74' lang='lat' dir='ltr'>divina</span> <span class='ocrx_word' id='word_1_560' title='bbox 941 2161 1051 2190; x_wconf 61' lang='lat' dir='ltr'>Sallsstl</span> <span class='ocrx_word' id='word_1_561' title='bbox 1072 2161 1188 2201; x_wconf 69' lang='lat' dir='ltr'>A1¹g0ll</span> <span class='ocrx_word' id='word_1_562' title='bbox 1206 2160 1275 2191; x_wconf 56' lang='lat' dir='ltr'>dia*</span> <span class='ocrx_word' id='word_1_563' title='bbox 1300 2172 1302 2214; x_wconf 70' lang='lat'><em>]</em></span> <span class='ocrx_word' id='word_1_564' title='bbox 1329 2187 1343 2200; x_wconf 89' lang='lat'><em>«</em></span> <span class='ocrx_word' id='word_1_565' title='bbox 1367 2173 1542 2204; x_wconf 86' lang='lat' dir='ltr'>formitatis</span> <span class='ocrx_word' id='word_1_566' title='bbox 1571 2172 1757 2214; x_wconf 86' lang='lat' dir='ltr'>hujusmodi</span> <span class='ocrx_word' id='word_1_567' title='bbox 1783 2173 1830 2204; x_wconf 90' lang='lat' dir='ltr'>eis</span> <span class='ocrx_word' id='word_1_568' title='bbox 1857 2173 1953 2213; x_wconf 83' lang='lat' dir='ltr'>juxta</span> <span class='ocrx_word' id='word_1_569' title='bbox 1980 2173 2172 2213; x_wconf 81' lang='lat' dir='ltr'>conceptum</span> <span class='ocrx_word' id='word_1_570' title='bbox 2205 2172 2314 2202; x_wconf 87' lang='lat' dir='ltr'>votum</span> 
     </span>
    </p>
   </div>
   <div class='ocr_carea' id='block_1_37' title="bbox 287 2215 2315 2271">
    <p class='ocr_par' dir='ltr' id='par_1_37' title="bbox 287 2215 2315 2271">
     <span class='ocr_line' id='line_1_77' title="bbox 287 2215 2315 2271; baseline 0.002 -31"><span class='ocrx_word' id='word_1_571' title='bbox 287 2230 301 2241; x_wconf 75' lang='grc' dir='ltr'>ιι</span> <span class='ocrx_word' id='word_1_572' title='bbox 326 2225 424 2246; x_wconf 84' lang='lat' dir='ltr'>conus</span> <span class='ocrx_word' id='word_1_573' title='bbox 475 2215 660 2251; x_wconf 79' lang='lat' dir='ltr'>cardinalis,</span> <span class='ocrx_word' id='word_1_574' title='bbox 697 2215 850 2247; x_wconf 84' lang='lat' dir='ltr'>discretis</span> <span class='ocrx_word' id='word_1_575' title='bbox 889 2222 920 2246; x_wconf 83' lang='lat' dir='ltr'>et</span> <span class='ocrx_word' id='word_1_576' title='bbox 964 2215 1127 2256; x_wconf 70' lang='lat' dir='ltr'>religioffls</span> <span class='ocrx_word' id='word_1_577' title='bbox 1170 2217 1272 2247; x_wconf 68' lang='lat' dir='ltr'>Viris..</span> <span class='ocrx_word' id='word_1_578' title='bbox 1329 2243 1342 2258; x_wconf 79' lang='lat'>‹·</span> <span class='ocrx_word' id='word_1_579' title='bbox 1370 2229 2315 2271; x_wconf 44' lang='lat' dir='ltr'>paupertatisspontanee,perpetuapossossjonumterres,</span> 
     </span>
    </p>
   </div>
   <div class='ocr_carea' id='block_1_38' title="bbox 288 2271 1302 2313">
    <p class='ocr_par' dir='ltr' id='par_1_38' title="bbox 288 2271 1302 2313">
     <span class='ocr_line' id='line_1_78' title="bbox 288 2271 1302 2313; baseline 0.002 -12"><span class='ocrx_word' id='word_1_580' title='bbox 288 2285 301 2298; x_wconf 83' lang='lat'>«</span> <span class='ocrx_word' id='word_1_581' title='bbox 326 2272 423 2312; x_wconf 84' lang='lat' dir='ltr'>priori</span> <span class='ocrx_word' id='word_1_582' title='bbox 438 2271 582 2311; x_wconf 82' lang='lat' dir='ltr'>generali</span> <span class='ocrx_word' id='word_1_583' title='bbox 594 2271 715 2302; x_wconf 85' lang='lat' dir='ltr'>ordinis</span> <span class='ocrx_word' id='word_1_584' title='bbox 729 2272 968 2303; x_wconf 84' lang='lat' dir='ltr'>Heremitarum</span> <span class='ocrx_word' id='word_1_585' title='bbox 982 2272 1092 2303; x_wconf 76' lang='lat' dir='ltr'>Sancti</span> <span class='ocrx_word' id='word_1_586' title='bbox 1103 2273 1274 2313; x_wconf 85' lang='lat' dir='ltr'>Augustini</span> <span class='ocrx_word' id='word_1_587' title='bbox 1301 2272 1302 2277; x_wconf 50' lang='lat'>¹</span> 
     </span>
    </p>
   </div>
   <div class='ocr_carea' id='block_1_39' title="bbox 1329 2285 2315 2327">
    <p class='ocr_par' dir='ltr' id='par_1_39' title="bbox 1329 2285 2315 2327">
     <span class='ocr_line' id='line_1_79' title="bbox 1329 2285 2315 2327; baseline -0.001 -11"><span class='ocrx_word' id='word_1_588' title='bbox 1329 2299 1343 2314; x_wconf 92' lang='lat'>«</span> <span class='ocrx_word' id='word_1_589' title='bbox 1369 2287 1465 2317; x_wconf 85' lang='lat' dir='ltr'>trium</span> <span class='ocrx_word' id='word_1_590' title='bbox 1478 2286 1638 2317; x_wconf 83' lang='lat' dir='ltr'>abdicatio</span> <span class='ocrx_word' id='word_1_591' title='bbox 1652 2290 1848 2321; x_wconf 75' lang='lat' dir='ltr'>remaneret,</span> <span class='ocrx_word' id='word_1_592' title='bbox 1862 2296 1921 2316; x_wconf 81' lang='lat' dir='ltr'>nec</span> <span class='ocrx_word' id='word_1_593' title='bbox 1934 2286 2159 2327; x_wconf 85' lang='lat' dir='ltr'>possessiones</span> <span class='ocrx_word' id='word_1_594' title='bbox 2172 2285 2315 2316; x_wconf 84' lang='lat' dir='ltr'>retinen-</span> 
     </span>
    </p>
   </div>
   <div class='ocr_carea' id='block_1_40' title="bbox 291 2342 2314 2426">
    <p class='ocr_par' dir='ltr' id='par_1_40' title="bbox 291 2342 2314 2426">
     <span class='ocr_line' id='line_1_80' title="bbox 1300 2342 2314 2384; baseline -0.002 -11"><span class='ocrx_word' id='word_1_595' title='bbox 1300 2370 1301 2373; x_wconf 64' lang='lat'>,</span> <span class='ocrx_word' id='word_1_596' title='bbox 1329 2356 1342 2369; x_wconf 90' lang='grc' dir='ltr'>ιι</span> <span class='ocrx_word' id='word_1_597' title='bbox 1368 2343 1450 2373; x_wconf 89' lang='lat' dir='ltr'>tibus</span> <span class='ocrx_word' id='word_1_598' title='bbox 1484 2348 1516 2374; x_wconf 90' lang='lat' dir='ltr'>et</span> <span class='ocrx_word' id='word_1_599' title='bbox 1562 2343 1714 2384; x_wconf 80' lang='lat' dir='ltr'>deinceps</span> <span class='ocrx_word' id='word_1_600' title='bbox 1748 2343 1916 2383; x_wconf 84' lang='lat' dir='ltr'>acquirere</span> <span class='ocrx_word' id='word_1_601' title='bbox 1956 2342 2152 2380; x_wconf 66' lang='lat' dir='ltr'>volentibus,</span> <span class='ocrx_word' id='word_1_602' title='bbox 2175 2351 2234 2372; x_wconf 85' lang='lat' dir='ltr'>uec</span> <span class='ocrx_word' id='word_1_603' title='bbox 2258 2350 2314 2372; x_wconf 90' lang='lat' dir='ltr'>eas</span> 
     </span>
     <span class='ocr_line' id='line_1_81' title="bbox 291 2383 1301 2426; baseline 0.002 -12"><span class='ocrx_word' id='word_1_604' title='bbox 291 2398 303 2410; x_wconf 90' lang='grc' dir='ltr'>ιι</span> <span class='ocrx_word' id='word_1_605' title='bbox 331 2384 432 2414; x_wconf 87' lang='lat' dir='ltr'>versis</span> <span class='ocrx_word' id='word_1_606' title='bbox 463 2385 633 2424; x_wconf 84' lang='lat' dir='ltr'>presentes</span> <span class='ocrx_word' id='word_1_607' title='bbox 664 2384 793 2415; x_wconf 84' lang='lat' dir='ltr'>litteras</span> <span class='ocrx_word' id='word_1_608' title='bbox 828 2385 1036 2426; x_wconf 70' lang='lat' dir='ltr'>inspecturis,</span> <span class='ocrx_word' id='word_1_609' title='bbox 1068 2385 1204 2416; x_wconf 83' lang='lat' dir='ltr'>salutem</span> <span class='ocrx_word' id='word_1_610' title='bbox 1242 2388 1275 2416; x_wconf 88' lang='lat' dir='ltr'>et</span> <span class='ocrx_word' id='word_1_611' title='bbox 1300 2383 1301 2387; x_wconf 67' lang='grc'>’</span> 
     </span>
    </p>
   </div>
   <div class='ocr_carea' id='block_1_41' title="bbox 1329 2398 2314 3005">
    <p class='ocr_par' dir='ltr' id='par_1_41' title="bbox 1329 2398 2314 3005">
     <span class='ocr_line' id='line_1_82' title="bbox 1329 2398 2314 2439; baseline -0.001 -10"><span class='ocrx_word' id='word_1_612' title='bbox 1329 2412 1342 2425; x_wconf 92' lang='grc' dir='ltr'>ιι</span> <span class='ocrx_word' id='word_1_613' title='bbox 1367 2400 1549 2430; x_wconf 88' lang='lat' dir='ltr'>nolentibus</span> <span class='ocrx_word' id='word_1_614' title='bbox 1569 2399 1761 2439; x_wconf 73' lang='lat' dir='ltr'>derogetur,</span> <span class='ocrx_word' id='word_1_615' title='bbox 1776 2401 1805 2430; x_wconf 87' lang='lat' dir='ltr'>et</span> <span class='ocrx_word' id='word_1_616' title='bbox 1826 2409 1882 2439; x_wconf 88' lang='lat' dir='ltr'>per</span> <span class='ocrx_word' id='word_1_617' title='bbox 1899 2405 2044 2429; x_wconf 87' lang='lat' dir='ltr'>tenorem</span> <span class='ocrx_word' id='word_1_618' title='bbox 2065 2398 2165 2439; x_wconf 85' lang='lat' dir='ltr'>ipsius</span> <span class='ocrx_word' id='word_1_619' title='bbox 2186 2398 2216 2428; x_wconf 89' lang='lat' dir='ltr'>in</span> <span class='ocrx_word' id='word_1_620' title='bbox 2234 2401 2314 2428; x_wconf 86' lang='lat' dir='ltr'>tem-</span> 
     </span>
     <span class='ocr_line' id='line_1_83' title="bbox 1329 2452 2314 2497; baseline -0.001 -12"><span class='ocrx_word' id='word_1_621' title='bbox 1329 2469 1342 2482; x_wconf 92' lang='lat'>«</span> <span class='ocrx_word' id='word_1_622' title='bbox 1365 2455 1529 2496; x_wconf 80' lang='lat' dir='ltr'>poralibus</span> <span class='ocrx_word' id='word_1_623' title='bbox 1557 2455 1756 2497; x_wconf 88' lang='lat' dir='ltr'>dispendium</span> <span class='ocrx_word' id='word_1_624' title='bbox 1788 2458 1820 2486; x_wconf 85' lang='lat' dir='ltr'>ct</span> <span class='ocrx_word' id='word_1_625' title='bbox 1853 2454 2072 2496; x_wconf 80' lang='lat' dir='ltr'>spiritualibus</span> <span class='ocrx_word' id='word_1_626' title='bbox 2101 2454 2233 2485; x_wconf 84' lang='lat' dir='ltr'>infamia</span> <span class='ocrx_word' id='word_1_627' title='bbox 2262 2452 2314 2484; x_wconf 88' lang='lat' dir='ltr'>vel</span> 
     </span>
     <span class='ocr_line' id='line_1_84' title="bbox 1329 2511 2314 2553; baseline -0.002 -12"><span class='ocrx_word' id='word_1_628' title='bbox 1329 2528 1342 2541; x_wconf 89' lang='grc' dir='ltr'>ιι</span> <span class='ocrx_word' id='word_1_629' title='bbox 1363 2514 1456 2543; x_wconf 88' lang='lat' dir='ltr'>animi</span> <span class='ocrx_word' id='word_1_630' title='bbox 1473 2512 1644 2553; x_wconf 84' lang='lat' dir='ltr'>duplicitas</span> <span class='ocrx_word' id='word_1_631' title='bbox 1665 2512 1846 2542; x_wconf 76' lang='lat' dir='ltr'>nullatenus</span> <span class='ocrx_word' id='word_1_632' title='bbox 1867 2512 2002 2548; x_wconf 70' lang='lat' dir='ltr'>oriatur,</span> <span class='ocrx_word' id='word_1_633' title='bbox 2020 2514 2052 2541; x_wconf 89' lang='lat' dir='ltr'>nt</span> <span class='ocrx_word' id='word_1_634' title='bbox 2072 2511 2222 2542; x_wconf 73' lang='lat' dir='ltr'>volentes</span> <span class='ocrx_word' id='word_1_635' title='bbox 2242 2520 2314 2552; x_wconf 86' lang='lat' dir='ltr'>pos-</span> 
     </span>
     <span class='ocr_line' id='line_1_85' title="bbox 1329 2567 2314 2609; baseline -0.002 -11"><span class='ocrx_word' id='word_1_636' title='bbox 1329 2583 1343 2598; x_wconf 84' lang='lat'>«</span> <span class='ocrx_word' id='word_1_637' title='bbox 1362 2571 1538 2607; x_wconf 79' lang='lat' dir='ltr'>sessiones,</span> <span class='ocrx_word' id='word_1_638' title='bbox 1555 2579 1612 2600; x_wconf 88' lang='lat' dir='ltr'>nec</span> <span class='ocrx_word' id='word_1_639' title='bbox 1635 2579 1691 2609; x_wconf 80' lang='lat' dir='ltr'>pro</span> <span class='ocrx_word' id='word_1_640' title='bbox 1707 2568 1864 2609; x_wconf 78' lang='lat' dir='ltr'>corporali</span> <span class='ocrx_word' id='word_1_641' title='bbox 1883 2567 2140 2598; x_wconf 83' lang='lat' dir='ltr'>substentatione</span> <span class='ocrx_word' id='word_1_642' title='bbox 2153 2568 2186 2598; x_wconf 87' lang='lat' dir='ltr'>et</span> <span class='ocrx_word' id='word_1_643' title='bbox 2201 2576 2314 2598; x_wconf 85' lang='lat' dir='ltr'>neces-</span> 
     </span>
     <span class='ocr_line' id='line_1_86' title="bbox 1329 2623 2313 2664; baseline -0.004 -7"><span class='ocrx_word' id='word_1_644' title='bbox 1329 2640 1342 2654; x_wconf 85' lang='grc' dir='ltr'>ιι</span> <span class='ocrx_word' id='word_1_645' title='bbox 1362 2627 1519 2657; x_wconf 87' lang='lat' dir='ltr'>sariorum</span> <span class='ocrx_word' id='word_1_646' title='bbox 1545 2635 1622 2656; x_wconf 81' lang='lat' dir='ltr'>cura</span> <span class='ocrx_word' id='word_1_647' title='bbox 1642 2635 1713 2655; x_wconf 89' lang='lat' dir='ltr'>cum</span> <span class='ocrx_word' id='word_1_648' title='bbox 1731 2625 1857 2655; x_wconf 82' lang='lat' dir='ltr'>Martha</span> <span class='ocrx_word' id='word_1_649' title='bbox 1879 2625 2127 2664; x_wconf 81' lang='lat' dir='ltr'>circumquaque</span> <span class='ocrx_word' id='word_1_650' title='bbox 2152 2623 2313 2654; x_wconf 87' lang='lat' dir='ltr'>laboriose</span> 
     </span>
     <span class='ocr_line' id='line_1_87' title="bbox 1330 2679 2313 2723; baseline -0.001 -12"><span class='ocrx_word' id='word_1_651' title='bbox 1330 2696 1343 2711; x_wconf 92' lang='grc' dir='ltr'>ιι</span> <span class='ocrx_word' id='word_1_652' title='bbox 1364 2692 1483 2723; x_wconf 79' lang='lat' dir='ltr'>vagare</span> <span class='ocrx_word' id='word_1_653' title='bbox 1498 2686 1669 2723; x_wconf 78' lang='lat' dir='ltr'>cogantur.</span> <span class='ocrx_word' id='word_1_654' title='bbox 1695 2681 1780 2712; x_wconf 81' lang='lat' dir='ltr'>licite</span> <span class='ocrx_word' id='word_1_655' title='bbox 1810 2680 1993 2722; x_wconf 83' lang='lat' dir='ltr'>possideant</span> <span class='ocrx_word' id='word_1_656' title='bbox 2024 2679 2164 2717; x_wconf 85' lang='lat' dir='ltr'>liabitas,</span> <span class='ocrx_word' id='word_1_657' title='bbox 2186 2682 2219 2710; x_wconf 86' lang='lat' dir='ltr'>et</span> <span class='ocrx_word' id='word_1_658' title='bbox 2239 2689 2313 2720; x_wconf 81' lang='lat' dir='ltr'>pos·—</span> 
     </span>
     <span class='ocr_line' id='line_1_88' title="bbox 1329 2735 2314 2778; baseline -0.002 -11"><span class='ocrx_word' id='word_1_659' title='bbox 1329 2752 1342 2767; x_wconf 89' lang='grc' dir='ltr'>ιι</span> <span class='ocrx_word' id='word_1_660' title='bbox 1364 2739 1429 2770; x_wconf 84' lang='lat' dir='ltr'>sint</span> <span class='ocrx_word' id='word_1_661' title='bbox 1447 2737 1684 2769; x_wconf 83' lang='lat' dir='ltr'>rationabiliter</span> <span class='ocrx_word' id='word_1_662' title='bbox 1704 2742 1735 2768; x_wconf 87' lang='lat' dir='ltr'>ct</span> <span class='ocrx_word' id='word_1_663' title='bbox 1750 2737 1840 2778; x_wconf 78' lang='lat' dir='ltr'>juste</span> <span class='ocrx_word' id='word_1_664' title='bbox 1856 2737 2024 2777; x_wconf 83' lang='lat' dir='ltr'>acquirere</span> <span class='ocrx_word' id='word_1_665' title='bbox 2037 2746 2097 2767; x_wconf 92' lang='lat' dir='ltr'>non</span> <span class='ocrx_word' id='word_1_666' title='bbox 2111 2735 2261 2766; x_wconf 81' lang='lat' dir='ltr'>obtentas</span> <span class='ocrx_word' id='word_1_667' title='bbox 2281 2738 2314 2766; x_wconf 91' lang='lat' dir='ltr'>et</span> 
     </span>
     <span class='ocr_line' id='line_1_89' title="bbox 1329 2792 2313 2835; baseline -0.001 -12"><span class='ocrx_word' id='word_1_668' title='bbox 1329 2811 1342 2823; x_wconf 85' lang='grc' dir='ltr'>ιι</span> <span class='ocrx_word' id='word_1_669' title='bbox 1371 2795 1519 2826; x_wconf 83' lang='lat' dir='ltr'>volentes</span> <span class='ocrx_word' id='word_1_670' title='bbox 1544 2796 1651 2826; x_wconf 80' lang='lat' dir='ltr'>votum</span> <span class='ocrx_word' id='word_1_671' title='bbox 1676 2795 1826 2835; x_wconf 82' lang='lat' dir='ltr'>prosequi</span> <span class='ocrx_word' id='word_1_672' title='bbox 1849 2796 2025 2834; x_wconf 86' lang='lat' dir='ltr'>spontanee</span> <span class='ocrx_word' id='word_1_673' title='bbox 2047 2792 2260 2834; x_wconf 83' lang='lat' dir='ltr'>paupertatis,</span> <span class='ocrx_word' id='word_1_674' title='bbox 2282 2792 2313 2822; x_wconf 89' lang='lat' dir='ltr'>in</span> 
     </span>
     <span class='ocr_line' id='line_1_90' title="bbox 1329 2848 2314 2890; baseline -0.002 -10"><span class='ocrx_word' id='word_1_675' title='bbox 1329 2867 1343 2880; x_wconf 87' lang='grc' dir='ltr'>ιι</span> <span class='ocrx_word' id='word_1_676' title='bbox 1366 2862 1424 2882; x_wconf 86' lang='lat' dir='ltr'>suo</span> <span class='ocrx_word' id='word_1_677' title='bbox 1440 2854 1516 2883; x_wconf 82' lang='lat' dir='ltr'>voto</span> <span class='ocrx_word' id='word_1_678' title='bbox 1537 2856 1698 2890; x_wconf 78' lang='lat' dir='ltr'>tamquam</span> <span class='ocrx_word' id='word_1_679' title='bbox 1722 2850 1818 2881; x_wconf 85' lang='lat' dir='ltr'>nichil</span> <span class='ocrx_word' id='word_1_680' title='bbox 1855 2850 2014 2881; x_wconf 82' lang='lat' dir='ltr'>babentes</span> <span class='ocrx_word' id='word_1_681' title='bbox 2045 2854 2078 2879; x_wconf 87' lang='lat' dir='ltr'>et</span> <span class='ocrx_word' id='word_1_682' title='bbox 2110 2848 2314 2889; x_wconf 80' lang='lat' dir='ltr'>possidentes</span> 
     </span>
     <span class='ocr_line' id='line_1_91' title="bbox 1329 2905 2314 2947; baseline -0.003 -9"><span class='ocrx_word' id='word_1_683' title='bbox 1329 2922 1342 2934; x_wconf 87' lang='lat'>«</span> <span class='ocrx_word' id='word_1_684' title='bbox 1372 2909 1476 2938; x_wconf 83' lang='lat' dir='ltr'>onmia</span> <span class='ocrx_word' id='word_1_685' title='bbox 1497 2909 1562 2939; x_wconf 86' lang='lat' dir='ltr'>sint</span> <span class='ocrx_word' id='word_1_686' title='bbox 1582 2907 1739 2945; x_wconf 86' lang='lat' dir='ltr'>contenti,</span> <span class='ocrx_word' id='word_1_687' title='bbox 1762 2908 1811 2938; x_wconf 87' lang='lat' dir='ltr'>eis</span> <span class='ocrx_word' id='word_1_688' title='bbox 1841 2910 1954 2938; x_wconf 85' lang='lat' dir='ltr'>tenore</span> <span class='ocrx_word' id='word_1_689' title='bbox 1979 2905 2191 2947; x_wconf 85' lang='lat' dir='ltr'>presentium,</span> <span class='ocrx_word' id='word_1_690' title='bbox 2220 2907 2314 2946; x_wconf 88' lang='lat' dir='ltr'>prout</span> 
     </span>
     <span class='ocr_line' id='line_1_92' title="bbox 1330 2960 2314 3005; baseline -0.004 -11"><span class='ocrx_word' id='word_1_691' title='bbox 1330 2978 1343 2991; x_wconf 75' lang='grc' dir='ltr'>ιι</span> <span class='ocrx_word' id='word_1_692' title='bbox 1369 2965 1397 2994; x_wconf 92' lang='lat' dir='ltr'>in</span> <span class='ocrx_word' id='word_1_693' title='bbox 1428 2964 1573 3004; x_wconf 80' lang='lat' dir='ltr'>generali</span> <span class='ocrx_word' id='word_1_694' title='bbox 1609 2964 1749 3005; x_wconf 81' lang='lat' dir='ltr'>capitulo</span> <span class='ocrx_word' id='word_1_695' title='bbox 1781 2970 1892 2994; x_wconf 77' lang='lat' dir='ltr'>vestro</span> <span class='ocrx_word' id='word_1_696' title='bbox 1934 2962 1962 2992; x_wconf 87' lang='lat' dir='ltr'>in</span> <span class='ocrx_word' id='word_1_697' title='bbox 1997 2961 2106 3002; x_wconf 88' lang='lat' dir='ltr'>primis</span> <span class='ocrx_word' id='word_1_698' title='bbox 2146 2960 2314 3001; x_wconf 81' lang='lat' dir='ltr'>preteritis</span> 
     </span>
    </p>
   </div>
  </div>
 </body>
</html>
