2477 3512
950 320 1228 361 QUATRIEME
1248 320 1411 353 ANNEE
2179 325 2238 356 769

118 429 246 459 sublata
277 428 353 466 ipsis
384 428 595 457 creditoribus
627 428 816 458 necessitate
848 427 1007 466 probandi
1038 427 1124 465 quod

118 481 253 520 pecunia
274 481 386 510 eadem
407 481 439 510 in
458 480 633 510 utilitatem
653 482 796 510 vestram
810 482 842 509 et
861 480 1019 509 dictorum
1042 479 1127 518 capi-

118 534 179 563 tuli
197 543 234 563 ac
253 533 381 563 ecclesie
400 534 442 562 sit
461 542 613 563 conversa
639 535 789 571 pretextu
809 532 944 570 alicujus
970 532 1126 561 constitu-

118 586 215 616 tionis
241 587 391 615 canonice
416 587 466 615 vel
492 586 603 619 civilis,
630 595 692 615 non
727 585 934 615 obstantibus
965 584 1126 622 aliquibus

119 639 291 678 privilegiis
313 639 364 668 vel
386 639 593 677 indulgentiis
616 639 654 667 de
677 639 794 677 quibus
817 638 849 667 in
872 637 989 667 nostris
1011 637 1126 666 litteris

117 692 188 721 fieri
206 694 354 730 oporteat
372 691 579 725 mentionem,
599 694 631 720 et
649 700 705 729 per
723 700 802 729 quas
820 700 878 720 vos
896 692 929 720 et
947 690 1125 728 capitulum

118 744 276 774 nominati
299 753 394 782 super
416 744 476 773 hiis
499 743 634 773 valeatis
656 744 689 772 in
713 743 820 782 aliquo
844 752 901 772 vos
931 742 1023 772 tueri.
1049 742 1125 771 Dat.

119 797 255 827 Viterbii
274 797 336 826 kal.
357 797 449 831 VIII,
469 796 632 830 februarii,
651 805 736 825 anno
756 798 882 834 quarto.
903 807 914 821 n

200 956 288 982 2457
583 956 720 987 Viterbe,
733 955 768 982 21
782 955 945 982 decembre
958 955 1043 982 1257.

161 1005 332 1036 Abraham,
371 1005 540 1031 Hiberniae
563 1005 701 1038 primati,
739 1004 945 1030 contrahendi
980 1006 1127 1030 mutuum

121 1052 218 1078 usque
251 1045 291 1071 ad
324 1052 480 1071 summam
513 1045 757 1077 quingentarum
789 1050 966 1070 marcarum
1000 1042 1128 1071 Sterlin-

122 1090 230 1117 gorum
253 1086 284 1110 et
305 1091 336 1110 se
358 1084 565 1110 creditoribus
587 1091 684 1117 usque
707 1084 746 1109 ad
768 1083 950 1116 hujusmodi
972 1090 1128 1110 summam

122 1124 282 1157 obligandi
311 1124 497 1150 facultatem
516 1124 669 1150 concedit.
690 1123 785 1156 (3Εο.
807 1123 854 1154 25,
874 1123 894 1149 f.
916 1124 983 1154 122,
1003 1130 1051 1149 an.
1076 1123 1127 1155 IV,

121 1171 145 1190 c.
171 1163 232 1196 45.)

163 1247 174 1261 α
196 1235 347 1269 Abraam,
369 1235 598 1273 archiepiscopo
618 1235 826 1268 Armachano,
842 1234 975 1264 Ybernie
990 1234 1129 1273 primati.

122 1288 212 1322 Cum,
232 1288 316 1317 sicut
338 1288 370 1317 in
394 1290 503 1317 nostra
521 1288 717 1326 proposuisti
739 1287 899 1326 presentia
923 1287 1130 1322 constitutus,

122 1350 180 1380 pro
205 1341 412 1379 expediendis
438 1340 567 1370 ecclesie
592 1343 647 1370 tue
673 1340 808 1378 negotiis
834 1349 891 1378 pro
917 1340 1033 1378 quibus
1070 1342 1130 1369 etc.

122 1396 160 1423 ut
189 1394 221 1423 in
252 1393 313 1423 alia
344 1402 469 1432 usque:
492 1402 652 1422 summam
677 1393 927 1431 quingentarum
950 1402 1132 1422 marcarum

123 1446 352 1484 Sterlingorum
375 1449 407 1475 et
438 1446 600 1484 obligandi
622 1445 832 1475 creditoribus
861 1454 961 1484 usque
984 1446 1024 1475 ad
1047 1455 1133 1475 sum-

122 1508 209 1529 mam
229 1499 424 1537 hujusmodi,
440 1501 471 1527 te
491 1501 523 1527 et
542 1507 737 1527 successores
756 1500 830 1527 tuos
844 1507 881 1527 ac
895 1498 1060 1527 ecclesiam
1074 1499 1133 1527 Ar-

121 1552 324 1585 machanam,
352 1560 474 1580 necnon
497 1551 692 1580 renuntandi
706 1553 767 1580 etc.
782 1560 883 1589 usque
899 1561 905 1579 ε
919 1551 1130 1586 facultatem;

121 1605 167 1633 ita
194 1606 304 1633 tamen
331 1604 418 1642 quod
444 1606 481 1633 tu
508 1606 540 1632 et
566 1612 763 1633 successores
790 1603 839 1632 tui
864 1603 897 1632 in
924 1603 1054 1633 ecclesia
1076 1605 1134 1633 Ar-

122 1657 279 1687 machana
302 1656 477 1686 teneamini
498 1658 558 1686 etc.
581 1665 704 1695 usque:
726 1656 861 1694 pecunia
883 1657 995 1686 eadem
1017 1657 1049 1686 in
1071 1657 1133 1686 uti-

122 1710 249 1740 litatem
274 1710 477 1739 Armachane
501 1709 630 1738 ecclesie
655 1709 697 1738 sit
722 1718 875 1739 conversa
902 1712 1051 1748 pretextu
1078 1710 1134 1739 ali-

122 1763 214 1802 cujus
230 1762 472 1792 constitutionis
487 1762 639 1792 canonice
653 1762 704 1791 vel
720 1762 831 1795 civilis,
848 1771 911 1791 non
927 1762 1133 1792 obstantibus

122 1819 183 1846 etc.
204 1824 328 1854 usque:
348 1824 404 1853 per
435 1824 497 1853 que
527 1817 564 1844 tu
585 1817 618 1844 et
637 1824 832 1844 successores
852 1815 901 1844 tui
920 1824 958 1844 ac
978 1815 1064 1844 dicta
1085 1825 1134 1845 ec-

123 1869 216 1899 clesia
242 1868 378 1898 valeatis
402 1868 435 1897 in
460 1867 568 1906 aliquo
594 1877 651 1897 vos
677 1867 770 1896 tueri.
798 1868 874 1897 Dat.
896 1868 1042 1903 Viterbii,
1065 1868 1133 1898 XII

123 1922 186 1951 kal.
213 1921 362 1960 J'anuarii,
390 1930 475 1951 anno
503 1923 629 1959 quarto.
658 1931 669 1947 n

203 2080 290 2106 2458
628 2080 768 2112 Viterbe,
780 2080 817 2106 30
828 2080 952 2113 janvier
964 2079 1049 2106 1258.

164 2129 406 2163 Archiepiscopo
427 2128 637 2156 Corinthiensi
656 2129 788 2155 mandat
809 2130 854 2160 ut,
873 2128 966 2162 juxta
989 2128 1010 2155 Ι.
1032 2135 1133 2162 papae

122 2168 244 2195 litteras
272 2169 467 2195 executorias
495 2169 534 2195 ad
563 2168 824 2195 Panormitanum
852 2168 1132 2201 archiepiscopum,

123 2210 201 2235 tunc
223 2208 415 2242 episcopum,
452 2210 483 2235 et
512 2208 665 2235 decanum
702 2208 869 2235 Olenenses
896 2207 1006 2234 missas
1041 2215 1134 2242 super

123 2248 300 2282 receptione
329 2255 366 2275 ac
394 2248 571 2282 provisione
601 2247 721 2279 Lucidi‚
751 2248 863 2279 clerici,
892 2247 951 2273 filii
981 2247 1134 2274 Gualterii

124 2287 201 2314 dicti
217 2288 352 2314 Abbatis
373 2287 542 2319 Tiburtini,
565 2287 635 2314 laici
657 2288 695 2313 de
717 2287 811 2319 Urbe,
834 2287 865 2313 in
887 2287 993 2320 aliqua
1009 2286 1132 2313 Moreae

124 2327 334 2359 ecclesiarum,
351 2328 391 2353 ad
406 2327 503 2361 ipsius
520 2327 622 2353 clerici
636 2327 847 2360 receptionem
863 2328 895 2353 et
910 2326 1132 2360 provisionem,

124 2367 221 2393 etiam
248 2367 280 2393 in
308 2367 414 2400 aliqua
442 2367 636 2401 principatus
675 2366 813 2393 Achaiae
841 2366 1050 2397 ecclesiarum,
1079 2374 1134 2400 per

124 2413 156 2432 se
182 2406 231 2432 vel
258 2414 313 2440 per
338 2407 435 2433 alium
463 2407 621 2440 procedat.
649 2406 746 2439 (Bm.
775 2406 823 2438 25,
850 2406 871 2432 f.
902 2405 968 2437 122,
996 2413 1046 2432 an.
1079 2406 1131 2438 IV,

125 2453 149 2473 c.
189 2446 251 2479 46.)

165 2529 210 2552 «..,
222 2517 452 2556 archiepiscopo
465 2517 686 2548 Corinthiensi.
698 2517 859 2556 Exposuit
871 2517 962 2547 nobis
972 2517 1131 2547 dilectus-.

125 2570 201 2600 Dat.
220 2571 366 2606 Viterbii,
388 2571 437 2600 III
455 2571 518 2600 kal.
536 2570 699 2606 februarii,
717 2580 802 2601 anno
820 2573 947 2609 quarto.
967 2582 978 2597 »

205 2731 295 2757 2⁴58
661 2731 800 2763 Viterbe,
812 2731 829 2757 4
840 2730 954 2757 sevrier
966 2730 1051 2757 1258.

166 2779 391 2806 Monasterium
413 2780 450 2806 de
468 2779 496 2806 S.
520 2779 604 2806 Petri
622 2779 738 2810 Monte,
753 2777 903 2806 Metensis
918 2776 1059 2810 diocesis,
1075 2778 1133 2804 sub

127 2825 183 2846 sua
204 2820 400 2853 protectione
414 2819 545 2853 suscipit
557 2819 687 2852 ejusque
700 2819 908 2852 possessiones
923 2820 954 2845 et
970 2818 1134 2853 privilegia

126 2858 304 2885 confirmat.
326 2859 423 2893 (Hm.
446 2859 494 2891 25,
513 2859 534 2886 f.
557 2858 624 2890 122,
644 2866 693 2885 an.
717 2858 769 2890 IV,
789 2866 813 2886 c.
834 2859 896 2892 47.)

169 2930 329 2965 -..‚abbati
350 2930 470 2961 ecclesie
491 2931 527 2960 de
549 2931 655 2961 Sancti
677 2930 763 2960 Petri
783 2930 892 2959 Monte
919 2930 1044 2968 ejusque
1070 2929 1134 2968 lra-

126 2983 225 3013 tribus
253 2985 314 3013 lam
342 2983 536 3023 presentibus
565 2992 656 3022 quam
685 2983 811 3022 luluris,
841 2982 1011 3020 reqularem
1040 2982 1133 3012 vitam

126 3036 283 3074 protessis,
308 3036 340 3066 in
363 3038 556 3075 perpetuum.
601 3036 794 3075 Religiosam
818 3036 921 3065 vitam
944 3035 1135 3074 eligentibus

1231 429 1292 456 etc.
1318 436 1441 466 usque:
1467 428 1631 467 infringat.
1669 429 1716 458 Ea
1743 432 1883 468 propter,
1910 430 2018 459 dilecti
2042 431 2074 459 in
2100 431 2239 460 Domino

1232 479 1299 513 filii,
1322 481 1438 509 vestris
1460 481 1555 518 justis
1578 482 1850 519 postulationibus
1873 483 2046 512 clementer
2068 484 2239 513 annuimus

1231 535 1264 561 et
1288 532 1417 562 ecclesia
1443 534 1481 562 de
1507 534 1615 563 Sancti
1640 535 1727 563 Petri
1751 535 1872 568 Monte,
1919 536 2070 565 Metensis
2096 536 2238 569 diocesis,

1232 594 1294 623 que
1313 586 1354 614 ad
1373 586 1425 623 jus
1445 589 1477 615 et
1497 587 1728 624 proprietatem
1749 588 1837 617 Sedis
1858 589 2040 626 Apostolice
2060 589 2240 627 specialiter

1232 638 1382 676 pertinet,
1405 638 1436 667 in
1459 648 1521 677 qua
1544 639 1653 668 divino
1675 640 1750 669 estis
1781 641 1934 679 obsequio
1963 642 2150 680 mancipati,
2181 642 2240 671 sub

1232 690 1320 720 beati
1344 691 1431 720 Petri
1455 694 1488 720 et
1520 694 1629 721 nostra
1661 693 1871 730 protectione,
1887 695 1927 723 ad
1947 695 2049 723 instar
2072 694 2171 724 felicis
2196 704 2242 724 re-

1233 743 1427 772 cordationis
1470 744 1655 778 Alexandri,
1699 754 1792 783 pape,
1849 747 2078 784 predecessoris
2130 748 2241 781 nostri,

1233 796 1424 834 suscipimus
1439 799 1472 825 et
1486 797 1642 835 presentis
1668 798 1779 836 scripti
1794 799 1972 836 patrocinio
1996 801 2242 829 communimus.

1238 849 1273 877 In
1298 849 1407 887 primis
1431 850 1589 888 siquidem
1614 852 1795 879 statuentes
1819 854 1856 880 ut
1880 852 1957 881 ordo
1981 853 2163 887 canonicus,
2189 853 2244 892 qui

1234 902 1411 930 secundum
1434 902 1539 931 Deum
1561 905 1594 932 et
1616 903 1702 932 beati
1724 904 1897 941 Augustini
1919 905 2061 942 regulam
2083 905 2114 934 in
2136 915 2246 944 super-

1235 954 1365 992 pelliciis
1377 957 1410 984 et
1425 955 1521 993 nigris
1534 955 1621 993 capis
1633 956 1815 994 antiquitus
1832 956 1863 985 in
1889 956 1957 994 ipsa
1984 958 2113 987 ecclesia
2139 958 2245 988 suerat

1234 1007 1415 1041 institutus,
1443 1008 1606 1045 perpetuis
1634 1008 1753 1037 ibidem
1791 1009 1991 1047 temporibus
2019 1010 2247 1040 inviolabiliter

1234 1061 1432 1089 observetur.
1443 1060 1591 1090 Preterea
1603 1070 1810 1100 quascunque
1821 1062 2044 1100 possessiones,
2057 1072 2246 1102 quecunque

1235 1113 1320 1142 bona
1341 1113 1453 1142 eadem
1474 1113 1604 1143 ecclesia
1625 1114 1657 1142 in
1678 1115 1912 1152 presentiarum
1931 1115 2017 1153 juste
2037 1124 2074 1144 ac
2095 1116 2246 1145 canonice

1236 1165 1379 1204 possidet
1425 1168 1483 1195 aut
1530 1166 1561 1195 in
1604 1166 1751 1196 futurum
1799 1168 2001 1197 concessione
2043 1169 2246 1206 pontificum,

1236 1218 1405 1257 largitione
1435 1227 1544 1257 regum
1574 1220 1624 1249 vel
1655 1220 1846 1258 principum,
1887 1221 2049 1250 oblatione
2092 1221 2247 1255 fidelium,

1238 1280 1293 1300 seu
1309 1271 1378 1300 aliis
1393 1272 1488 1310 justis
1505 1272 1619 1305 modis,
1632 1275 1796 1311 prestante
1811 1273 1960 1307 Domino,
1973 1274 2092 1312 poterit
2104 1274 2248 1312 adipisci,

1238 1324 1333 1353 firma
1364 1325 1456 1353 vobis
1487 1325 1667 1363 vestrisque
1698 1326 1932 1355 successoribus
1963 1329 1995 1355 et
2025 1327 2148 1356 illibata
2180 1336 2249 1365 per-

1239 1380 1403 1406 maneant.
1431 1378 1465 1406 In
1489 1378 1605 1416 quibus
1629 1379 1686 1407 hec
1708 1379 1843 1416 propriis
1866 1379 2017 1408 duximus
2039 1380 2248 1418 exprimenda

1239 1430 1405 1459 vocabulis
1431 1440 1437 1459 t
1470 1431 1576 1460 locum
1608 1431 1714 1469 ipsum
1737 1431 1769 1460 in
1795 1441 1858 1470 quo
1883 1432 2008 1470 prefata
2033 1432 2163 1461 ecclesia
2187 1433 2249 1462 sita

1240 1485 1299 1517 est,
1320 1492 1393 1511 cum
1413 1483 1562 1512 omnibus
1582 1483 1784 1521 pertinentiis
1804 1484 1868 1513 suis
1890 1494 1895 1513 ς
1917 1484 1949 1513 in
1969 1485 2105 1514 Metensi
2133 1485 2252 1523 episco-

1240 1538 1331 1574 patu,
1354 1536 1519 1565 ecclesiam
1548 1537 1586 1565 de
1608 1537 1735 1570 Aureio,
1765 1537 1929 1566 ecclesiam
1958 1537 1996 1566 de
2018 1538 2152 1572 Mansia,
2177 1538 2254 1567 allo-

1241 1588 1331 1617 dium
1358 1589 1396 1617 de
1421 1589 1533 1618 Fabris
1551 1591 1583 1618 et
1601 1589 1639 1618 de
1657 1589 1792 1618 Noereio
1809 1591 1842 1618 et
1859 1590 1897 1619 de
1914 1590 2080 1619 Waldonis
2090 1591 2165 1620 villa
2177 1600 2250 1620 cum

1243 1641 1364 1679 capella
1389 1644 1421 1670 et
1446 1641 1595 1670 omnibus
1621 1651 1682 1680 que
1707 1642 1827 1671 ibidem
1852 1643 1997 1677 habetis;
2036 1643 2190 1672 allodium
2215 1643 2254 1672 de

1242 1694 1456 1728 Ramisbatm,
1502 1695 1655 1724 allodium
1687 1696 1725 1724 de
1757 1695 1888 1729 Filieris‚
1928 1695 2082 1725 allodium
2114 1697 2152 1725 de
2183 1696 2255 1725 Pla-

1242 1747 1369 1781 nevilla,
1386 1747 1540 1776 allodium
1556 1748 1594 1776 de
1610 1747 1669 1776 Ars
1680 1748 1736 1785 (1),
1759 1748 1912 1777 allodium
1924 1749 1962 1777 de
1973 1748 2084 1783 Lubei,
2100 1749 2255 1779 allodium

1241 1800 1279 1829 de
1303 1800 1496 1834 Meramont,
1520 1800 1674 1829 allodium
1693 1801 1731 1829 de
1757 1801 1883 1830 Mancia
1902 1810 1975 1830 cum
1993 1801 2167 1831 medietate
2185 1811 2253 1831 mo-

1240 1852 1360 1882 lendini
1384 1852 1483 1891 ipsius
1507 1853 1616 1882 allodii
1639 1855 1671 1882 et
1695 1853 1795 1883 altera
1820 1853 1995 1883 medietate
2019 1854 2193 1884 molendini
2213 1855 2252 1884 de

1240 1905 1350 1944 Longo
1379 1906 1487 1940 Prato,
1517 1906 1701 1935 molendino
1731 1906 1769 1935 de
1806 1906 1954 1941 Lacorra,
1992 1907 2175 1936 molendino
2213 1908 2252 1937 de

1239 1958 1395 1992 Jamellis,
1414 1958 1598 1988 molendino
1618 1959 1656 1988 de
1674 1959 1734 1988 Ars
1752 1961 1785 1988 et
1803 1959 1952 1988 omnibus
1971 1959 2188 1998 predictorum
2207 1960 2252 1989 al·

1239 2011 1397 2041 lodiorum
1414 2011 1629 2050 appenditiis;
1647 2011 1679 2040 in
1697 2012 1809 2041 eadem
1827 2021 1955 2051 quoque
1969 2012 2102 2042 civitate
2116 2013 2252 2043 Metensi

1239 2066 1271 2093 et
1296 2064 1407 2102 burgo,
1433 2065 1471 2093 de
1495 2065 1541 2094 VI
1565 2065 1752 2093 theloneum
1777 2073 1840 2094 non
1865 2065 2066 2103 persolvatis,
2098 2066 2252 2104 quemad-

1238 2118 1372 2147 modum
1384 2126 1401 2146 a
1414 2117 1579 2156 quondam
1592 2117 1766 2155 Stephano,
1780 2117 1922 2147 civitatis
1934 2118 2078 2156 ejusdem
2090 2118 2251 2157 episcopo,

1237 2170 1330 2200 vobis
1356 2179 1541 2199 concessum
1567 2179 1633 2199 esse
1659 2170 1846 2200 dinoscitur.
1871 2170 1906 2199 In
1925 2171 2111 2200 Treverensi
2131 2171 2252 2201 archie-

1237 2223 1419 2262 piscopatu,
1451 2223 1605 2252 allodium
1637 2223 1724 2262 quod
1755 2225 1892 2252 vocatur
1921 2223 2143 2262 Aqueductus,
2175 2224 2252 2254 allo-

1238 2276 1326 2305 dium
1344 2276 1495 2306 Frazonis
1511 2275 1585 2305 ville
1599 2278 1632 2305 et
1644 2276 1798 2305 allodium
1814 2276 1852 2305 de
1868 2276 1982 2305 Buriis.
2010 2276 2046 2305 In
2063 2277 2251 2315 episcopatu

1236 2329 1442 2363 Virdunensi,
1469 2329 1623 2358 allodium
1650 2329 1688 2358 de
1713 2329 1826 2363 Vilers,
1852 2329 2006 2358 allodium
2033 2330 2071 2358 de
2096 2330 2251 2359 Amblan-

1237 2384 1341 2415 mont,
1364 2382 1518 2411 allodium
1541 2382 1580 2411 de
1603 2382 1783 2415 Rouncurt,
1806 2382 1960 2411 allodium
1982 2382 2021 2411 de
2044 2382 2250 2416 Gundricort,

1238 2435 1392 2464 allodium
1408 2435 1446 2464 de
1462 2434 1596 2469 Rulant,
1612 2434 1766 2464 allodium
1782 2435 1820 2463 de
1834 2434 2027 2469 Vasancurt‚
2043 2435 2196 2464 allodium
2212 2436 2251 2464 de

1236 2488 1297 2521 Bu,
1313 2487 1467 2517 allodium
1483 2488 1522 2516 de
1540 2487 1743 2521 Fescamont,
1763 2490 1795 2517 et
1817 2487 1972 2516 allodium
1991 2488 2029 2516 de
2056 2488 2250 2522 Vuchecurt,

1238 2541 1392 2570 allodium
1410 2549 1538 2579 quoque
1556 2541 1595 2570 de
1613 2540 1792 2578 Roburgis;
1810 2540 2031 2569 molendinum
2043 2541 2081 2570 (le
2094 2540 2204 2570 Cernei
2218 2543 2251 2570 et

1239 2593 1448 2622 medietatem
1483 2594 1522 2622 de
1557 2593 1691 2631 Guepan
1726 2593 1921 2627 molendino,
1956 2593 2176 2622 molendinum
2211 2594 2250 2622 de

1240 2646 1393 2676 Subriaco
1420 2648 1526 2675 castro
1552 2648 1585 2675 et
1611 2646 1767 2684 capellam
1793 2646 1853 2675 sub
1880 2646 1992 2675 eodem
2019 2648 2125 2675 castro
2151 2645 2251 2675 nichi-

1238 2699 1377 2728 lominus
1404 2699 1645 2728 confirmamus.
1674 2698 1795 2728 Crisma
1823 2707 1909 2732 vero,
1946 2699 2050 2727 oleum
2086 2700 2247 2732 sanctum,

1239 2752 1495 2781 consecrationes
1522 2751 1673 2781 altarium
1700 2760 1755 2780 seu
1782 2751 1996 2784 basilicarum,
2030 2751 2249 2780 ordinationes

1239 2805 1426 2834 clericorum
1445 2805 1499 2843 qui
1517 2805 1558 2834 ad
1578 2804 1704 2833 ordines
1721 2803 1842 2833 fuerint
1860 2803 2082 2842 promovendi,
2102 2803 2251 2833 benedic-

1237 2858 1341 2887 tiones
1368 2858 1526 2887 abbatum
1554 2856 1620 2886 sine
1643 2857 1811 2886 exactione
1835 2855 2015 2885 obedientie
2038 2865 2056 2885 a
2080 2856 2250 2886 diocesano

1237 2910 1418 2949 suscipiatis
1436 2910 1596 2948 episcopo,
1621 2909 1779 2948 siquidem
1804 2909 1980 2938 catholicus
2003 2908 2101 2938 fuerit
2124 2911 2158 2939 et
2180 2916 2251 2948 gra-

1275 3041 1298 3064 1.
1318 3039 1366 3065 Ces
1385 3041 1452 3064 trois
1473 3041 1545 3064 mots
1564 3041 1627 3064 sont
1646 3045 1696 3068 par
1714 3044 1815 3067 erreur,
1834 3037 1941 3067 repetes
1960 3039 2029 3063 dans
2048 3038 2073 3062 le
2092 3039 2178 3062 texte.

2109 3199 2142 3225 ⁹7
