2477 3512
320 259 382 288 674
1010 263 1243 295 REGISTRES
1271 264 1573 299 D'ALEXANDRE
1600 270 1645 299 IV

318 337 349 363 et
371 333 549 363 litterarum
571 334 706 364 scientia
721 334 941 375 interpellant.
956 337 1175 369 i-'Xttendentes
1188 339 1299 379 igitur,

316 388 397 428 quod
423 389 647 429 progenitores
681 389 788 420 dilecti
814 390 868 421 filii
894 393 1040 433 magistri
1065 394 1228 426 Laurentii
1259 396 1298 428 de

316 443 481 482 Clausura,
511 445 662 485 capicerii
700 447 921 481 lexoviensis,
956 449 1142 481 subdiaconi
1176 453 1291 491 nostri,

313 500 364 539 qui
389 500 427 530 de
467 500 671 532 nobilioribus
699 503 851 534 Romanis
875 505 1055 536 extiterunt
1082 506 1220 545 civibus,
1243 519 1300 550 per

314 555 411 586 multe
442 556 622 588 devotionis
655 558 810 600 obsequia
836 561 978 592 Romane
1001 562 1148 595 Ecclesie
1170 564 1297 605 placue-

312 617 397 647 runt,
411 618 444 644 ot
461 614 543 654 quod
565 615 632 656 ipse
651 616 808 656 magister
823 618 1016 649 Laurentius
1033 619 1071 650 ad
1090 625 1296 661 paternorum

311 679 346 699 se
371 669 514 700 ostendit
533 671 718 702 meritorum
733 673 974 706 similitudinem
987 676 1177 715 studiosum,
1193 689 1231 709 ac
1245 678 1296 709 diu

310 725 490 756 scolasticis
511 726 687 768 disciplinis
702 729 867 769 insistens,
881 734 1049 772 postquam
1065 733 1095 764 in
1110 733 1295 766 liberalibus

309 781 431 811 artibus
470 784 585 814 meruit
619 786 806 819 cathedram
838 788 1073 829 magistralem,
1118 791 1295 823 ascendere

310 837 513 870 laudabiliter
534 840 561 870 in
589 843 724 882 utroque
739 842 812 883 jure
841 844 996 885 profecit3
1020 847 1199 878 accedente
1219 859 1294 889 pre-

309 893 416 924 missis
446 894 558 926 dilecti
588 897 642 927 tilii
672 899 775 929 nostri
803 898 839 930 O.
864 902 973 932 Sancti
1002 902 1133 933 Adriani
1166 903 1292 935 diaconi

307 949 481 980 cardinalis
501 951 667 992 instantia,
691 955 742 994 qui
764 966 819 996 pro
841 957 908 997 ipso
930 957 1020 988 uobis
1041 959 1199 989 attentius
1220 970 1292 1001 sup-
1318 962 1319 989 ἶ

306 1004 450 1045 plicavit,
487 1008 726 1041 fraternitatem
761 1015 845 1042 tuam
880 1024 1045 1053 rogamus,
1073 1025 1238 1046 monemus
1259 1023 1291 1047 et

305 1062 471 1094 hortamur
491 1068 627 1104 attente,
649 1078 705 1107 per
725 1069 902 1109 apostolica
922 1069 980 1100 tibi
1002 1071 1121 1112 scripta
1141 1072 1290 1104 districte

301 1120 508 1160 precipiendo
528 1122 730 1162 mandantes,
749 1126 896 1164 quatinus
914 1127 1087 1158 attendens
1108 1128 1190 1169 quod
1206 1129 1289 1161 idem

301 1176 459 1217 magister
480 1188 536 1218 per
561 1190 595 1209 sc
620 1190 657 1210 ac
674 1190 749 1211 suos
780 1181 835 1212 libi
862 1187 893 1213 et
922 1184 1061 1215 ecclesie
1092 1190 1145 1216 tue
1171 1187 1289 1227 poterit

300 1232 446 1264 existere
461 1234 631 1274 plurimum
653 1236 849 1275 fructuosus,
863 1238 1053 1271 beneficium
1074 1252 1164 1273 sumn
1190 1244 1283 1285 Bajo-

298 1289 405 1319 censis
427 1290 577 1327 ecclesie,
606 1292 636 1322 in
666 1304 725 1333 qua
754 1295 987 1335 prebendarum
1010 1297 1140 1329 collatio
1175 1300 1214 1330 ad
1249 1302 1280 1331 te

297 1345 463 1385 pertinere
481 1346 609 1385 dicitur,
623 1360 692 1379 cum
710 1351 764 1387 sit,
781 1355 813 1381 ut
826 1353 996 1392 asseritur,
1011 1355 1104 1385 nimis
1127 1361 1221 1387 tenue
1243 1368 1278 1387 ac
1312 1390 1313 1393 ,

295 1401 391 1438 exile„
424 1402 452 1432 in
474 1403 557 1434 alind
594 1406 744 1446 pinguius
782 1408 882 1448 ipsius
905 1410 1045 1442 ecclesie
1078 1412 1282 1452 beneficium,

296 1457 379 1496 quod
411 1469 565 1491 summam
597 1462 708 1503 viginti
742 1463 895 1496 librarum
928 1467 1160 1500 Turonensium
1190 1472 1283 1502 annis

295 1514 428 1554 singulis
450 1527 510 1546 non
531 1518 671 1555 excedat
690 1532 727 1551 ac
744 1523 955 1554 communiam
975 1535 1135 1557 annexam
1148 1526 1280 1567 habeat,

294 1570 319 1599 si
350 1574 443 1602 vacat
473 1572 587 1604 ibidem
620 1575 659 1606 ad
686 1586 819 1617 presens
844 1579 893 1610 vel
921 1583 1152 1622 quamprinuun
1182 1584 1219 1614 ad
1251 1585 1281 1616 id
1308 1572 1309 1605 l

293 1626 446 1659 obtulerit
469 1640 503 1659 se
534 1631 684 1670 facultas,
714 1644 770 1674 pro
791 1638 902 1666 nostra
923 1639 955 1668 et
976 1639 1164 1679 Apostolice
1186 1642 1279 1673 Sedis
1306 1655 1308 1660 ’

293 1686 492 1723 reverentia,
513 1686 615 1718 eidem
639 1690 795 1730 magistro
814 1693 947 1723 studeas
961 1699 1159 1728 commutare
1179 1708 1215 1728 ac
1231 1699 1279 1740 ip-

292 1750 359 1770 sum
382 1742 479 1782 recipi
499 1744 599 1774 facias
621 1745 650 1775 in
671 1746 758 1777 dicta
776 1749 916 1780 ecclesia
933 1751 963 1781 in
989 1753 1177 1784 canonicum
1196 1758 1230 1786 et
1248 1756 1279 1786 in

292 1796 438 1836 fratrem,
458 1801 631 1839 presertim
645 1812 716 1833 cum
733 1802 854 1835 dictum
877 1805 1173 1850 l›enefi‹tiu1n,quod
1194 1822 1276 1843 nunc

289 1852 424 1887 obtinet,
446 1865 506 1886 non
527 1860 733 1889 consueverit
755 1860 813 1891 nisi
837 1864 991 1894 canonico
1015 1866 1194 1907 assignari;
1213 1879 1274 1899 non

289 1909 439 1942 obstante
454 1913 478 1942 si
503 1913 557 1943 tibi
578 1921 631 1944 aut
648 1917 787 1957 capitulo
811 1919 910 1959 ipsius
935 1921 1076 1953 ecclesie
1100 1923 1138 1954 ab
1162 1925 1274 1956 eadem
1301 1935 1302 1941 ¹

288 1966 329 1996 sit
349 1967 431 1999 Sede
461 1980 663 2011 concessum,
686 1973 768 2013 quod
789 1975 827 2005 ad
848 1977 1064 2017 provisionem
1086 1980 1137 2011 vel
1159 1991 1273 2024 recep·
1300 1999 1301 2023 2

288 2023 405 2054 tionem
439 2026 625 2066 cujusquam
659 2039 716 2069 per
748 2030 875 2062 litteras
910 2036 1106 2075 apostolicas
1144 2038 1273 2071 minime

288 2081 442 2115 tenearis,
480 2086 530 2113 aut
567 2084 593 2114 si
623 2084 728 2116 dictus
761 2089 918 2129 magister
954 2091 1033 2122 alias
1063 2093 1274 2127 beneficiatus

285 2137 410 2172 existit,
433 2138 485 2169 vel
505 2140 530 2169 si
552 2141 607 2171 tibi
629 2152 684 2182 pro
705 2143 776 2173 aliis
802 2145 980 2178 direximus
1006 2150 1127 2191 scripta
1148 2156 1270 2191 nostra,

283 2193 395 2233 quibus
422 2195 566 2227 uolumus
599 2200 795 2231 auctoritate
830 2205 1028 2243 presentium
1058 2208 1270 2248 prejudicium

282 2251 446 2289 generari,
468 2262 523 2282 seu
541 2256 664 2285 statuto
684 2255 723 2287 de
748 2262 839 2289 certo
866 2261 1092 2294 canonicorum
1121 2276 1267 2301 numero.

280 2305 476 2346 juramento,
510 2309 753 2344 confirmatione
775 2315 868 2346 Sedis
889 2317 1076 2358 Apostolice
1116 2322 1165 2352 vel
1194 2334 1270 2364 qua-

282 2372 418 2403 cumque
433 2364 584 2397 firmitate
601 2366 662 2398 alia
677 2368 839 2409 roborato,
856 2373 906 2403 vel
922 2375 1062 2414 qualibet
1076 2376 1162 2409 dicte
1174 2379 1269 2411 Sedis

280 2418 494 2459 indulgentia,
512 2431 676 2463 perquam
699 2436 715 2455 a
741 2427 890 2467 precibus
911 2433 944 2461 et
973 2433 1123 2465 mandato
1151 2439 1264 2469 nostro

279 2474 389 2506 haberi
422 2478 526 2516 possis
554 2480 791 2519 quomodolibet
827 2488 1002 2518 excusatus
1032 2490 1082 2520 vel
1124 2493 1267 2524 mandati

279 2532 380 2562 nostri
399 2535 550 2565 executio
566 2535 714 2577 impediri
736 2540 842 2572 valeat
864 2542 892 2572 in
917 2543 976 2574 hac
1003 2553 1110 2586 parte,
1138 2549 1267 2581 etiamsi

278 2587 317 2618 de
335 2589 405 2629 ipsa
424 2590 549 2630 plenam
571 2596 604 2622 et
622 2604 812 2634 expressam
833 2602 982 2639 oporteat
1002 2602 1032 2632 in
1055 2606 1262 2644 presentibus

277 2644 343 2674 fieri
367 2646 575 2684 mentionem,
595 2660 711 2690 preces
731 2655 764 2683 et
780 2654 964 2687 mandatum
985 2661 1129 2691 nostrum
1149 2662 1178 2692 in
1203 2663 1261 2694 hac

276 2706 367 2740 parte
388 2702 498 2734 taliter
517 2704 720 2745 impleturus,
737 2709 819 2749 quod
840 2710 1022 2744 devotionis
1040 2722 1093 2746 tuo
1108 2720 1262 2760 prompti—

276 2756 419 2788 tudinem
450 2761 564 2791 merito
584 2764 858 2798 coimnendemus.
886 2768 1035 2811 Alioquin
1056 2772 1175 2806 dilecto
1198 2775 1261 2808 filio

274 2813 414 2845 ‚Iordane
437 2816 640 2849 Lauduneusi
658 2821 825 2861 capellano
839 2827 950 2856 nostro
971 2829 1003 2858 et
1021 2829 1146 2870 Angelo
1169 2842 1258 2873 pres-

274 2868 375 2900 bitero
407 2872 549 2904 ecclesie
580 2874 770 2908 Sanctorum
804 2880 970 2913 Laurentii
998 2889 1030 2915 et
1060 2886 1188 2919 Damasi
1218 2890 1258 2921 de

276 2924 360 2956 Urbe
381 2929 556 2966 canonicis,
583 2931 727 2963 Parisios
752 2939 1037 2979 commorantibus,
1061 2945 1179 2975 nostris
1200 2946 1272 2977 da-·

1327 332 1330 386 l
1355 350 1423 371 mus
1441 341 1560 373 litteris
1579 344 1610 374 in
1631 345 1804 383 mandatis,
1829 351 1862 377 ut
1885 347 1943 387 ipsi
1965 358 2064 389 super
2082 349 2141 380 lioc
2154 352 2340 384 mandatum

1326 434 1327 439 ¹
1351 398 1563 438 apostolicum
1602 405 1820 441 exequantur.
1865 401 2129 436 contradictores
2168 410 2233 438 etc.
2279 419 2340 440 non

1326 463 1327 487 3
1349 453 1499 485 obstante
1515 456 1750 488 constitutione
1771 458 1811 489 de
1838 457 1962 490 duabus
1985 459 2080 491 dietis
2102 461 2191 493 edita
2211 464 2241 494 in
2262 475 2341 497 con-

1351 510 1423 541 cilio
1449 512 1608 549 generali.
1637 512 1808 544 dummodo
1839 514 1922 545 ultra
1950 516 2080 547 tertiam
2113 518 2164 549 vel
2191 523 2339 559 quartam

1324 596 1325 609 χ
1350 567 1444 608 aliqui
1467 570 1531 599 etc.
1556 578 1677 610 usque:
1698 569 1881 601 trahantur.
1907 572 2019 603 Datum
2042 573 2246 608 Laterani.II
2267 576 2339 608 idus

1352 623 1436 658 maii.
1460 634 1542 654 anno
1562 626 1670 656 tertio.
1686 640 1699 652 n

1419 753 1520 779 2199
1896 759 2170 795 i'ite1·he,24juil{et
2188 766 2265 790 1257.

1382 842 1608 877 Archiepiscopo
1627 836 1800 871 Bituricensi
1818 847 1963 878 concedit.
1982 852 2011 874 ut
2033 850 2206 884 magistrum
2227 851 2336 878 nadul-

1346 890 1434 923 phum
1449 891 1483 916 de
1501 892 1676 918 Sarentonio
1697 895 1873 921 canonicum
1888 895 1923 921 dc
1940 897 2082 930 Magduno
2111 898 2138 924 in
2157 899 2336 926 canonicum

1318 946 1319 957 i
1344 938 1485 963 ecclesiae
1503 939 1693 966 Bituricensis
1717 941 1806 975 recipi
1834 942 1932 969 saciat.
1958 944 2034 972 „Ili-10.
2060 946 2102 975 25,
2118 954 2146 971 a.
2171 946 2217 977 ΙΙΙ,
2233 948 2334 980 c.608,

1316 973 1319 1034 ξ’
1345 984 1362 1009 s.
1381 987 1435 1010 770

1316 1074 1317 1127 l
1388 1086 1400 1098 τι
1427 1073 1712 1117 ..archiepiscopo
1740 1076 1952 1108 Bituricensi.
1989 1080 2052 1110 Per
2085 1081 2192 1111 studia
2217 1082 2330 1113 lauda-

1315 1136 1316 1149 ³
1342 1129 1412 1159 bilis
1434 1149 1480 1160 —.
1504 1131 1574 1162 nat.
1595 1131 1747 1164 Viterbii.
1772 1133 1845 1164 VIII
1867 1134 1930 1166 kal.
1955 1135 2038 1175 julii.
2075 1146 2158 1168 anno
2185 1138 2329 1169 tertio.»

1314 1158 1317 1202 l

1411 1269 1512 1297 2200
1834 1275 1955 1309 Anagni,
1972 1276 2162 1309 luseptvmbre
2180 1278 2256 1303 ¹256.

1374 1357 1513 1391 Episcopo
1523 1358 1721 1385 Lemovicensi
1731 1360 1860 1391 mandat,
1870 1364 2016 1394 quatenus
2028 1361 2163 1388 Andreae
2176 1362 2212 1389 de
2219 1364 2331 1390 Merca-

1311 1421 1312 1425 =
1336 1408 1373 1436 to,
1391 1405 1525 1438 ejusdem
1536 1406 1665 1440 episcopi
1684 1408 2009 1442 procuratori‚pauperi
2023 1409 2212 1436 subdiacono
2227 1410 2327 1437 Lemo·

1310 1462 1312 1475 ι
1336 1453 1461 1479 vicensis
1473 1453 1628 1485 dioecesis,
1649 1454 1684 1480 de
1696 1455 1874 1489 competenti
1894 1456 2063 1489 praebenda
2081 1457 2242 1490 providere
2259 1466 2326 1492 pro-

1335 1504 1426 1526 curet.
1443 1502 1522 1535 (Rite.
1535 1503 1613 1533 25,a.
1632 1502 1678 1530 ΙΙΙ,
1698 1504 1796 1535 c.609‚
1811 1503 1830 1529 s.
1847 1505 1901 1536 77.)

1380 1606 1393 1619 «
1414 1617 1434 1622 ..
1451 1591 1603 1634 episcopo
1619 1591 1854 1624 Lemonia-ensi.
1876 1593 2079 1624 Constitutus
2106 1594 2137 1624 iu
2158 1594 2324 1635 presentia

1334 1649 1445 1679 nostra
1464 1648 1602 1679 dilectus
1619 1648 1702 1679 filius
1723 1649 1870 1680 Andreas
1892 1649 1932 1680 de
1959 1650 2118 1688 Mercato,
2131 1653 2324 1692 procurator

1332 1706 1416 1742 tuus,
1430 1715 1551 1746 pauper
1571 1705 1786 1736 subdiaconus
1798 1707 1853 1737 tue
1875 1705 2028 1744 diocesis,
2044 1706 2133 1737 nobis
2157 1707 2324 1738 humiliter

1331 1761 1535 1802 supplicavit,
1561 1764 1594 1792 ut
1614 1772 1686 1792 cum
1707 1762 1774 1803 ipse
1795 1761 1834 1793 de
1864 1762 2000 1803 quadam
2024 1763 2111 1794 tenui
2133 1763 2272 1794 ecclesia
2288 1766 2322 1794 et

1329 1818 1484 1858 pensione
1516 1819 1609 1849 trium
1643 1818 1794 1849 librarum
1820 1819 2060 1850 Lemovicensis
2080 1824 2222 1857 monete,
2241 1830 2319 1861 quas

1329 1874 1465 1913 obtinet,
1489 1878 1627 1916 nequeat
1648 1875 1781 1906 comode
1806 1876 1997 1908 sustentari.
2031 1886 2090 1907 nec
2108 1876 2193 1907 aliud
2221 1876 2319 1907 bene-

1328 1930 1433 1962 ficium
1448 1931 1578 1969 habeat,
1599 1931 1761 1973 provideri
1778 1932 1836 1962 sibi
1857 1931 1895 1963 de
1909 1932 2113 1973 benignitate
2135 1933 2316 1974 apostolica

1328 1988 1565 2019 mandaremus.
1584 1989 1662 2025 Quia
1696 1999 1774 2019 vero
1812 1988 1898 2020 dicto
1923 1989 2121 2020 subdiacono
2147 1989 2316 2021 laudabilis

1300 2026 1301 2045 l
1326 2045 1585 2076 conversationis
1605 2052 1638 2076 et
1659 2046 1724 2077 vite
1744 2046 1860 2076 merita
1883 2044 2054 2086 suffragari
2076 2045 2239 2084 dicuntur,
2258 2056 2316 2078 nos

1326 2112 1398 2132 eum
1406 2104 1539 2143 propter
1557 2102 1618 2133 hoc
1633 2102 1684 2143 pia
1700 2101 1917 2133 benivolentia
1931 2103 2181 2143 prosequenteS,
2198 2102 2316 2134 frater-

1327 2158 1462 2189 nitatem
1475 2160 1561 2189 tuam
1577 2168 1729 2200 rogamus
1742 2162 1775 2189 et
1793 2159 1959 2189 hortamur
1975 2158 2314 2197 attente,mandantes

1326 2215 1474 2255 quatinus
1495 2215 1598 2246 eidem
1626 2214 1820 2246 subdiacono
1840 2214 1945 2245 dictas
1979 2214 2152 2246 ecclesiam
2177 2218 2211 2246 et
2234 2225 2312 2257 pen-

1326 2271 1446 2302 sionem
1472 2271 1574 2303 Iibere
1588 2272 1759 2313 resignare
1780 2275 1905 2312 parato,
1926 2270 2103 2302 secundum
2125 2281 2182 2303 sue
2202 2271 2312 2313 probi—

1324 2328 1400 2358 tatis
1422 2329 1572 2360 meritum
1586 2329 1618 2359 in
1639 2330 1691 2359 tua
1712 2328 1847 2359 civitate
1875 2328 1925 2358 vel
1954 2327 2075 2359 diocesi
2104 2327 2144 2359 de
2171 2327 2310 2369 preben—

1323 2384 1386 2415 dali
1420 2385 1472 2416 vel
1503 2385 1566 2416 alio
1599 2385 1824 2416 ecclesiastico
1854 2384 2014 2416 beneficio
2044 2384 2308 2426 competenti,ad

1322 2442 1552 2483 cujuscumque
1573 2441 1778 2472 collationem
1799 2443 1981 2482 spectante-7
2004 2442 2100 2472 etiam
2123 2451 2233 2472 euram
2252 2441 2308 2472 ha-

1321 2498 1417 2529 bente
1437 2498 1614 2529 animarum
1637 2507 1809 2532 annexam,
1833 2497 1908 2528 nulli
1930 2497 1981 2528 alii
2015 2498 2054 2528 de
2076 2496 2149 2539 jure
2183 2497 2305 2536 debito,

1320 2555 1347 2585 si
1360 2556 1457 2586 vacat
1476 2554 1514 2585 ad
1533 2564 1667 2596 presens
1686 2554 1735 2585 vel
1753 2554 1916 2594 quamcito
1933 2564 1967 2585 se
1985 2553 2122 2584 facultas
2137 2553 2303 2591 obtulerit,

1318 2610 1487 2642 dummodo
1504 2611 1545 2641 sit
1564 2610 1708 2652 ydoneus
1725 2612 1758 2640 et
1779 2610 1855 2640 velit
1871 2610 1901 2640 in
1918 2610 1971 2641 illo
1988 2609 2206 2651 personaliter
2224 2610 2305 2640 resi-

1316 2667 1404 2706 dere,
1421 2677 1479 2708 per
1501 2671 1531 2698 te
1552 2667 1605 2698 vel
1624 2677 1682 2708 per
1706 2667 1800 2697 alium
1826 2667 2021 2697 auctoritate
2059 2668 2169 2697 nostra
2196 2666 2305 2706 provi-—

1315 2723 1392 2755 dere
1413 2733 1580 2765 procures,
1604 2722 1726 2754 faciens
1747 2733 1819 2753 eum
1845 2723 1877 2753 in
1903 2722 2056 2758 ecelesia,
2093 2722 2124 2752 in
2151 2732 2211 2762 qua
2243 2721 2302 2753 sibi

1313 2780 1489 2821 contigerit
1508 2779 1684 2821 provideri,
1699 2781 1724 2810 si
1741 2779 1914 2819 collegiata
1935 2779 2045 2816 fuerit,
2067 2779 2096 2808 in
2111 2778 2299 2809 canonicum

1311 2837 1413 2877 recipi
1433 2841 1465 2867 et
1493 2837 1523 2866 in
1549 2836 1697 2874 fratrem,
1721 2846 1783 2867 non
1809 2835 1960 2866 obstante
1987 2836 2110 2866 statuto
2142 2834 2181 2865 de
2209 2836 2301 2866 certo

1310 2893 1535 2924 canonicorum
1557 2902 1690 2924 numero
1711 2892 1760 2923 vel
1780 2891 2024 2923 confirmatione
2045 2890 2298 2932 Sedis‘Aposto-

1310 2949 1369 2981 lice
1381 2960 1436 2980 seu
1455 2959 1654 2990 quacumque
1675 2948 1828 2979 firmitate
1851 2947 1984 2982 vallato,
2015 2956 2070 2978 seu
2097 2947 2123 2977 si
2149 2957 2205 2987 pro
2226 2946 2297 2978 aliis

2472 3318 2475 3322 ι
2462 3143 2477 3294 ’ΔὺΑ-ι--“
2469 3072 2477 3126 ...a
2470 3002 2477 3060 ..-ι
