2477 3512
291 272 356 304 662

987 263 1218 295 uuuis'rREs
1245 261 1397 294 D'ALEx
1405 263 1429 292 A
1437 262 1549 294 NDRE
1575 263 1616 294 IV

287 340 485 375 diaconales,
505 342 536 367 et
551 347 568 367 e
585 334 951 370 converso,diaconibus
963 330 1271 363 velsubdiaconibus
1295 334 1297 361 l
1323 332 1381 362 sibi
1404 331 1445 362 de
1475 332 1674 374 benignitate
1700 332 1793 363 Sedis
1813 332 2000 373 Apostolice
2021 343 2219 365 curaremus.
2245 333 2313 364 Vo-

287 394 510 427 sacerdotales
532 391 694 434 prebende
721 394 834 422 contra
862 390 984 421 dictum
1013 390 1170 420 statutum
1211 397 1270 418 non
1296 388 1297 429 l
1324 389 1430 419 lentes
1449 389 1550 429 igitur
1569 388 1650 429 quod
1672 389 1711 419 de
1730 389 1816 419 «licto
1832 388 1953 420 clerico
1971 389 2021 430 pie
2041 390 2219 431 incepimus
2240 399 2311 431 per-

1296 434 1297 445 i

287 452 417 482 valeant
437 449 610 489 assignari.
651 449 770 478 Verum
807 448 906 478 Petro
927 446 964 476 de
986 447 1105 476 Sancto
1126 444 1272 475 Jonanne

286 506 472 548 supradicte
498 506 634 536 ecclesie
656 504 811 535 canonico
838 503 1029 543 religionem
1063 502 1217 536 intrante,
1240 502 1273 531 et

286 563 328 595 ib'i
349 574 404 604 per
421 572 534 593 annum
557 566 589 592 et
606 561 742 601 amplius
761 570 881 590 moram
900 559 1062 593 trahente,
1081 556 1272 589 Guillelmus

290 619 437 661 Pauperii
459 618 642 660 presbyter.
675 620 785 647 rector
804 615 945 647 ecclesie
959 614 999 646 de
1022 614 1194 648 Villebret,
1218 613 1272 643 Bi—

287 676 458 708 turicensis
485 674 632 707 diocesis.
656 683 753 715 snper
774 671 993 703 subdiaconali
1014 670 1189 712 prebenda,
1210 679 1272 710 que

287 733 345 764 suit
363 732 439 763 dicti
462 731 550 762 l’etri
568 735 600 762 et
622 741 678 772 per
698 729 880 770 hujusmodi
901 728 1068 769 religionis
1089 728 1272 768 ingressum

286 789 415 821 vacavit
430 788 559 822 ibidem,
576 788 636 828 ipsi
656 786 774 817 Sadoni
795 785 903 816 debita
925 787 959 816 et
977 784 1163 826 Apostolice
1181 782 1273 814 Sedis

286 848 466 878 litterarum
480 844 676 875 auctoritate
693 843 847 874 canonice
872 842 1003 877 collata,
1025 844 1138 871 contra
1169 841 1274 870 statu-

286 907 352 934 tum
370 901 552 943 hujusmodi
569 902 602 931 et
614 899 849 931 ordinationem
865 897 1107 940 predecessoris
1122 895 1271 938 predicti,

286 969 357 991 eum
374 958 532 1000 presumit
551 956 694 987 indebite
715 955 905 986 molestare.
927 955 1009 990 Quia
1028 963 1106 984 voro
1127 951 1274 993 prefatus

288 1015 372 1047 Sado
392 1014 484 1045 duxit
504 1015 635 1054 propter
659 1013 717 1043 lioc
740 1012 778 1042 ad
801 1014 943 1042 nostram
966 1009 1199 1051 providentiam
1221 1017 1274 1038 re-

287 1071 493 1107 currendum,
527 1069 716 1101 mandamus
740 1069 904 1108 quatinus,
939 1066 1084 1108 partibus
1112 1074 1274 1096 convoca-

290 1129 328 1159 tis
349 1131 413 1159 etc.
439 1137 556 1167 usque:
580 1126 757 1157 observari.
782 1125 897 1154 Testes
925 1126 1032 1153 autem
1066 1124 1129 1152 etc.
1160 1121 1273 1151 Datum

290 1185 442 1221 Viterbii,
462 1184 517 1214 llll
541 1183 608 1213 idus
631 1182 772 1222 augusti,
800 1191 883 1210 anno
900 1180 1011 1210 terno.
1040 1192 1052 1204 »

360 1352 460 1380 2162
842 1348 967 1375 Viterbe,
996 1348 1023 1371 17
1041 1346 1109 1371 aosit
1129 1346 1202 1370 1257.

323 1443 548 1476 Areliiepisvopo
572 1439 799 1473 liothomagensi
828 1437 958 1470 mandat,
976 1439 1122 1470 quatenus
1138 1434 1273 1461 abbatem

286 1495 314 1518 et
331 1494 509 1517 conventum
525 1488 696 1515 monasterii
710 1490 735 1513 S.
748 1486 883 1520 Stephani
897 1485 932 1511 de
942 1484 1069 1510 Cadomo
1086 1482 1274 1516 compellant,

287 1543 318 1566 ut
334 1539 525 1565 Benedictum
551 1538 660 1563 dictum
683 1535 780 1565 Mulot,
805 1533 1020 1560 subdiaconum
1039 1531 1229 1563 Bajocensem
1247 1529 1274 1555 in

291 1587 466 1614 monachum
484 1585 552 1611 dicti
575 1583 746 1610 monasterii
763 1582 918 1615 recipiant.
936 1580 1011 1605 'liam
1025 1580 1102 1606 ⁶25,a.
1123 1578 1274 1608 ithus-15,

288 1635 305 1660 Γ.
322 1637 377 1661 ΠΛ

335 1739 348 1753 ιι
369 1750 390 1755 ..
409 1722 659 1765 archiepiscopo
673 1717 945 1761 Rotlzonmyemz'.
961 1715 1274 1748 Beuedictusdictus

294 1782 395 1814 Mulot
416 1780 630 1811 subdiaconus
643 1776 833 1817 Bajocensis
842 1775 982 1806 diocesis
996 1774 1025 1804 in
1043 1774 1154 1804 nostra
1164 1782 1275 1814 propo-

293 1839 357 1869 suit
379 1836 542 1879 presentia
563 1835 771 1871 constitutus,
786 1831 879 1872 quod,
900 1841 971 1861 cuin
986 1830 1060 1860 olim
1082 1830 1150 1870 ipse
1171 1827 1276 1858 felicis

290 1893 525 1927 recordationis
544 1893 566 1922 l.
591 1901 671 1932 pape
692 1888 935 1931 predecessoris
951 1887 1113 1923 nostri,ac
1134 1887 1276 1926 postmo-

291 1952 366 1983 dum
376 1952 505 1981 nostras
519 1949 557 1979 ad
567 1949 671 1979 instar
683 1945 926 1988 predecessoris
940 1944 1039 1985 ipsius
1050 1942 1100 1973 ad.
1111 1967 1116 1971 .
1127 1941 1276 1972 abbatem
1302 1957 1303 1963 ι

292 2011 325 2039 et
341 2009 538 2039 conventum
560 2003 751 2035 monasterii
764 2002 873 2033 Sancti
891 2000 1047 2041 Stephani
1067 1999 1106 2029 ‹le
1124 1997 1275 2035 Fadomo,
1302 2001 1303 2008 ¹

291 2064 414 2096 ordinis
434 2062 545 2094 Sancti
567 2061 748 2097 Benedicti,
771 2058 919 2100 ejusdem
940 2056 1094 2089 diocesis,
1115 2065 1212 2095 super
1226 2063 1278 2084 re-
1303 2048 1304 2051 ¹

293 2122 441 2163 ceptione
462 2120 565 2151 suain
585 2128 696 2149 eorum
713 2115 907 2147 monasterio
926 2115 958 2145 in
980 2113 1173 2144 monaclnnn
1195 2115 1228 2142 et
1249 2111 1279 2140 in

294 2179 430 2210 fratrem
451 2178 481 2208 in
503 2177 625 2207 virtute
645 2173 829 2205 obedientie
848 2172 978 2203 litteras
1000 2170 1224 2211 impetrasset,
1243 2177 1280 2198 ac

294 2235 422 2266 demum
441 2233 565 2265 eisdem
585 2231 700 2263 abbat-e
717 2232 750 2261 et
766 2235 927 2260 conventu
949 2229 1094 2258 nostrum
1115 2227 1146 2255 et
1167 2224 1280 2265 prede-

294 2290 437 2323 cessoris
466 2290 565 2330 ipsius
588 2287 772 2318 mandatum
795 2295 891 2326 super
916 2284 976 2314 boc
1006 2293 1066 2313 non
1091 2280 1281 2312 curantibus

295 2347 483 2388 adimplere,
510 2371 529 2376 ..
553 2344 684 2376 officiali
700 2342 871 2384 Bajocensi
888 2341 1000 2380 suique
1019 2339 1144 2379 college
1162 2337 1281 2367 nostris

294 2405 480 2437 dederimus
493 2402 611 2434 litteris
623 2401 652 2431 in
665 2399 836 2437 mandatis,
848 2400 881 2429 ut
895 2396 1025 2428 eosdem
1038 2395 1076 2426 ad
1090 2394 1118 2425 id
1130 2394 1282 2424 inducere

297 2462 522 2503 procurarent,
549 2461 582 2490 et
609 2458 635 2488 si
656 2467 766 2488 eorum
792 2454 952 2485 mandatis
978 2453 1037 2494 ipsi
1070 2451 1282 2491 acquiescere

298 2519 500 2552 recusarent,
522 2515 597 2546 dicti
614 2513 763 2544 ‹›fficialis
784 2515 817 2542 et
842 2510 970 2551 collega
990 2518 1133 2540 causam.
1153 2509 1284 2548 propter

298 2586 392 2616 quam
409 2584 479 2605 eum
505 2572 628 2603 nollent
654 2570 815 2610 recipere.
837 2567 927 2597 nobis
956 2576 1014 2607 per
1044 2576 1118 2595 suas
1154 2564 1284 2594 litteras

298 2632 500 2663 intimarent.
525 2628 600 2659 Cum
638 2627 746 2666 itaque
774 2624 892 2666 prelati
917 2621 1017 2653 abbas
1045 2624 1078 2652 et
1104 2624 1284 2651 conventus

299 2689 491 2718 asserentes
503 2695 559 2726 per
573 2683 686 2715 Sedem
697 2680 918 2723 Apostolicam
931 2679 977 2710 eis
992 2678 1061 2708 sore
1079 2685 1282 2712 concessum,

300 2743 381 2784 quod
403 2742 442 2773 ad
463 2741 683 2781 receptionem
709 2737 845 2778 alicujus
867 2745 923 2777 per
948 2732 1284 2774 litterasapostolicas

300 2800 429 2831 minime
468 2799 652 2834 teneantur,
674 2795 777 2835 ipsum
805 2793 951 2833 recipere
983 2790 1179 2827 recusarint,
1202 2787 1283 2818 idem

300 2856 440 2886 clericus
457 2856 588 2896 propter
601 2852 658 2882 hoc
676 2851 744 2891 jam
765 2847 919 2890 expendit
938 2847 1045 2878 onmia
1064 2845 1147 2876 bona
1168 2855 1236 2879 sua.
1251 2845 1284 2874 et

302 2916 416 2953 quarto
437 2911 474 2942 ad
499 2909 613 2942 Sedent
640 2906 858 2948 Apostolicam
887 2903 1045 2935 accedere
1066 2906 1116 2933 est
1137 2904 1282 2938 coactus,

303 2969 391 3000 nobis
412 2967 577 2998 humiliter
587 2963 800 3007 supplicavit,
821 2963 855 2992 ut
876 2959 1045 3002 providere
1063 2959 1092 2989 in
1116 2959 1176 2988 bac
1192 2958 1284 2998 parte

1323 445 1443 476 ducere
1459 444 1499 475 ad
1527 443 1694 476 effectum.
1723 444 1910 476 mandamus
1937 445 2141 485 quati11us‚si
2172 449 2223 476 est
2250 446 2308 482 ita,

1297 536 1298 539 Ἰ
1323 502 1429 533 dictos
1450 500 1599 532 abbatem
1617 507 1649 532 et
1670 504 1878 540 conventum,
1893 507 1926 532 ut
1939 502 2092 533 clericum
2113 503 2216 543 ipsum
2231 503 2312 533 reci-

1324 559 1411 600 piant
1429 559 1457 589 iu
1482 558 1673 589 monachum
1694 563 1726 588 et
1747 559 1776 588 in
1794 558 1929 589 tratrem
1941 559 2037 599 juxta
2055 559 2194 599 priorum
2207 559 2311 589 conti-

1324 615 1469 646 nentiam
1489 615 1686 648 litterarum,
1719 615 1895 646 monitione
1920 615 2091 656 premissa.
2122 625 2180 656 per
2206 617 2238 646 te
2261 614 2311 646 vel

1325 682 1382 713 per
1407 672 1503 702 alium
1529 682 1586 712 per
1613 680 1782 702 censuram
1814 671 2073 702 ecclesiasticam
2097 671 2312 713 appellatione

1324 733 1450 759 remota
1470 727 1658 769 compellas,
1677 728 1889 759 concessione
1911 738 1970 758 uon
1991 728 2143 759 obstante
2169 726 2314 769 predicta

1298 825 1299 828 Ἰ
1325 787 1357 816 et
1391 785 1504 825 quavis
1545 784 1609 815 alia
1640 784 1726 815 dicte
1755 783 1848 815 Sedis
1886 784 2098 825 indulgentia,
2126 793 2184 825 per
2217 792 2312 824 quam

1325 839 1462 872 effectus
1494 842 1694 882 presentium
1719 841 1865 882 impediri
1882 841 1991 872 valeat
2011 841 2061 871 vel
2083 839 2218 871 differri.
2239 840 2310 871 Dat.

1326 898 1477 935 Viterbii,
1501 898 1575 928 XVI
1594 898 1657 929 kal.
1681 897 1888 938 septembri&
1908 908 1989 928 anno
2011 898 2118 928 tertio.
2143 911 2155 924 »ι

1397 1058 1497 1084 2163
1836 1061 1950 1090 Latran.
1963 1062 1977 1086 9
1991 1060 2147 1086 decembre
2165 1062 2240 1087 1255,

1362 1149 1380 1173 Α
1388 1147 1464 1173 bbati
1475 1149 1667 1174 etconventui
1678 1150 1848 1175 monasterii
1864 1150 1890 1175 S.
1903 1150 2041 1183 Stephani
2050 1150 2085 1176 de
2095 1150 2220 1176 cadomo
2231 1157 2314 1176 man-

1300 1215 1301 1220 ,
1327 1195 1385 1226 dat,
1404 1198 1552 1229 quatenus
1567 1196 1758 1222 Benedictum
1781 1196 1893 1223 dictum
1918 1197 2014 1229 Mulot,
2033 1197 2259 1229 subdiaconum,
2283 1196 2313 1223 in

1327 1243 1503 1269 monachum
1517 1243 1586 1269 dicti
1607 1244 1775 1270 monasterii
1800 1245 1951 1279 recipiant.
1962 1245 2045 1278 juxta
2068 1245 2198 1279 priorum
2217 1244 2315 1271 conti-

1328 1290 1458 1316 nentiam
1487 1290 1664 1317 litterarum.
1684 1292 1762 1316 lunc.
1781 1293 1822 1318 2²:¹5.
1840 1299 1864 1317 a.
1877 1292 1922 1323 ΙΙΙ,
1941 1300 1964 1318 c.
1979 1294 2038 1319 576.
2056 1292 2074 1318 s.
2094 1291 2160 1318 ‘ivd

1373 1396 1385 1407 ιι
1409 1406 1428 1411 ..
1445 1380 1560 1412 abbati
1581 1387 1612 1412 el
1626 1381 1805 1413 conventui
1816 1381 2140 1413 monaste1·iisancti
2151 1379 2316 1424 Stephani

1329 1437 1368 1468 tle
1405 1436 1566 1471 cadomo,
1602 1436 1729 1469 ordinis
1762 1438 1880 1469 Sancti
1910 1437 2093 1476 Benedicti,
2122 1436 2316 1481 Bajocensis

1327 1493 1481 1525 diocesis.
1507 1494 1623 1525 Felicis
1647 1494 1882 1527 recordationis
1908 1496 1930 1526 I.
1961 1495 2176 1537 predecessor
2204 1495 2317 1526 noster

1329 1570 1380 1582 —.
1407 1551 1478 1582 nat.
1503 1551 1666 1587 Laterani,
1691 1551 1719 1581 V
1741 1551 1812 1583 idus
1835 1552 2029 1585 decembris,
2054 1562 2137 1582 anno
2162 1551 2274 1593 primo.
2299 1563 2313 1578 »

1399 1692 1498 1719 2164
1903 1692 2026 1726 Anagui,
2046 1694 2061 1717 8
2078 1692 2146 1717 aont
2168 1692 2242 1717 ¹256.

1365 1782 1466 1807 Abbati
1484 1781 1646 1806 Cerasiensi
1674 1784 1701 1806 et
1719 1780 1836 1806 officiali
1856 1779 2006 1813 Bajocensi
2023 1779 2154 1810 mandat,
2170 1780 2316 1812 quatenus

1301 1834 1302 1843 ¹
1328 1829 1463 1856 abbatem
1488 1832 1516 1855 et
1539 1831 1718 1854 conventum
1740 1827 1910 1854 monasterii
1928 1827 1954 1853 S.
1980 1826 2118 1861 Stephani
2136 1826 2171 1852 de
2188 1826 2316 1852 cadomo

1330 1881 1479 1909 moneant,
1506 1880 1538 1903 ut
1559 1876 1748 1902 Benedictum
1771 1875 1881 1901 dictum
1902 1875 1991 1901 Mulot
2006 1875 2033 1900 in
2053 1873 2229 1900 monachum
2245 1873 2316 1899 reci-

1329 1925 1420 1960 piant.
1436 1925 1514 1951 tum.
1533 1926 1576 1956 25,
1593 1932 1618 1949 a.
1638 1924 1683 1955 lli,
1701 1925 1795 1953 1:577,
1811 1923 1829 1948 f.
1846 1924 1911 1948 ’,ἕνην

1376 2032 1390 2044 ιι
1420 2042 1439 2047 ..
1476 2014 1591 2047 abbati
1625 2013 1825 2051 Ceras-z'ensi,
1859 2011 2051 2055 Bajocensis
2087 2009 2226 2042 diocesis
2256 2015 2313 2042 et..

1331 2072 1478 2116 officiali
1513 2070 1702 2114 Bczs'ocensi.
1740 2070 1856 2102 Felicis
1884 2069 2121 2100 recordationis
2155 2086 2207 2098 —-.
2242 2067 2314 2098 Dat.

1333 2130 1511 2171 Anagniae.
1529 2130 1570 2160 Vl
1593 2129 1662 2159 idus
1684 2128 1826 2168 augusti,
1849 2137 1932 2157 anno
1946 2124 2100 2157 secundo.
2127 2139 2140 2152 u

1404 2281 1504 2307 2165
1878 2276 2001 2306 l'iterbe,
2011 2278 2044 2302 30
2055 2274 2155 2309 juillet
2172 2275 2248 2300 1257.

1371 2372 1514 2406 liaynvrio
1542 2371 1684 2397 canonico
1716 2368 1857 2396 ecelesiae
1879 2370 1904 2393 S.
1932 2367 2080 2401 (laugerici
2101 2364 2322 2392 Cameracensis

1335 2421 1477 2455 indulget,
1501 2423 1531 2446 ut
1547 2417 1756 2454 praebendam,
1774 2424 1860 2450 quam
1890 2415 1918 2441 in
1948 2415 2025 2441 dicta
2051 2413 2175 2440 ecclesia
2197 2412 2320 2443 obtinet,

1336 2469 1434 2503 quiete
1447 2467 1596 2502 possidere
1614 2466 1716 2492 valeat.
1732 2465 1808 2490 illud.
1825 2465 1900 2495 235‚a.
1920 2463 1965 2494 ΙΙΙ,
1982 2472 2006 2488 r.
2025 2462 2098 2491 578¹,
2116 2462 2133 2487 s.
2149 2460 2216 2490 72⁸⁴.)

1383 2574 1395 2586 ιι
1429 2555 1595 2600 Baynerio
1621 2554 1739 2587 clerico
1768 2551 1925 2595 maqixtrz'
1951 2549 2105 2594 Adinulfi
2125 2547 2324 2581 subdiaconi

1337 2621 1368 2647 et
1386 2613 1555 2658 capellani
1567 2610 1684 2649 nostri,
1698 2609 1859 2642 canonico
1874 2604 2325 2649 ecclesieSancliGauyerici

1337 2668 1602 2705 Cameracensis.
1639 2666 1853 2708 Exigentibus
1879 2668 1933 2696 tue
1969 2663 2151 2696 devotionis
2186 2661 2323 2699 meritis,

1337 2729 1421 2760 votis
1444 2728 1506 2758 tuis
1527 2726 1667 2757 libenter
1683 2723 1853 2755 annuimus
1874 2724 1905 2753 et
1928 2721 2102 2762 petitiones
2121 2722 2205 2754 tuas,
2227 2728 2326 2759 quan-

1338 2791 1404 2816 tum
1425 2794 1496 2815 cum
1512 2784 1577 2814 Deo
1591 2791 1772 2823 possumus,
1792 2776 2226 2810 favorabiliterexaudimus.
2247 2773 2326 2806 Cum

1336 2842 1447 2883 igitur,
1471 2841 1554 2871 sicut
1574 2840 1604 2870 in
1626 2841 1737 2869 nostra
1765 2835 1956 2877 proposuisti
1983 2832 2149 2875 presentia
2169 2830 2326 2862 constitu-

1338 2901 1401 2936 tus,
1424 2897 1560 2938 quedam
1580 2894 1755 2937 prebenda,
1776 2902 1836 2934 que
1856 2892 1885 2922 iu
1907 2890 2048 2922 ecclesia
2069 2888 2180 2919 Sancti
2194 2888 2326 2928 Gange-

1338 2955 1393 2986 rici
1416 2952 1674 2989 Cameracensis,
1697 2961 1754 2992 per
1773 2950 1908 2980 mortem
1931 2946 2051 2978 Matbei
2071 2945 2111 2976 de
2133 2945 2203 2985 Goy
2227 2943 2327 2985 ipsius
