2477 3512
172 256 234 289 104
872 253 1140 287 REGISTRES
1167 253 1518 286 D’ALEXANDRE
1547 253 1595 285 IV

251 361 338 387 3089
653 360 786 392 Anagni.
810 360 848 386 20
871 360 984 386 fevrier
1007 360 1093 386 1260.

212 414 373 440 Fratribus
395 413 511 440 clericis
533 413 696 446 hospitalis
719 413 747 439 S.
773 413 886 439 Mariae
908 412 1175 439 Theutonieorum

170 459 301 485 mandat
324 460 359 484 ut
381 458 421 484 ad
443 457 678 490 requisitionem
701 459 939 490 praeceptorum
962 457 1019 482 snb
1042 464 1176 490 quorum

169 502 315 535 regimine
345 501 593 531 constituuntur,
624 501 802 534 praedictae
833 500 1075 534 praedicationis
1105 501 1175 526 otti-

168 547 250 573 cium
270 547 382 573 devote
402 552 438 572 ac
457 545 615 571 humiliter
634 546 804 571 assument.
824 545 921 577 (nno.
942 545 990 576 25,
1010 545 1030 570 f.
1051 545 1105 571 241
1129 548 1174 576 νο,

169 598 218 617 an.
237 590 291 621 VI,
308 598 332 616 c.
350 589 461 622 28bis.)

216 695 226 708 «
274 681 453 713 Fratribus
497 680 626 712 clericis
671 680 850 722 hospitalis
896 681 1017 712 Sancte
1062 679 1178 711 Marie

173 734 450 766 Theolonicorum
487 736 655 776 presentes
692 734 818 765 litteras
857 734 1071 775 inspecturis.
1110 732 1179 765 Vix

171 788 304 829 absque
341 787 492 819 lacrimis
530 788 691 819 meditari
729 791 795 819 etc.
835 797 944 828 usque
981 787 1176 822 roboretur,

170 842 264 883 quod
290 841 333 872 ad
360 844 478 882 partes
501 840 595 882 ipsas
619 841 881 883 peregrinorum
905 840 1064 871 confluat
1090 839 1178 871 mul-

170 894 300 931 titudo,
336 903 398 925 nos
432 893 641 925 dilectorum
674 893 826 925 filiorum
862 896 1109 935 preceptorum
1143 895 1178 924 et

170 946 320 978 fratrum
344 947 453 988 ipsius
476 946 607 978 ordinis
631 947 664 978 in
688 947 818 978 eisdem
844 946 991 978 Livonia
1015 948 1049 977 et
1075 945 1178 976 Prus-

171 1000 222 1031 cia
258 1000 427 1031 luctuosis
462 1000 623 1041 precibus
658 999 827 1034 inclinati.
864 999 912 1030 eis
948 1009 1008 1040 per
1042 998 1178 1029 litteras

172 1055 310 1084 nostras
338 1052 504 1084 (luximus
533 1053 797 1084 com-edemlum
827 1053 920 1094 quod
951 1052 983 1083 in
1013 1061 1115 1082 suum
1144 1053 1176 1082 et

172 1105 319 1137 aliorum
359 1105 516 1136 fidelium
556 1105 682 1136 (Iliristi
722 1105 918 1136 subsidium
958 1104 1178 1136 manentium

172 1158 205 1189 in
237 1159 397 1200 partibus
425 1158 648 1199 supradictis,
681 1169 740 1199 per
769 1158 905 1199 aliquos
933 1167 976 1189 ex
1006 1157 1106 1188 vobis
1134 1157 1178 1187 ad

174 1211 237 1242 hoc
263 1212 419 1252 ydoneos
445 1211 478 1242 in
505 1211 617 1251 regnis
642 1221 680 1242 ac
707 1211 895 1253 provinciis
920 1214 951 1242 et
982 1210 1080 1242 terris
1105 1209 1181 1240 aliis

174 1273 240 1305 que
264 1264 421 1305 predicta
447 1264 552 1294 Sedes
575 1264 619 1294 ad
643 1264 735 1295 idem
759 1264 955 1294 subsidium
980 1262 1179 1304 deputavit,

174 1326 311 1348 crucem
335 1326 414 1347 cum
439 1316 532 1347 omni
558 1316 737 1356 diligentia
762 1317 826 1347 sub
850 1326 889 1348 ea
913 1317 1024 1347 forma
1048 1315 1181 1346 faciant.

174 1369 356 1411 predicari,
391 1379 497 1410 quam
531 1368 636 1400 Sedes
669 1369 743 1410 ipsa
777 1379 837 1410 per
868 1378 948 1400 suas
980 1369 1116 1400 litteras
1149 1368 1181 1398 in

176 1422 383 1453 instantiam
424 1422 614 1453 eorundem
657 1425 904 1463 preceptorum
945 1425 979 1454 et
1019 1422 1181 1454 fratrum,

175 1475 311 1507 dilectis
340 1475 421 1506 filiis
452 1474 718 1506 Predicatorum
748 1478 783 1506 et
813 1475 990 1506 Minorum
1019 1474 1182 1506 ordinum

174 1528 343 1560 fratribus
364 1537 404 1559 ac
425 1528 534 1559 etiam
556 1528 771 1570 quibusdam
793 1528 967 1569 episcopis
989 1527 1184 1559 dinoscitur

175 1581 401 1612 commisisse.
450 1582 612 1613 Ceterum
659 1581 824 1612 volumus
870 1581 965 1622 quod
1013 1579 1185 1622 peregrini

176 1633 235 1676 qui
260 1643 321 1675 pro
347 1633 487 1674 negotio
511 1634 586 1675 ipso
611 1634 866 1675 assumpserint
890 1634 1001 1665 crucis
1025 1634 1185 1674 signacu-

176 1687 249 1718 lum
293 1686 347 1717 vel
391 1690 573 1717 assument
615 1686 718 1727 juxta
763 1687 948 1718 consilium
991 1686 1184 1717 eorundem

177 1742 423 1782 preceptorum
451 1742 485 1770 et
513 1740 676 1777 fratrum,
705 1743 827 1771 contra
857 1739 1016 1771 infideles
1043 1739 1184 1770 eosdem

177 1792 448 1835 proficiscantur
476 1795 511 1824 et
541 1796 660 1833 agant,
692 1802 730 1824 ac
761 1793 869 1824 etiam
900 1792 995 1833 quod
1026 1792 1185 1833 redemp-

176 1846 290 1877 tiones
310 1848 475 1877 votorum
496 1846 819 1886 crucesignatorum
841 1845 1058 1886 hujusmodi,
1080 1847 1185 1886 prout

177 1899 307 1930 eisdem
341 1899 606 1940 preceptoribus
638 1902 673 1930 et
706 1899 876 1930 fratribus
908 1902 961 1930 est
995 1908 1013 1930 a
1047 1898 1185 1940 prefata

177 1951 264 1983 Sede
286 1961 502 1988 concessum,
525 1951 570 1983 ab
594 1951 659 1983 illis
681 1961 724 1983 ex
746 1952 847 1983 vobis
870 1952 929 1994 qui
953 1951 1187 1993 predicationi

177 2004 380 2045 hujusmodi
412 2004 543 2036 fuerint
575 2005 750 2047 deputati,
784 2005 889 2037 dictis
921 2004 1187 2046 preceptoribus

176 2060 212 2089 et
241 2058 410 2089 fratribus
438 2058 572 2098 integre
602 2058 825 2099 assignentur
854 2068 914 2100 per
943 2067 1069 2089 manus
1097 2058 1189 2099 ipso—

177 2120 255 2142 rum
287 2110 320 2141 in
353 2111 551 2151 predictum
582 2111 780 2143 subsidium
811 2111 1060 2143 convertende.
1095 2112 1187 2150 Quo—

178 2164 268 2195 circa
299 2163 499 2195 discretioni
530 2166 646 2195 vestre
676 2173 737 2206 per
765 2164 960 2206 apostolica
990 2164 1121 2205 scripta
1151 2164 1186 2195 in

180 2216 312 2248 virtute
332 2216 532 2248 obedientie
551 2217 710 2249 districte
730 2217 955 2259 precipiendo
976 2217 1188 2249 mandamus

180 2270 349 2311 quatinus
379 2270 422 2301 ad
454 2270 719 2311 requisitionem
752 2274 997 2312 preceptorum
1028 2270 1186 2311 ejusdem

180 2323 311 2354 ordinis
352 2323 417 2354 sub
459 2332 610 2364 quorum
652 2324 737 2355 estis
778 2324 944 2365 regimine
987 2324 1184 2360 constituti,

179 2375 382 2416 hujusmodi
406 2376 657 2417 predicationis
678 2377 836 2409 officium
859 2377 988 2408 devote
1010 2386 1050 2408 ac
1073 2377 1186 2408 humi—

178 2429 258 2460 liter
293 2429 492 2465 assumatis,
530 2430 715 2461 studentes
752 2430 835 2461 illud
874 2430 923 2462 ita
960 2430 1186 2462 laudabiliter

179 2491 339 2513 exercere
368 2482 462 2523 quod
493 2485 619 2523 optata
648 2483 786 2520 exinde,
817 2486 961 2515 auctore
992 2483 1077 2520 Deo,
1108 2493 1187 2525 pro-

180 2535 333 2566 ducatur
370 2534 505 2566 utilitas
542 2538 578 2567 et
615 2536 709 2577 apud
749 2545 812 2568 nos
849 2539 967 2568 vestra
1005 2536 1185 2577 diligentia

181 2587 292 2630 possit
311 2588 436 2619 merito
455 2589 706 2620 commendari.
728 2589 810 2621 Dat.
832 2592 871 2620 ut
891 2589 924 2620 in
945 2589 1023 2621 alia.
1046 2602 1057 2617 u

263 2744 351 2771 3070
656 2749 789 2782 Anagni‚
813 2750 851 2776 30
872 2750 995 2783 janvier
1019 2750 1105 2776 1260.

222 2797 461 2826 ordinationem
489 2800 520 2826 in
549 2803 762 2829 controversia
791 2803 872 2829 inter
900 2803 1125 2830 monasterium
1155 2802 1184 2830 S.

183 2841 341 2869 Michaelis
360 2843 398 2869 de
418 2843 520 2876 Clusa,
540 2852 579 2872 ex
598 2853 660 2872 una
680 2849 780 2879 parte,
800 2849 830 2873 et
851 2847 1032 2881 episcopum
1053 2847 1186 2873 Mauria-

183 2892 320 2918 nensem,
345 2887 519 2921 capitulum
545 2889 685 2922 eJusdem
710 2890 778 2921 loci,
805 2891 939 2924 priorem
964 2893 995 2917 et
1020 2891 1186 2919 canonicos

185 2928 329 2962 Ethonis‚
344 2936 383 2956 ex
397 2930 507 2964 altera,
523 2940 616 2967 super
629 2933 770 2968 prioratu
787 2934 815 2961 S.
834 2934 994 2962 Laurentii
1009 2934 1048 2961 de
1064 2934 1187 2961 Ethonc

182 2974 266 3006 torta,
284 2981 301 3001 a
318 2973 464 3003 Johanne
481 2976 649 3005 Viennensi
667 2978 910 3013 archiepiscopo,
929 2979 962 3006 P.
982 2978 1190 3014 Gratianopo-

1230 363 1232 371 ’
1283 360 1383 387 litano
1408 359 1564 393 episcopo,
1590 360 1620 386 et
1646 359 1791 393 Philippo
1816 359 2016 392 Lugdunensi
2040 359 2150 391 electo,
2174 360 2293 387 tactam

1286 405 1466 436 confirmat,
1481 404 1584 430 dictae
1597 404 1804 430 ordinationis
1818 405 1958 430 tenorem
1973 403 2118 430 inserens.
2133 404 2230 437 (Rae.
2245 404 2295 437 25,

1286 450 1306 475 f,
1325 449 1383 475 240
1403 452 1447 480 νο,
1466 456 1515 475 an.
1535 448 1590 479 VI,
1607 456 1633 474 c.
1652 448 1714 480 29.)

1330 551 1341 564 ⁴«
1375 563 1393 569 ..
1427 536 1543 568 abbali
1575 539 1603 568 el
1634 537 1811 569 conventui
1843 537 2040 569 monasterii
2073 537 2190 569 Sancti
2222 538 2295 570 Mi·-

1284 590 1409 622 chaelis
1444 591 1483 622 de
1520 590 1635 627 Clusa,
1673 591 1716 622 ud
1753 590 1944 622 Romanam
1980 589 2166 622 Ecclesiam
2202 590 2296 623 nullo

1284 644 1394 675 medio
1424 643 1637 685 pertinentis,
1670 643 1802 675 ordinis
1836 643 1953 675 Sancti
1985 643 2170 681 Benedicti,
2206 643 2297 676 Tau-

1285 696 1435 728 rinensis
1468 696 1621 728 diocesis.
1658 696 1742 736 Que,
1777 697 1928 738 strepitu
1963 696 2114 736 litigioso
2147 699 2295 732 semoto,

1285 749 1542 791 compositione
1579 749 1741 780 concordi
1778 752 1812 780 et
1847 749 2023 780 amicabili
2060 749 2298 781 terminantur

1285 802 1540 834 convenienter
1563 802 1746 844 apostolici
1774 803 1987 834 roborantur
2013 802 2216 834 muniminis
2240 802 2298 834 fir-

1288 855 1413 886 mitate
1438 858 1477 887 nt
1501 856 1680 897 perpetuis
1703 855 1902 887 consistant
1927 855 2146 897 temporibus
2167 855 2299 887 firmio·

1286 917 1334 939 ra.
1358 908 1458 945 Sanc,
1480 909 1572 940 lecta
1593 918 1711 940 coram
1734 909 1834 940 nobis
1856 912 1971 939 vestra
1996 909 2120 950 petitio
2141 908 2298 940 contine-

1288 962 1347 993 bat
1374 962 1468 1003 quod
1494 962 1606 1003 primo
1632 972 1692 1004 per
1716 962 1824 993 felicis
1849 962 2102 993 recordationis
2130 962 2298 994 Innocen-

1287 1015 1378 1046 tium
1404 1024 1546 1056 papam,
1574 1015 1852 1056 predecessorem
1880 1018 2050 1051 nostrum,
2077 1015 2119 1046 de
2143 1015 2298 1052 Calasco,

1287 1077 1326 1099 ac
1355 1067 1481 1099 deinde
1509 1077 1570 1109 per
1598 1078 1670 1103 1108,
1700 1069 1741 1099 de
1770 1068 1930 1099 (tm-urno
1960 1068 2174 1109 prioratibus
2201 1077 2298 1110 spec-

1289 1121 1454 1152 tantibus
1493 1122 1535 1152 ad
1576 1124 1734 1152 vestrum
1776 1121 2029 1153 monasterium
2071 1121 2172 1163 pleno
2210 1121 2300 1162 jure,

1288 1174 1429 1205 ecclesie
1454 1174 1573 1205 Sancti
1598 1174 1792 1206 Salvatoris
1815 1175 1857 1206 de
1882 1174 2050 1210 Lavania,
2075 1183 2183 1216 quam
2206 1173 2299 1206 idem

1290 1227 1514 1267 predecessor
1535 1238 1553 1258 a
1578 1228 1698 1269 primis
1714 1230 1870 1259 erexerat
1891 1227 2135 1258 fundamentis
2151 1226 2302 1263 collatis,

1290 1290 1362 1316 nos,
1401 1280 1501 1311 vobis
1537 1283 1572 1311 et
1607 1281 1720 1312 eidem
1757 1280 1971 1312 monasterio
2007 1280 2049 1311 de
2086 1279 2301 1321 prioratibus

1291 1333 1375 1375 ipsis
1402 1334 1766 1375 recompensationem
1793 1333 1906 1365 facere
1932 1333 2169 1370 intendentes,
2195 1332 2303 1365 eccle-

1289 1386 1377 1417 siam
1401 1385 1521 1418 Sancti
1545 1386 1724 1418 Laurentii
1748 1387 1790 1418 (te
1814 1386 1953 1418 Ethone
1975 1396 2056 1418 cnm
2079 1385 2302 1428 pertinentiis

1291 1442 1324 1470 et
1361 1439 1499 1480 juribus
1535 1440 1616 1476 suis,
1656 1443 1739 1471 tunc
1775 1439 1907 1471 ordinis
1944 1439 2064 1471 Sancti
2100 1438 2301 1479 Augustini,

1292 1492 1548 1524 Maurianensis
1573 1493 1730 1529 diocesis,
1759 1493 1859 1524 vobis
1883 1495 1917 1524 et
1944 1495 2062 1524 vestro
2088 1491 2302 1524 monasterio

1292 1545 1458 1577 duximus
1484 1546 1763 1577 conferrendam.
1792 1547 1954 1577 Ceterum
1981 1544 2174 1577 venerabili
2201 1544 2301 1576 fratri

1292 1601 1436 1630 nostro..
1466 1599 1630 1640 episcopo
1659 1602 1691 1630 et
1723 1598 1880 1640 capitulo
1910 1598 2217 1629 Maurianensibus
2244 1598 2302 1639 jus

1292 1652 1530 1683 asserentibus
1562 1652 1595 1683 in
1630 1652 1703 1693 ipsa
1736 1652 1879 1683 ecclesia
1912 1662 1946 1683 se
1980 1651 2118 1687 habere,
2152 1660 2192 1682 ac
2224 1653 2302 1682 orta

1292 1707 1436 1746 propter
1462 1704 1525 1735 boc
1551 1705 1642 1736 inter
1668 1715 1740 1741 vos,
1767 1714 1810 1736 ex
1836 1707 1935 1746 parte
1963 1714 2042 1740 una,
2069 1707 2104 1735 et
2129 1704 2233 1745 ipsos
2259 1712 2304 1735 ex

1292 1757 1413 1793 altera,
1438 1758 1586 1789 materia
1610 1757 1815 1799 questionis,
1841 1757 1903 1788 fuit
1932 1757 2076 1789 tandem
2099 1766 2118 1788 a
2141 1756 2302 1798 partibus

1291 1820 1396 1851 super
1423 1810 1487 1841 boc
1516 1810 1549 1841 in
1578 1810 1795 1842 venerabiles
1824 1811 1949 1841 fratres
1979 1813 2140 1841 nostros..
2169 1809 2302 1841 archie-

1293 1863 1476 1905 piscopum
1510 1862 1746 1895 Viennensem
1780 1866 1839 1895 et..
1874 1863 2079 1905 episcopum
2115 1862 2303 1894 Gratiano-

1294 1916 1503 1958 politanum,
1542 1926 1581 1948 ac
1622 1917 1790 1948 dilectum
1832 1916 1985 1948 filium..
2030 1915 2302 1956 Lugdunensem

1293 1970 1456 2007 electum,
1493 1970 1558 2001 sub
1595 1972 1690 2002 certa
1727 1979 1828 2011 pena,
1865 1970 2068 2010 juramento
2104 1969 2185 2000 hinc
2221 1968 2303 2000 inde

1294 2023 1453 2064 prestito,
1475 2026 1662 2064 tamquam
1682 2023 1717 2054 in
1737 2023 1890 2054 arbitros
1909 2023 2141 2054 arbitratores
2160 2024 2196 2053 et
2216 2021 2304 2053 ami-

1293 2076 1423 2108 cabiles
1455 2076 1708 2117 compositores
1741 2075 1962 2107 concorditer
1994 2074 2300 2117 compromissum,

1294 2129 1353 2170 qui
1374 2139 1478 2171 super
1498 2129 1562 2160 hoc
1584 2129 1763 2170 quandam
1786 2129 2047 2160 ordinationem
2067 2128 2109 2159 de
2130 2136 2302 2160 consensu

1294 2182 1485 2214 earundem
1526 2182 1681 2224 partium
1720 2182 1918 2218 ediderunt,
1960 2183 2065 2223 prout
2104 2181 2139 2212 in
2176 2179 2304 2212 litteris

1294 2235 1374 2267 inde
1403 2236 1572 2267 confectis
1602 2235 1737 2277 plenius
1766 2235 1980 2267 continetur.
2011 2234 2126 2274 Quare
2155 2243 2175 2266 a
2204 2233 2305 2265 nobis

1295 2289 1474 2320 humiliter
1493 2289 1700 2330 postulastis
1720 2291 1769 2325 ut,
1791 2289 1885 2330 quod
1905 2289 1950 2319 ab
1969 2288 2018 2319 eis
2035 2297 2141 2329 super
2160 2286 2304 2329 premis-

1294 2342 1340 2373 sis
1372 2343 1506 2373 factum
1538 2344 1601 2376 est.
1635 2342 1845 2373 confirmare
1877 2342 1919 2373 de
1951 2340 2170 2381 benignitate
2201 2338 2305 2371 solita

1294 2405 1507 2426 curaremus.
1536 2394 1608 2425 Nos
1634 2395 1765 2436 itaque,
1794 2394 1921 2426 vestris
1947 2394 2108 2435 precibus
2133 2391 2310 2439 inclinati,

1295 2448 1556 2479 ordinationem
1583 2448 1780 2489 predictam
1806 2447 1898 2479 sicut
1925 2447 1990 2478 rite
2016 2446 2090 2478 sine
2116 2445 2309 2488 pravitate,

1294 2501 1440 2542 provide
1458 2501 1552 2532 faeta
1570 2503 1623 2532 est
1641 2503 1675 2532 et
1693 2501 1738 2532 ab
1757 2503 1907 2542 utraque
1926 2502 2026 2542 parte
2045 2501 2171 2541 sponte
2191 2507 2310 2540 recep-

1296 2556 1332 2585 ta
1359 2556 1394 2585 et
1423 2554 1595 2585 hactenus
1622 2553 1768 2595 pacifice
1797 2553 2000 2589 observata,
2029 2555 2145 2584 ratam
2171 2554 2206 2583 et
2233 2560 2311 2594 gra-

1297 2610 1370 2638 tam
1400 2607 1581 2643 habentes,
1610 2607 1723 2648 ipsam
1750 2606 1968 2638 auctoritate
1995 2604 2201 2647 Apostolica
2228 2613 2310 2636 con-

1295 2660 1482 2691 firmamus
1510 2662 1543 2691 et
1574 2659 1747 2701 presentis
1776 2659 1899 2701 scripti
1928 2658 2124 2701 patrocinio
2153 2667 2311 2690 commu-

1297 2713 1425 2745 nimus.
1458 2713 1631 2744 Tenorem
1663 2715 1784 2744 autem
1815 2712 2015 2743 litterarum
2047 2711 2203 2753 ipsarum
2235 2720 2310 2753 pre-

1297 2766 1458 2797 sentibus
1483 2765 1586 2797 inseri
1612 2766 1758 2797 fecimus
1783 2765 1844 2806 qui
1869 2764 1950 2796 talis
1973 2767 2027 2796 est
2053 2775 2058 2795 :

1735 2863 1905 2896 Boni-goin,
1928 2862 1966 2889 27
1989 2862 2118 2889 octobre
2141 2861 2228 2889 1257.

1344 2930 1356 2946 «
1388 2918 1425 2949 In
1455 2918 1595 2949 nomine
1624 2917 1739 2948 Patris
1766 2919 1801 2948 et
1830 2916 1907 2948 Filii
1934 2919 1970 2948 et
1998 2915 2150 2958 Spiritus
2176 2914 2309 2957 Sancti,

1299 2972 1451 3002 «Amen.
1485 2970 1556 3001 Nos
1586 2970 1650 3002 Dei
1679 2970 1793 3010 gratia
1824 2969 2016 3006 Johannes,
2049 2968 2177 3000 Sancte
2206 2967 2310 3000 Vien-
