2477 3512
223 256 286 286 810
922 255 1179 289 REGISTRES
1197 256 1534 289 D’ALEXANDRE
1549 257 1598 290 IV

307 363 395 390 2827
731 362 869 395 Viterbe,
890 363 926 390 13
942 363 1048 397 juillet
1067 363 1154 391 1258.

269 416 459 445 Cancellario
503 416 649 442 ecclesiae
693 415 937 447 saresbiriensis,
981 416 1116 442 obtentu
1159 416 1238 449 regis

226 458 368 491 Angliae,
400 456 531 482 mandat
563 456 599 481 ut
629 455 759 482 Alberto
791 455 983 482 subdiacono
1015 457 1046 482 et
1077 455 1238 489 capellano

227 497 410 531 apostolico,
434 495 617 521 cancellario
642 494 877 526 Mediolanensi,
901 495 938 521 de
961 495 1122 521 beneficiis
1145 495 1239 522 eccle-

227 537 362 563 siasticis
373 542 471 568 usque
481 535 522 561 ad
530 534 669 560 valorem
676 541 817 561 annuum
824 535 1239 568 quinquagintamarcarum

228 576 454 609 Sterlingorum
483 574 655 600 secundum
684 581 883 600 communem
911 574 1152 600 extimationem
1181 581 1235 608 pa-

228 616 305 642 triae
324 614 499 649 provideat,
517 614 611 647 Juxta
628 614 819 640 sententiam
837 621 855 640 a
873 613 914 645 J.,
934 613 1021 640 tituli
1038 614 1066 640 S.
1079 612 1242 640 Laurentii

230 663 258 681 nn
293 655 412 681 Lucina
445 654 628 687 presbytero
661 653 825 685 cardinali,
859 653 1046 679 arbitratore
1079 653 1110 679 in
1144 659 1238 679 causa

230 696 370 721 vertente
402 694 483 720 inter
515 693 636 719 dictum
669 693 890 719 cancellarium
922 694 952 719 et
985 693 1107 719 dictum
1139 692 1240 726 capel-

227 734 334 760 lanum
358 740 450 767 super
472 733 611 766 quadam
634 733 813 766 praebenda
835 733 982 758 ecclesiae
1006 732 1240 759 Saresbniensis

226 774 325 800 latam
349 775 380 799 et
402 773 516 799 litteris
539 772 719 806 apostolicis
743 772 964 798 confirmatam
987 774 1018 798 et
1042 771 1239 805 ampliatam.

227 814 325 846 (1³50.
347 813 395 844 25,
417 812 437 838 f.
460 812 516 838 147
537 816 583 843 νο,
605 819 654 838 an.
678 812 730 844 IV,
751 820 776 838 c.
800 812 881 845 186.)

269 915 280 930 κ
297 925 326 937 ..,
355 902 539 932 cancellario
567 901 688 931 ecclesie
708 901 967 931 Saresbiriensis.
986 901 1131 931 Dilectus
1151 900 1241 930 filius

225 956 378 986 Albertus
388 973 437 984 —.
451 955 523 985 Non
548 955 700 985 obstante
721 955 807 994 quod
829 957 865 984 tu
886 954 990 984 eidem
1009 954 1185 992 capellano,
1203 953 1243 982 de

228 1009 483 1047 Symondelberg
507 1011 540 1037 et
565 1008 603 1037 de.
627 1008 784 1047 Digniton
820 1008 978 1042 ecclesias,
1005 1005 1243 1037 Saresbiriensis

227 1061 372 1096 diocesis,
404 1061 569 1090 contulisti
600 1061 796 1090 auctoritate
830 1060 1017 1098 hujusmodi
1050 1060 1242 1091 litterarum,

229 1123 303 1143 cum
319 1114 448 1143 collatio
465 1113 652 1152 hujusmodi
666 1113 807 1152 aliquem
818 1122 882 1142 non
897 1113 939 1142 sit
953 1112 1068 1142 sortita
1079 1111 1243 1145 effectum,

228 1167 299 1196 aliis
312 1167 537 1205 optinentibus
550 1166 698 1196 ecclesias
712 1166 916 1204 supradictas
928 1183 978 1194 —.
994 1166 1070 1195 Dat.
1085 1164 1219 1194 Viterbii
1235 1186 1242 1198 ,

233 1219 283 1248 111
307 1219 379 1248 idus
402 1219 483 1257 julii,
508 1228 593 1248 anno
619 1220 745 1257 quarto.
771 1229 784 1245 »

313 1396 400 1422 2628
770 1395 909 1427 Viterbe‚
931 1395 965 1421 11
985 1395 1055 1428 Juin
1075 1394 1163 1421 1258.

276 1449 375 1475 Priori
396 1449 432 1475 de
453 1449 600 1475 Vulturio
626 1448 759 1475 mandat
785 1450 821 1474 ut
845 1448 949 1474 locum
975 1449 1006 1474 et
1031 1447 1244 1482 praebendam

234 1489 331 1515 libere
347 1496 365 1514 a
382 1488 526 1515 Guidone
542 1488 660 1521 Longo,
676 1490 791 1522 nepote
808 1488 839 1514 C.
856 1495 967 1521 papae,
985 1487 1134 1514 canonico
1151 1487 1246 1513 eccle-

232 1529 296 1554 siae
315 1528 352 1554 de
368 1528 484 1554 Abiate
502 1528 706 1559 «Guazanom
728 1527 970 1554 Mediolanensis
1000 1527 1142 1558 diocesis,
1172 1527 1246 1552 resi-

233 1569 356 1601 gnatos,
377 1568 515 1594 Guidoni
536 1568 573 1594 de
594 1567 791 1599 Castellione,
812 1567 922 1593 clerico
954 1567 1095 1600 ejusdem
1116 1566 1246 1592 diocesis

234 1609 266 1634 et
292 1607 433 1640 ejusdem
459 1608 490 1634 C.
518 1614 619 1641 papae
644 1607 763 1641 nepoti,
791 1607 928 1640 assignet
954 1614 1016 1633 non
1043 1606 1246 1633 obstantibus

233 1647 347 1674 litteris
362 1647 587 1673 Mediolanensi
601 1647 746 1681 episcopo
762 1654 780 1673 a
795 1646 872 1673 Sede
886 1646 1068 1680 Apostoliea
1083 1646 1245 1673 concessis.

235 1686 333 1719 (REG.
353 1686 401 1718 25,
422 1687 443 1713 f.
466 1687 522 1713 147
542 1690 588 1718 v⁰‚
609 1694 659 1713 an.
684 1686 735 1718 IV,
756 1694 781 1713 c.
804 1686 885 1720 187.)

275 1775 288 1790 ι
309 1786 339 1798 ..,
373 1763 473 1802 priori
495 1764 531 1792 de
556 1763 710 1798 anturio,
732 1762 983 1792 Mediolanensis
1004 1762 1143 1792 diocesis.
1166 1762 1246 1792 Cum

233 1815 317 1845 sicut
345 1816 479 1846 dilectus
506 1834 556 1845 —.
585 1816 662 1845 Dat.
689 1816 837 1850 Viterbii,
868 1815 917 1845 III
944 1815 1016 1845 idus
1042 1815 1134 1853 junii,
1162 1824 1247 1845 anno

235 1871 363 1906 quarto.
400 1880 411 1895 »

316 2033 406 2060 2629
767 2033 906 2064 Viterbe,
930 2033 963 2059 11
986 2033 1056 2066 J'uin
1078 2032 1165 2059 1258.

276 2086 441 2119 Religiosis
462 2086 645 2112 monasterii
673 2085 733 2112 loci
763 2086 791 2112 S.
815 2085 964 2112 Edwardi
984 2086 1117 2112 mandat
1137 2087 1173 2112 ut
1194 2085 1249 2112 Ni-

236 2126 322 2152 colao
360 2126 397 2152 de
435 2126 622 2159 Rumescya,
659 2126 771 2151 rectori
807 2125 953 2152 ecclesiae
991 2125 1028 2151 de
1074 2125 1248 2158 Funtemel,

243 2165 477 2192 Saresbiriensis
499 2165 639 2195 diocesis,
653 2165 796 2191 ecelesias
810 2165 847 2191 de
860 2165 1020 2198 Lengham
1033 2166 1064 2191 et
1077 2166 1114 2191 de
1127 2165 1248 2196 Stokes‚

238 2205 466 2231 Londoniensis
490 2206 521 2231 et
544 2204 769 2231 Wintoniensis
794 2205 975 2236 diocesium‚
1001 2212 1107 2231 curam
1131 2205 1249 2231 anima-

238 2252 308 2271 rum
336 2245 498 2276 habenteS,
526 2251 603 2277 quas
630 2244 748 2277 absque
775 2245 1010 2278 dispensatione
1037 2244 1124 2271 Sedis
1151 2245 1249 2278 Apos-

240 2285 331 2310 tolice
354 2285 439 2317 prius
461 2284 643 2315 retinuerat,
666 2284 761 2310 libere
785 2284 824 2310 ab
848 2292 882 2310 eo
912 2284 1084 2316 resignatas
1107 2285 1139 2310 et
1161 2284 1251 2310 satis-

237 2324 323 2350 facto
345 2324 381 2350 de
401 2324 556 2350 fructibus
577 2323 680 2350 medio
705 2325 845 2357 tempore
865 2324 1031 2357 perceptis,
1052 2324 1248 2357 poenitentia

239 2363 369 2390 salutari
410 2363 569 2397 imposita,
612 2363 771 2396 assignent
812 2370 933 2389 necnon
981 2363 1162 2397 dispensent
1205 2364 1250 2395 ut,

238 2404 360 2436 praeter
381 2403 481 2429 dictas
502 2402 656 2433 ecclesias,
678 2403 765 2429 aliud
785 2403 973 2429 beneficium
995 2403 1251 2434 ecclesiasticum,

238 2444 441 2476 personatum
458 2442 507 2468 vel
524 2442 712 2475 dignitatem
729 2442 824 2468 etiam
848 2442 981 2468 similem
999 2450 1105 2469 euram
1122 2443 1251 2473 habens,

238 2483 373 2515 recipere
391 2481 501 2515 possit.
519 2482 618 2515 (REG.
636 2482 684 2513 25,
703 2481 724 2507 f.
746 2482 812 2513 148,
832 2489 881 2508 an.
904 2482 956 2513 IV,
975 2489 1000 2508 c.
1021 2481 1101 2515 188.)

279 2570 291 2585 α
312 2581 341 2592 ..,
375 2558 481 2588 abbati
500 2560 526 2587 el
544 2558 645 2596 priori
670 2558 851 2588 monasterii
877 2558 934 2588 loci
961 2558 1068 2588 Sancti
1092 2558 1251 2593 Edwardi,

240 2609 456 2642 cisterciensis
493 2611 624 2645 ordinis,
665 2610 892 2640 Wintoniensis
929 2611 1069 2641 diocesis.
1107 2611 1253 2641 Dilectus

236 2663 326 2693 filius
352 2664 503 2693 Nicolaus
526 2680 577 2692 —.
603 2664 679 2693 Dat.
704 2664 852 2698 viterbii,
881 2664 930 2693 III
955 2664 1026 2693 idus
1049 2664 1142 2702 junii,
1167 2673 1252 2694 anno

240 2719 367 2755 quarto.
404 2727 416 2743 »

319 2880 409 2906 2630
756 2881 895 2913 Viterbe‚
912 2881 948 2907 14
963 2881 1066 2914 juillet
1082 2881 1170 2908 1258.

260 2933 387 2960 Cantori
415 2933 561 2960 ecclesiae
587 2933 768 2967 Baj00ensis
795 2934 927 2960 mandat
954 2935 991 2960 ut
1019 2933 1185 2960 Guillelmo
1214 2935 1251 2961 de

237 2972 458 3006 «Finguario»,
486 2973 595 3000 clerico
625 2973 874 3000 Constantiensis
904 2973 1045 3005 diocesis,
1075 2974 1112 3000 de
1145 2974 1250 3007 aliquo

1345 378 1554 406 ecclesiastico
1580 379 1733 406 beneficio
1758 379 1798 406 ad
1824 379 1950 407 abbatis
1974 382 2007 407 et
2031 382 2205 408 conventus
2230 388 2355 408 monus-

1345 418 1417 444 terii
1437 418 1657 452 Montisburgi,
1677 419 1796 446 ordinis
1817 419 1846 446 S.
1867 419 2031 446 Benedicti
2051 420 2191 454 ejusdem
2212 420 2354 453 diocesis.

1346 457 1546 485 collationem
1558 460 1721 492 spectante
1742 459 1918 493 provideat,
1939 459 1965 486 si
1977 459 2055 486 dicti
2066 459 2164 486 abbas
2176 461 2207 486 et
2220 466 2355 488 conven-

1347 499 1398 524 tus
1425 498 1526 524 eidem
1553 498 1663 525 clerico
1690 498 1884 532 neglexerint
1910 499 2073 533 providere
2100 499 2272 526 secundum
2303 499 2356 527 lit·

1347 538 1430 563 teras
1447 538 1486 564 ad
1503 538 1547 564 eis
1564 538 1708 565 directas.
1726 538 1824 571 (Rea.
1841 538 1890 570 25,
1907 538 1928 564 f.
1948 539 2016 570 148,
2033 546 2083 566 an.
2104 538 2156 571 IV,
2174 546 2199 566 c.
2218 538 2299 572 189.)

1390 652 1401 666 «
1420 663 1450 674 ..,
1478 641 1596 671 cantori
1628 641 1749 670 ecclesie
1779 641 1956 679 Bajocensi.
1991 642 2179 672 Guillelmus
2211 642 2250 672 de
2282 641 2358 671 Fin-

1346 693 1458 731 gnario
1476 711 1526 722 —.
1547 694 1622 723 Dat.
1643 694 1790 728 Viterbii,
1813 694 1843 723 11
1862 694 1934 724 idus
1951 694 2032 733 julii,
2051 703 2138 725 anno
2156 697 2298 734 quarto.-

1429 884 1510 910 2631
1855 886 1993 919 Viterbe,
2014 886 2049 912 14
2066 885 2170 919 juillet
2189 885 2276 913 1258.

1394 937 1429 963 In
1451 938 1595 965 eumdem
1618 939 1747 965 modum
1769 939 1901 966 mandat
1924 939 2041 965 decano
2063 938 2210 965 ecclesiae
2232 938 2261 965 S.
2285 938 2359 966 Ger-

1351 977 1437 1003 mani
1459 978 1740 1005 Autissiodorensis
1763 978 1944 1005 Parisiensis
1965 980 1999 1005 ut
2027 978 2177 1012 magistro
2205 978 2359 1005 Riccard·

1352 1016 1389 1042 de
1407 1016 1559 1050 Sepvauz‚
1577 1017 1697 1049 clerico,
1715 1019 1752 1044 de
1769 1018 1921 1045 beneficio
1939 1019 1978 1044 ad
1995 1018 2121 1045 abbatis
2137 1019 2169 1044 et
2185 1019 2359 1045 conventus

1351 1057 1533 1083 monasterii
1555 1057 1583 1084 S.
1605 1057 1854 1092 Wandregesilii,
1884 1058 2002 1085 ordinis
2032 1058 2062 1085 S.
2092 1057 2266 1090 Benedicti,
2297 1057 2360 1084 Ro-

1352 1096 1566 1130 thomagensis
1591 1097 1732 1130 diocesis,
1758 1098 1958 1124 collationem
1984 1099 2156 1132 spectante,
2182 1097 2358 1131 provideat.

1352 1135 1449 1168 (Bm.
1472 1136 1520 1168 25,
1542 1136 1564 1162 f.
1588 1137 1655 1169 148,
1677 1144 1727 1164 an.
1753 1137 1805 1169 IV,
1827 1145 1853 1164 c.
1876 1137 1958 1170 190.)

1394 1264 1405 1279 «
1423 1275 1452 1287 ..,
1479 1253 1593 1283 decano
1623 1253 1744 1283 ecclesie
1775 1254 1882 1284 Sancti
1918 1254 2064 1283 Germani
2094 1253 2361 1283 Aulisiodorensis

1351 1305 1555 1336 Parisiensis.
1573 1306 1718 1336 Dilectus
1730 1307 1816 1336 filius
1827 1307 1980 1345 magister
1989 1325 2030 1328 —
2040 1309 2077 1336 ut
2092 1306 2123 1335 in
2135 1306 2196 1336 alia
2207 1306 2246 1336 de
2261 1305 2362 1336 verbo

1351 1358 1393 1387 ad
1417 1359 1552 1388 verbum
1578 1368 1678 1398 usque
1702 1359 1734 1389 in
1758 1359 1867 1389 finem.
1893 1371 1904 1386 >³

1433 1565 1522 1591 2632
1897 1564 2035 1596 Viterbe,
2053 1564 2091 1591 20
2107 1563 2176 1597 J'uin
2193 1563 2281 1591 1258.

1395 1618 1545 1652 Magistro
1572 1617 1712 1644 Johanni
1738 1618 1776 1644 de
1812 1617 1960 1644 Ferrariis
1995 1617 2263 1651 dispensationem
2288 1616 2363 1644 reti-

1354 1658 1450 1685 nendi
1467 1657 1630 1684 ecclesiam
1648 1657 1686 1683 de
1703 1657 1811 1683 Pereio
1829 1664 1900 1684 cum
1918 1657 2228 1691 archipresbyteratu
2245 1657 2284 1683 de
2301 1656 2364 1683 Ar-

1355 1698 1440 1724 duno
1451 1704 1631 1724 concessam
1643 1697 1821 1724 confirmat.
1833 1697 1931 1730 (Rae.
1943 1697 1991 1728 25,
2002 1697 2024 1723 f.
2036 1696 2104 1729 148,
2115 1704 2166 1723 an.
2181 1696 2233 1728 IV,
2244 1703 2270 1723 c.
2283 1695 2365 1729 191.)

1397 1813 1409 1828 «
1435 1801 1593 1839 Mayistro
1621 1801 1764 1831 Johanni
1791 1801 1827 1830 de
1854 1800 2021 1835 Ferratus,
2051 1799 2304 1839 archipresbitero
2330 1799 2367 1830 de

1353 1854 1496 1888 Arduno,
1519 1854 1714 1884 Pictavensis
1743 1854 1882 1883 diocesis.
1907 1853 1986 1883 Cum
2009 1862 2027 1883 a
2046 1853 2139 1883 nobis
2160 1853 2283 1892 petitur
2304 1854 2365 1882 etc.

1354 1916 1456 1946 usque
1483 1907 1647 1937 effectum.
1676 1907 1758 1937 Sane
1784 1906 1899 1945 petitio
1924 1909 1982 1936 tua
2009 1906 2101 1936 nobis
2127 1905 2272 1936 exhibita
2292 1913 2367 1936 con-

1354 1961 1482 1990 tinebat
1492 1960 1579 1999 quod
1590 1959 1726 1989 dilectus
1740 1959 1826 1989 tilius
1842 1959 1995 1998 magister
2009 1959 2176 1989 Johannes
2193 1959 2233 1989 de
2247 1959 2366 1989 Sancto

1356 2014 1527 2047 Germano,
1548 2013 1765 2042 subdiaconus
1785 2015 1818 2042 et
1843 2012 1988 2042 notarius
2017 2014 2136 2047 noster,
2167 2011 2297 2042 ecclesie
2326 2011 2366 2041 de

1356 2067 1466 2096 Pereio
1488 2075 1506 2096 a
1528 2066 1624 2095 Petro
1647 2065 1733 2095 dicto
1754 2066 1903 2100 Virebeu‚
1926 2065 2091 2104 quondam
2112 2067 2235 2094 rectore
2255 2063 2366 2103 ipsius,

1357 2119 1557 2149 Pictavensis
1582 2119 1725 2152 diocesis,
1751 2118 1947 2148 auctoritate
1970 2120 2079 2148 nostra
2104 2117 2165 2147 sibi
2188 2126 2284 2156 super
2307 2117 2367 2147 hoc

1357 2173 1485 2202 oraculo
1503 2172 1578 2201 vive
1597 2172 1685 2201 vocis
1704 2180 1863 2205 concessa,
1882 2171 1981 2201 libera
2001 2170 2214 2210 resignatione
2227 2171 2367 2209 recepta,

1358 2226 1479 2255 dictam
1499 2224 1665 2254 ecclesiam
1685 2225 1798 2254 eadem
1818 2224 2013 2254 auctoritate
2032 2222 2093 2253 tibi
2113 2223 2252 2253 contulit
2269 2225 2367 2262 teque

1358 2287 1414 2318 per
1439 2278 1602 2317 quendam
1627 2278 1744 2307 librum
1771 2278 1808 2306 de
1834 2278 1902 2315 ipsa
1928 2276 2164 2315 presentialiter
2187 2274 2367 2311 investivit.

1357 2331 1418 2361 tibi
1434 2331 1630 2361 auctoritate
1646 2331 1789 2369 predicta
1807 2330 1983 2359 concedens
1999 2332 2036 2358 ut
2051 2329 2187 2359 eandem
2202 2329 2367 2359 eeclesiam

1359 2394 1432 2414 cum
1449 2383 1755 2422 archipresbiteratu
1773 2383 1811 2412 de
1827 2383 1971 2417 Arduno,
1984 2391 2079 2421 quem
2090 2384 2166 2412 ante
2182 2381 2369 2421 resignatio-

1360 2447 1433 2467 nem
1453 2437 1575 2467 factam
1594 2445 1612 2466 a
1633 2438 1666 2465 te
1687 2436 1725 2465 de
1745 2436 1875 2466 ecclesia
1897 2436 1935 2465 de
1955 2435 2116 2469 Praailles,
2137 2435 2282 2473 ejusdem
2301 2434 2368 2464 dio-

1360 2491 1449 2524 cesis,
1474 2490 1506 2519 in
1530 2490 1680 2519 manibus
1705 2489 1822 2519 notarii
1846 2489 2023 2527 supradicti
2047 2497 2111 2517 una
2135 2497 2209 2517 cum
2232 2488 2345 2517 eadem

1360 2543 1491 2574 ecclesia
1518 2543 1556 2572 de
1582 2542 1733 2572 Praailles
1759 2551 1799 2571 ex
1824 2541 2062 2580 dispensatione
2111 2540 2286 2580 apostolica
2312 2540 2369 2570 ob-
2417 2566 2420 2568 .
2456 2532 2475 2589 „³

1359 2597 1498 2631 tinebas,
1530 2596 1639 2625 valeas
1670 2595 1756 2625 licite
1786 2595 1933 2629 retinere,
1966 2603 2030 2624 non
2062 2594 2213 2624 obstante
2245 2592 2368 2623 concilii

1360 2650 1515 2689 generalis
1541 2651 1639 2688 prout
1665 2649 1696 2677 in
1724 2648 1939 2677 instrumento
1966 2647 2095 2686 publico
2121 2647 2195 2676 inde
2221 2645 2369 2676 confecto

1360 2703 1485 2742 plenius
1508 2702 1626 2731 dicitur
1656 2701 1822 2731 contineri.
1854 2701 1921 2730 Nos
1943 2701 2041 2739 igitur
2061 2699 2128 2729 tuis
2150 2699 2276 2729 devotis
2298 2707 2368 2738 pre-

1361 2757 1450 2786 cibus
1466 2755 1622 2789 inclinati,
1639 2755 1726 2793 quod
1743 2755 1784 2784 ab
1800 2754 1913 2784 eodem
1923 2753 2049 2784 notario
2059 2761 2154 2791 super
2169 2752 2229 2782 hoc
2245 2751 2367 2781 factum

1359 2812 1409 2839 est
1431 2811 1538 2838 ratum
1563 2810 1597 2837 et
1619 2810 1748 2847 gratum
1772 2807 1938 2841 habentes,
1963 2806 1996 2836 id
2019 2805 2215 2835 auctoritate
2237 2805 2368 2843 aposto-

1358 2863 1418 2892 lica
1440 2861 1669 2891 confirmamus
1691 2863 1722 2890 et
1743 2860 1900 2899 presentis
1912 2859 2023 2898 scripti
2033 2858 2211 2897 patrocinio
2227 2864 2368 2888 commu-

1359 2915 1477 2949 nimus,
1506 2914 1636 2953 proviso
1651 2914 1738 2952 quod
1758 2912 2082 2951 archipresbiteratus
2108 2913 2141 2941 et
2167 2909 2298 2940 ecclesia
2325 2909 2366 2939 de

1358 2968 1469 2998 Pereio
1499 2967 1635 3006 predicti
1666 2966 1783 2996 debitis
1820 2975 1884 2996 non
1914 2966 2106 2995 fraudentur
2146 2962 2305 3002 obsequiis
2333 2963 2369 2992 et
