2477 3512
955 321 1233 363 QUATRIEME
1253 320 1317 353 AN
1320 320 1416 353 NEE

128 433 310 468 vendicare,
329 433 384 462 sed
402 441 440 462 ea
458 431 606 471 deinceps
625 431 769 461 contenti
786 430 929 460 existant
947 429 1055 467 sicque
1073 427 1134 466 ipsi

130 486 326 526 possessione
349 485 493 523 ejusdem
515 484 643 514 ecclesie
666 484 705 513 de
727 484 836 513 Ethon
858 482 983 521 possint
1005 490 1041 510 eo
1064 481 1134 518 jure

129 548 167 569 ac
194 539 344 568 libertate
373 538 511 576 gaudere
540 537 657 576 quibus
685 536 851 575 possident
880 534 958 564 alias
987 533 1134 563 ecclesias

128 593 162 622 et
181 591 342 630 prioratus
362 590 549 620 monasterii
569 589 755 628 supradicti.
773 588 927 625 Quocirca
942 587 1135 616 mandamus

129 644 282 684 quatinus
325 643 468 682 prefatos
498 643 652 672 abbatem
683 644 716 671 et
758 643 955 670 conventum
986 640 1018 668 in
1050 638 1135 668 dicte

127 697 255 727 ecclesie
285 696 324 725 de
353 696 482 725 Ethone
510 697 543 724 et
566 694 833 733 pertinentiarum
851 693 919 732 ejus
939 691 1136 730 corporalem

127 749 360 788 possessionem
380 748 513 777 inducas
534 757 590 786 per
609 750 642 776 te
662 747 713 776 vel
733 756 790 785 per
809 746 908 776 alium
929 747 961 774 et
982 744 1135 773 defendas

126 802 286 835 inductos,
317 803 426 830 amoto
456 801 497 830 ab
528 809 564 830 ea
595 800 739 839 quolibet
769 800 945 832 detentore,
976 798 1017 827 ad
1048 796 1134 835 quod

126 855 266 888 invoces,
279 854 305 883 si
317 863 396 892 opus
408 853 516 887 fuerit,
529 853 684 882 auxilium
697 852 819 881 brachii
830 851 989 881 secularis.
1003 850 1136 879 Contra-

128 907 265 937 dictores
298 909 359 936 etc.
401 907 473 935 Non
502 906 653 935 obstante
681 905 789 943 aliqua
817 903 1016 942 indulgentia
1046 902 1134 932 Sedis

126 960 269 998 predicte
297 959 446 997 episcopo
474 958 600 997 prefato
628 960 686 987 aut
713 958 893 996 cuicunque
920 956 973 986 alii
1001 964 1134 994 persone

126 1021 274 1042 concessa
303 1012 389 1050 quod
418 1011 699 1044 excommunicari,
729 1010 881 1048 suspendi
909 1010 959 1038 vel
987 1007 1134 1037 interdici

126 1074 190 1095 non
217 1065 343 1103 possint
370 1073 426 1103 per
452 1064 577 1093 litteras
606 1063 695 1093 Sedis
715 1063 860 1101 ejusdem
888 1071 951 1091 non
980 1061 1133 1091 facientes

125 1118 253 1156 plenam
278 1119 311 1146 et
335 1125 518 1155 expressam
544 1117 582 1145 de
606 1116 675 1154 ipsa
700 1115 899 1154 indulgentia
925 1114 1132 1149 mentionem,

123 1179 179 1200 seu
207 1170 321 1209 quavis
342 1170 404 1199 alia
425 1170 585 1208 sepedicte
609 1169 697 1199 Sedis
726 1168 924 1207 indulgentia
951 1177 1008 1206 per
1036 1176 1133 1206 quam

125 1223 242 1252 nostris
268 1223 393 1252 litteras
420 1232 483 1252 non
509 1223 664 1251 insertam
690 1221 826 1251 effectus
852 1220 1050 1259 presentium
1075 1220 1134 1248 im-

126 1276 227 1314 pediri
250 1276 359 1305 valeat
384 1275 435 1304 vel
462 1275 594 1304 differri.
628 1275 705 1304 Dat.
730 1274 877 1308 Viterbii,
903 1273 1009 1302 idibus
1027 1273 1133 1302 febru—

124 1329 192 1362 arii,
220 1337 305 1358 anno
333 1331 460 1367 quarto.
490 1340 501 1354 »

202 1536 283 1561 2471
629 1534 767 1566 Viterbe,
779 1534 816 1560 28
827 1534 950 1567 J'anvier
963 1534 1047 1560 1258.

163 1583 275 1610 Eidem
299 1584 532 1617 archiepiscopo
557 1583 594 1609 de
618 1583 736 1609 eodem.
762 1583 858 1616 (REG.
884 1583 932 1614 25,
956 1583 976 1609 f.
1004 1583 1059 1608 124
1084 1586 1130 1614 v0,

121 1631 170 1650 an.
200 1623 252 1655 IV,
278 1631 302 1650 c.
329 1623 391 1656 57.)

162 1720 217 1743 «..,
252 1708 481 1746 archiepiscopo
518 1705 760 1737 Tarentasiensi.
796 1708 883 1737 Solet
916 1717 955 1736 ex
989 1707 1129 1737 Romani

119 1761 301 1800 provisione
328 1761 491 1799 pontificis
531 1763 591 1790 etc.
620 1763 657 1790 ut
684 1761 715 1789 in
743 1760 805 1790 alia
845 1770 946 1799 usque
973 1762 1129 1798 perpetuo

118 1814 356 1852 possidendam,
369 1814 422 1853 {ita
446 1814 532 1852 quod
555 1813 615 1852 ipsi
639 1813 787 1851 deinceps
810 1813 1023 1851 possessiones
1047 1813 1130 1851 ejus-

123 1867 195 1896 dem
214 1867 343 1896 ecclesie
361 1866 486 1905 possint
504 1875 540 1895 eo
558 1866 628 1904 jure
647 1875 684 1895 ac
701 1866 851 1895 libertate
862 1866 1000 1904 gaudere
1012 1866 1129 1904 quibus

119 1919 285 1958 possident
311 1919 389 1948 alias
415 1919 562 1948 ecclesias
590 1928 651 1957 que
678 1919 839 1957 prioratus
865 1918 1052 1948 monasterii
1078 1928 1129 1948 su-

121 1972 269 2011 pradicti.
311 1972 466 2008 Quocirca
494 1971 693 2001 fraternitati
721 1974 776 2001 tue
804 1974 865 2000 etc.
895 1980 996 2010 usque
1024 1972 1129 2000 indul-

118 2025 226 2063 gentia
246 2025 334 2055 Sedis
352 2025 494 2063 predicte
513 2025 704 2063 cuicumque
722 2033 855 2063 persone
874 2033 1021 2053 concessa
1041 2024 1127 2063 quod

117 2078 387 2108 excommunicari
408 2080 468 2107 etc.
490 2087 591 2116 usque
611 2077 643 2106 in
663 2077 773 2106 finem.
795 2077 871 2106 Dat.
889 2077 1035 2111 Viterbii,
1060 2077 1128 2106 IIII

116 2131 179 2160 kal.
205 2130 366 2164 februarii,
392 2140 476 2159 anno
502 2132 628 2169 quarto.

196 2323 285 2349 2472
613 2325 750 2357 Viterbe,
763 2326 800 2352 29
811 2326 934 2359 Janvier
958 2326 1042 2352 1258.

157 2374 346 2401 Monasterio
365 2374 393 2401 S.
414 2374 574 2401 Michaelis
593 2375 630 2400 de
641 2374 742 2405 Clusa,
758 2374 876 2400 ordinis
892 2374 919 2401 S.
935 2374 1124 2406 Benedictis,

115 2414 295 2440 Turinensis
322 2414 463 2445 diocesiS‚
493 2413 655 2440 ecclesiam
681 2414 709 2440 S.
737 2413 900 2440 Laurentii
926 2415 962 2440 de
989 2414 1124 2445 Ethone,

115 2453 342 2480 Maurianensis
357 2453 498 2484 diocesis,
510 2461 581 2479 cum
592 2454 737 2479 omnibus
750 2454 872 2486 J'uribus
885 2455 916 2479 et
927 2454 1126 2487 pertinentiis

115 2493 178 2519 suis
200 2493 329 2520 confert.
352 2493 448 2524 (Rea.
470 2493 518 2524 25,
539 2493 559 2519 f.
583 2493 649 2524 124,
671 2500 719 2519 an.
745 2493 797 2524 IV,
818 2501 842 2520 c.
865 2494 927 2526 58.)

154 2589 166 2603 «
191 2600 219 2612 ..‚
244 2577 350 2607 abbati
381 2579 407 2607 el
439 2579 599 2607 conventui
622 2578 801 2608 monasterii
826 2579 932 2609 Sancti
956 2578 1124 2608 Michaelis

112 2629 148 2659 de
170 2630 276 2664 Clusa,
299 2631 419 2659 ordinis
442 2631 549 2660 Sancti
570 2630 738 2665 Benedicti,
757 2632 963 2660 Taarinensis
984 2632 1123 2661 diocesis.

114 2682 201 2712 Solet
227 2692 267 2712 ex
294 2683 433 2713 Romani
461 2683 624 2721 pontificis
651 2684 833 2722 provisione
860 2687 893 2713 et
920 2684 1123 2722 providentia

112 2737 172 2764 etc.
191 2738 227 2764 ut
241 2736 271 2765 in
291 2736 353 2765 alia
370 2745 487 2775 usque:
507 2736 557 2765 cui
574 2736 711 2765 contulit
731 2737 909 2775 prioratum
924 2738 962 2766 de
982 2737 1122 2770 Calasco,

113 2787 245 2817 diocesis
263 2788 446 2823 Januensis,
475 2789 516 2818 ad
536 2791 680 2818 vestrum
708 2790 938 2819 monasterium
964 2790 1109 2828 pertinen

111 2842 177 2869 tem
200 2841 315 2879 —(1).
344 2841 410 2871 Nos
445 2841 542 2879 igitur
576 2842 782 2871 attendentes
818 2843 904 2881 quod
938 2843 1122 2880 hujusmodi

111 2895 216 2922 vestre
236 2893 385 2931 petitioni
406 2903 442 2924 eo
462 2895 504 2924 sit
524 2904 541 2923 a
564 2895 654 2924 nobis
674 2894 882 2924 favorabilius
902 2896 1121 2929 annuendum,

148 2983 170 3006 1.
191 2982 241 3007 Les
261 2985 363 3012 parties
383 2985 419 3010 du
440 2986 515 3009 texte
535 2984 705 3014 supprimees
724 2985 759 3009 ici
777 2992 805 3010 se
824 2987 994 3015 retrouvent,
1013 2985 1122 3010 mutatis

109 3018 254 3047 mutandis,
272 3020 340 3043 dans
358 3020 383 3043 la
401 3020 481 3044 lettre
498 3019 671 3050 precedente,
688 3026 712 3044 c.
730 3019 773 3050 56,
791 3024 825 3043 n‘·
840 3019 918 3045 2470.

2191 322 2250 352 773

1235 429 1268 456 et
1292 428 1477 457 monasterii
1500 428 1599 457 vestri
1623 428 1788 458 sollicitius
1812 427 2049 466 precavendum
2075 427 2248 465 dispendiis

1237 488 1301 518 quo
1328 480 1405 509 illud
1433 481 1600 519 specialius
1619 481 1803 519 Apostolice
1832 480 1905 510 Sedi
1931 480 2052 513 subest,
2081 480 2246 509 ecclesiam

1239 532 1347 562 Sancti
1370 533 1535 562 Laurentii
1563 534 1601 562 de
1625 534 1762 567 Othone,
1788 533 1907 562 ordinis
1931 532 2041 562 Sancti
2061 532 2246 570 Augustini,

1238 585 1470 614 Maurianensis
1502 586 1644 619 diocesis,
1676 595 1749 615 cum
1781 585 1929 615 omnibus
1959 585 2084 623 juribus
2115 587 2148 614 et
2178 593 2248 622 per-

1238 637 1384 666 tinentiis
1406 638 1471 667 suis
1494 639 1697 667 concedimus
1720 648 1737 667 a
1761 638 1853 667 vobis
1876 640 1908 667 et
1930 640 2038 667 vestro
2061 637 2246 666 monasterii

1239 690 1333 728 pleno
1349 690 1419 728 jure
1435 691 1467 719 in
1484 690 1703 729 spiritualibus
1720 693 1752 720 et
1768 691 1999 729 temporalibus
2010 692 2165 728 perpetuo
2176 699 2248 728 pos-

1239 742 1417 777 sidendam,
1445 743 1489 772 ita
1517 743 1603 781 quod
1630 743 1779 781 delnceps
1793 743 1988 781 possession*
2004 743 2103 781 ipsius
2118 742 2246 771 ecclesie

1239 795 1368 834 possitis
1388 805 1424 825 eo
1443 796 1513 833 jure
1533 804 1570 824 ac
1589 795 1738 824 libertate
1758 796 1895 834 gaudere
1916 796 2032 834 quibus
2052 795 2130 824 alias
2149 795 2247 824 eccle-

1239 848 1301 877 sias
1335 851 1368 877 et
1402 848 1561 887 prioratus
1595 848 1694 877 vestri
1727 848 1913 877 monasterii
1946 848 2124 886 possidetis.
2160 848 2247 876 Nulli

1240 903 1348 930 nostre
1387 901 1598 930 concessionis
1625 903 1685 929 etc.
1726 919 1766 921 —
1806 901 1881 930 Dat.
1909 901 2056 934 Viterbii,
2088 901 2154 929 IIII
2182 900 2246 929 kal.

1240 953 1402 988 februarii,
1429 963 1513 983 anno
1540 955 1666 992 quarto.
1695 965 1705 979 u

1320 1113 1408 1139 2473
1745 1114 1883 1146 Viterbe,
1895 1114 1933 1140 29
1943 1113 2066 1147 janvier
2081 1114 2165 1140 1258.

1281 1161 1453 1189 Ecclesiam
1478 1162 1505 1189 S.
1532 1162 1694 1189 Laurentii
1718 1163 1755 1189 de
1766 1163 1901 1194 Ethone,
1926 1162 2043 1188 ordinis
2068 1162 2095 1188 S.
2128 1162 2249 1194 Augus-

1238 1202 1308 1233 tini,
1338 1202 1564 1228 Maurianensis
1596 1202 1736 1233 diocesis,
1766 1202 1955 1229 monasterio
1990 1202 2125 1233 Clusino,
2168 1201 2248 1227 Tau-

1238 1242 1369 1268 rinensis
1386 1242 1525 1273 diocesiS,
1542 1242 1711 1273 conferens,
1732 1243 1863 1268 mandat
1878 1242 2109 1274 archiepiscopo
2134 1241 2248 1267 Taren-

1238 1282 1369 1307 tasiensi
1394 1283 1428 1308 ut
1454 1282 1619 1308 canonicos
1644 1282 1785 1315 eJ'usdem
1810 1281 1956 1308 ecclesiae
1982 1282 2019 1306 de
2045 1281 2168 1307 Othone
2193 1280 2247 1313 qui

1238 1321 1384 1347 habitum
1426 1321 1643 1347 monachalem
1680 1329 1836 1347 assumere
1885 1321 2052 1351 noluerint,
2099 1321 2130 1346 in
2178 1320 2248 1346 aliis

1237 1361 1390 1394 praedicti
1415 1361 1531 1387 ordinis
1557 1361 1584 1387 S.
1611 1361 1779 1393 Augustini
1804 1361 1950 1391 ecclesiis,
1975 1360 2158 1386 Viennensis
2183 1360 2248 1385 dio-

1237 1401 1324 1431 cesis,
1340 1400 1489 1426 collocare
1503 1401 1639 1427 studeat.
1655 1401 1751 1433 (Rae.
1768 1401 1816 1432 25,
1831 1401 1851 1426 f.
1869 1400 1924 1426 124
1940 1403 1985 1431 V⁰‚
2001 1407 2049 1426 an.
2069 1400 2120 1431 IV,
2136 1407 2160 1426 c.
2185 1399 2246 1432 59.)

1277 1496 1321 1518 «..,
1366 1485 1594 1523 archiepiscopo
1649 1485 1890 1515 Tarentasiensi.
1943 1485 2021 1523 Sepe.
2075 1484 2115 1513 fit
2160 1484 2246 1523 quod

1236 1537 1404 1566 Romanus
1434 1537 1595 1571 Pontifex,
1620 1538 1842 1567 universarum
1856 1538 2060 1567 ecclesiarum
2075 1537 2244 1566 sollicitam

1236 1598 1346 1619 curam
1367 1598 1487 1628 gerens,
1511 1591 1552 1619 ob
1577 1591 1683 1619 varios
1709 1600 1819 1620 earum
1845 1593 1980 1619 eventus
2006 1592 2038 1619 et
2064 1599 2175 1619 causas
2202 1590 2248 1618 di-

1236 1651 1354 1677 versaS,
1375 1643 1416 1672 ab
1436 1652 1499 1672 una
1520 1643 1653 1681 recipiat
1672 1644 1803 1672 ecclesia
1823 1644 1909 1682 quod
1926 1643 2018 1672 alteri
2037 1643 2198 1681 elargitur,
2214 1645 2246 1671 et

1236 1695 1311 1724 huic
1331 1696 1423 1734 cujus
1443 1705 1509 1725 rem
1530 1696 1641 1730 donat,
1661 1696 1715 1725 alii
1734 1696 1817 1734 grati
1837 1696 2005 1734 largitione
2024 1696 2164 1724 muneris
2184 1705 2247 1724 res-

1236 1749 1379 1786 pondeat
1402 1751 1434 1777 et
1456 1749 1590 1787 accepti.
1616 1750 1698 1779 Sane
1720 1749 1804 1778 sicut
1826 1749 2007 1787 accepimus
2030 1748 2128 1778 felicis
2144 1757 2246 1777 recor-

1237 1801 1377 1830 dationis
1412 1802 1435 1830 I.
1468 1811 1563 1840 papa,
1597 1803 1800 1840 predecessor
1832 1804 1949 1835 noster,
1982 1801 2110 1830 ecclesie
2135 1801 2246 1831 Sancti

1237 1854 1414 1883 Salvatoris
1440 1863 1538 1892 quam
1565 1864 1622 1892 pro
1648 1855 1753 1884 anime
1779 1864 1834 1883 sue
1861 1854 2001 1883 remedio
2027 1854 2113 1892 apud
2141 1854 2245 1883 Lava-

1236 1906 1324 1935 niam
1347 1916 1364 1936 a
1389 1907 1499 1945 primis
1522 1906 1743 1936 fundamentis
1766 1907 1878 1941 erexit,
1903 1907 2041 1936 contulit
2064 1907 2243 1945 prioratum

1236 1959 1274 1988 de
1301 1959 1441 1993 Calasc0‚
1468 1960 1508 1989 ad
1536 1959 1700 1989 Clusinum
1726 1960 1969 1993 monasterium,
1991 1960 2110 1988 ordinis
2136 1960 2246 1989 Sancti

1232 2012 1410 2045 Benedicti,
1421 2012 1626 2041 Taurinensis
1637 2013 1780 2046 diocesis,
1792 2013 2018 2051 pertinentem,
2035 2021 2129 2051 quem
2146 2021 2246 2051 quon-

1234 2065 1309 2094 dam
1346 2065 1523 2094 Willelmus
1561 2066 1662 2094 abbas
1687 2068 1719 2094 ct
1745 2068 1924 2095 conventus
1949 2065 2093 2103 ejusdem
2118 2074 2246 2094 monas-

1233 2118 1306 2146 terii
1339 2118 1425 2147 dicto
1458 2118 1671 2156 predecessori
1695 2121 1919 2147 concesserant
1943 2127 1998 2156 per
2021 2127 2094 2147 eum
2119 2117 2244 2156 prefate

1232 2171 1362 2199 ecclesie
1386 2170 1641 2200 conferrendum.
1667 2171 1778 2209 Nuper
1801 2173 1911 2200 autem
1936 2180 1992 2200 nos
2017 2171 2071 2209 qui
2095 2173 2244 2200 tenemur

1232 2226 1264 2252 et
1288 2224 1440 2252 debemus
1464 2224 1692 2261 predecessoris
1714 2224 1813 2262 ipsius
1836 2224 1963 2261 incepta
1996 2223 2125 2262 pietatis
2148 2233 2242 2261 opera

1232 2285 1430 2309 consumare,
1455 2276 1633 2314 prioratum
1656 2277 1694 2305 de
1718 2276 1874 2310 Cucurno,
1908 2277 2024 2305 diocesi
2047 2276 2241 2314 supradicte,

1231 2329 1272 2358 ad
1297 2329 1528 2358 monasterium
1552 2332 1754 2367 spectantem
1778 2330 1970 2367 predictum,
1992 2330 2032 2358 ad
2051 2329 2240 2367 petitionem

1232 2381 1339 2410 dilecti
1353 2382 1410 2411 filii
1426 2382 1542 2411 nostris
1557 2382 1593 2411 O.
1608 2382 1711 2411 sancti
1725 2382 1858 2411 Adriani
1873 2382 1999 2411 diaconi
2013 2382 2193 2415 cardinalis,
2208 2384 2241 2411 et

1231 2435 1269 2463 de
1302 2435 1471 2464 voluntate
1504 2444 1541 2464 ac
1573 2435 1774 2473 beneplacito
1808 2435 1914 2464 dilecti
1947 2434 2004 2463 filii
2037 2435 2076 2463 D.
2110 2435 2238 2464 abbatis

1232 2487 1351 2516 Clusini
1388 2488 1474 2525 apud
1514 2488 1627 2517 Sedem
1665 2488 1885 2526 Apostolicam
1922 2488 2137 2520 consistentis,
2176 2497 2238 2517 una

1231 2549 1303 2569 cum
1335 2541 1447 2569 eodem
1479 2541 1621 2578 prioratu
1654 2541 1692 2569 de
1724 2541 1854 2570 Calasco
1886 2540 2080 2569 contulimus
2111 2540 2239 2569 ecclesie

1230 2596 1406 2622 memorate
1427 2594 1467 2622 ab
1488 2594 1556 2631 ipsa
1577 2602 1649 2622 cum
1670 2593 1819 2622 omnibus
1838 2593 1963 2631 juribus
1983 2596 2016 2622 et
2036 2593 2238 2631 pertinentur

1229 2646 1294 2675 suis
1315 2646 1346 2675 in
1367 2648 1559 2684 perpetuum
1580 2646 1819 2684 possidendum.
1847 2646 2000 2675 Nolentes
2020 2648 2130 2675 autem
2151 2646 2237 2683 quod

1228 2708 1269 2728 ex
1288 2699 1473 2737 hujusmodi
1492 2699 1693 2727 concessione
1713 2699 1873 2728 dictorum
1889 2698 2184 2737 prioratuumidem
2196 2698 2237 2727 lc-

1229 2752 1326 2780 datur
1362 2752 1592 2781 monasterium
1629 2752 1678 2780 vel
1715 2754 1877 2789 gravetur,
1915 2752 1969 2780 sed
2006 2750 2235 2788 indempnitati

1229 2807 1383 2833 caveatur
1408 2804 1516 2843 ipsius,
1544 2804 1708 2834 ecclesiam
1729 2804 1839 2833 Sancti
1858 2803 2027 2832 Laurentis
2054 2804 2092 2832 de
2114 2803 2234 2837 Ethon,

1228 2857 1347 2886 ordinis
1384 2857 1492 2887 Sancti
1528 2857 1710 2895 Augustini,
1746 2856 1978 2885 Maurianensis
2014 2856 2157 2890 diocesis,
2193 2856 2235 2885 ad

1228 2910 1410 2940 Romanam
1435 2910 1620 2943 Ecclesiam,
1646 2909 1729 2938 sicut
1754 2909 1880 2942 dicitur,
1904 2909 1990 2938 nullo
2009 2909 2114 2938 medio
2139 2909 2236 2947 perii-

1226 2965 1366 2997 nentem,
1392 2962 1542 3001 predictis
1565 2962 1677 2991 abbati
1707 2964 1740 2991 et
1770 2961 1944 2991 conventui
1973 2970 2010 2990 ac
2039 2961 2235 2991 monasterio

1225 3015 1352 3045 Clusino
1392 3015 1424 3044 in
1464 3015 1793 3053 recompensationem
1833 3014 1993 3044 dictorum
2034 3014 2233 3052 prioratuum
