2477 3512
306 236 368 267 730

304 304 398 330 adbuc
424 303 543 329 unicum
566 302 646 329 aliud
672 303 847 330 beneficium
870 305 946 331 licite
970 307 1100 340 recipcre
1117 312 1146 335 et
1161 310 1289 337 retinere
1315 312 1317 326 ¹

304 351 402 384 possit.
422 352 498 376 ilino.
516 352 558 381 25,
576 358 601 376 a.
619 351 665 380 ΙΙΙ,
682 359 706 377 c.
729 352 788 381 747,
807 352 825 377 s.
847 354 928 383 lost}
1316 331 1317 389 i

351 466 364 479 «
379 451 543 493 Allo-(sistro
554 452 694 484 Nicolao
716 452 755 484 ‹lr’
773 453 955 497 l’limpton.
972 456 1147 499 capellano
1162 466 1287 498 nostro,

307 507 545 539 archidiacono
565 509 773 550 Norsolcltic.
790 513 977 553 Apostolice
991 514 1084 545 Sedis
1106 515 1290 556 benignitas
1316 511 1319 563 l

309 583 362 596 —.
386 566 458 597 Dat.
484 566 632 604 Viterbii,
655 569 747 599 nonis
764 569 960 608 decembris,
979 581 1061 602 anno
1077 573 1187 604 tertio.
1216 588 1230 601 ›,

378 698 478 724 236(ss
797 701 920 728 literbe,
938 706 952 726 ι’»
973 703 1130 729 novembre
1149 705 1223 729 12:37.

342 786 432 812 Priori
455 789 483 812 et
499 787 624 821 capitulo
648 787 788 813 ecclesiac-
809 790 835 814 5.
852 790 956 815 Amani
971 789 999 815 in
1018 791 1138 817 nitet-ria
1156 793 1295 821 mandat,
1323 820 1325 830 ,

305 838 452 867 quatenus
468 834 496 860 in
518 843 620 860 eorum
635 835 758 861 ecclesia
774 836 915 862 ¹loannem
933 837 967 863 de
983 838 1073 864 venia
1087 838 1229 865 clericum
1255 848 1299 865 re-

306 881 415 915 cipiant
433 882 459 907 in
476 883 664 908 canonicum.
684 884 761 913 (nno.
778 885 821 913 25.
838 892 863 910 a.
882 884 928 912 ΙΙΙ,
946 893 970 910 c.
988 885 1076 913 748.s.
1098 888 1183 914 ¹01¹.)

352 978 366 993 «
387 990 407 995 ..
447 965 553 1008 priori
583 971 614 997 et
639 966 786 1010 capitulo
817 967 975 999 secularis
1009 968 1142 1000 ecclesie
1174 969 1298 1001 Sancti

307 1020 432 1053 Amani
448 1021 481 1052 in
500 1021 640 1060 Biteriffl
660 1022 1034 1056 saturianus-is‹lim-esis.
1053 1026 1094 1057 Ut
1115 1026 1300 1057 reddantur

307 1079 421 1109 merita
436 1078 573 1109 clariora
589 1097 641 1109 -.
662 1080 732 1110 Dat.
756 1080 904 1111 Viterbii.
928 1081 985 1111 Vll
1007 1082 1075 1112 idus
1093 1083 1296 1121 novembris,

307 1144 390 1165 anno
407 1135 521 1166 tertio.
549 1150 561 1162 >1

376 1268 476 1296 2367
782 1272 906 1299 Viterhe.
926 1274 956 1298 13
969 1272 1125 1298 decembre
1147 1274 1221 1298 ¹257.

344 1355 541 1390 infrascriptis
556 1356 677 1382 liberam
695 1356 862 1382 facultatem
880 1357 1018 1383 concedit
1033 1358 1299 1391 compromittendi

308 1403 337 1429 in
358 1403 491 1429 abbatem
516 1404 687 1430 monasterii
705 1405 740 1430 de
756 1404 873 1438 Spincto
895 1407 1035 1439 tanquam
1059 1405 1087 1431 in
1109 1405 1251 1431 arbitrum
1272 1408 1300 1432 et

304 1451 531 1484 compositorem
549 1452 733 1478 amicabilem
746 1460 834 1486 super
849 1452 1021 1486 quaestione
1042 1453 1120 1479 inter
1135 1453 1213 1487 ipsos
1229 1457 1296 1480 orta
1325 1438 1327 1459 Ξ

306 1500 334 1523 et
361 1502 544 1532 potcstatem,
561 1499 717 1526 eonsilium
747 1503 773 1525 et
797 1508 955 1526 commune
983 1499 1127 1527 Clusinos.
1154 1502 1232 1527 lieu.
1252 1504 1297 1534 25,
1324 1497 1326 1532 Σ

305 1553 331 1571 a.
348 1546 394 1577 ΙΙΙ,
409 1553 433 1572 c.
446 1548 506 1577 749,
524 1546 542 1572 s.
564 1546 646 1573 lOlV.i

355 1642 368 1656 κ
383 1628 568 1672 ..episcopo
588 1635 644 1660 el..
662 1630 831 1673 preposilo
846 1631 980 1663 ecclesie
994 1633 1117 1664 Sancte
1135 1632 1294 1664 Musciolc

311 1683 445 1715 Clusina
486 1696 524 1717 ac
562 1697 674 1717 eorum
711 1686 881 1730 capitulis.
923 1689 1004 1720 Olim
1042 1690 1127 1720 inter
1158 1700 1214 1721 vos
1250 1700 1291 1721 ex

309 1743 402 1782 parte
424 1752 487 1772 una
506 1744 539 1773 et
565 1744 773 1784 potestatem,
797 1744 963 1775 consilium
984 1749 1018 1776 et
1035 1756 1202 1777 commune
1220 1746 1294 1777 Clu·
1321 1745 1322 1751 ¹

1324 883 1325 898 ³
1369 914 1374 919 .
1413 892 1623 930 potestatem,

306 1797 394 1828 sinos
410 1808 450 1829 ex
472 1799 587 1835 altera,
605 1810 701 1840 super
717 1800 886 1841 temporali
903 1801 1132 1842 jurisdictione
1148 1803 1293 1834 civitatis
1320 1816 1322 1823 ⁴

308 1855 450 1893 Clusine,
484 1855 642 1895 domibus,
668 1856 782 1893 vineis,
806 1858 989 1889 nemoribus
1011 1861 1043 1889 et
1064 1859 1134 1890 aliis
1154 1860 1294 1891 diversis
1320 1880 1321 1885 ,

307 1911 453 1943 articulis
487 1912 611 1952 questio
640 1916 727 1944 mota
756 1912 814 1943 fuit
842 1919 874 1944 et
904 1918 1036 1956 propter
1065 1914 1125 1947 hoc
1153 1918 1294 1948 materia

308 1969 409 1999 multe
445 1967 637 1999 turbationis
657 1974 786 2009 exorta,
814 1981 895 2001 nunc
921 1975 1039 2010 autem,
1065 1972 1208 2004 faciente
1229 1974 1293 2005 Do-
1319 1960 1320 1989 l

308 2025 405 2062 mino,
428 2036 446 2055 a
465 2034 526 2066 quo
547 2024 629 2056 bona
644 2030 762 2057 cuncta
775 2027 965 2068 proccdunt,
988 2039 1046 2059 vos
1067 2031 1099 2060 et
1117 2030 1178 2070 ipsi
1199 2040 1294 2072 super

304 2081 366 2111 hoc
386 2081 469 2111 sicut
489 2082 675 2122 accepimus
687 2082 716 2112 in
730 2083 812 2114 viam
824 2084 911 2125 pacis
927 2084 1022 2124 dirigi
1039 2086 1156 2127 cupitis
1178 2088 1212 2117 et
1229 2089 1293 2118 ter-

304 2131 426 2168 minare
451 2138 666 2169 amicabiliter
691 2139 871 2180 hujusmodi
898 2142 1099 2182 questionem
1128 2143 1291 2182 volentes,

305 2194 336 2224 iu
351 2193 504 2224 dilectum
526 2194 622 2225 filium
640 2195 788 2227 abbatem
809 2198 997 2228 monasterii
1017 2198 1056 2229 de
1078 2199 1222 2240 Spineto‚
1243 2211 1293 2231 or-

306 2248 388 2280 dinis
407 2249 513 2281 Vallis
525 2250 697 2289 Umbrose,
713 2251 841 2283 Clusiue
862 2253 1014 2289 diocesis,
1033 2255 1090 2285 sub
1105 2260 1195 2287 certa
1210 2267 1292 2298 pena

309 2306 435 2347 preciso
456 2308 719 2348 compromittere
744 2319 840 2350 super
858 2310 919 2340 liiis
940 2321 977 2342 ac
997 2311 1174 2344 observare
1194 2313 1292 2354 ipsius

307 2361 608 2394 abbatisarbitrium
619 2365 858 2404 promittentes,
871 2367 897 2396 si
912 2367 951 2398 ad
964 2367 1209 2401 liocconsensus
1220 2381 1295 2402 nos—

308 2419 514 2450 teraccedat.
527 2419 591 2451 Nos
610 2420 710 2461 igitur
725 2422 969 2454 considerantes
990 2423 1067 2455 illud
1089 2436 1162 2457 esse
1177 2427 1291 2458 salutis

308 2475 560 2516 consiliumuquo
574 2478 665 2507 tanta
677 2477 886 2509 sulunovetur
903 2480 1083 2521 jurgiorum
1102 2483 1238 2514 materia
1261 2486 1293 2514 et

309 2531 489 2572 periculosa
512 2532 728 2564 membrorum
745 2536 903 2576 etcapitis
924 2537 1064 2569 turbatio
1078 2540 1294 2579 conquiescit,

307 2587 338 2618 in
355 2587 490 2619 eundem
513 2587 661 2620 abbatem
683 2595 844 2630 tamquam
871 2592 900 2623 in
926 2593 1093 2627 arbitrum.
1117 2595 1296 2628 arbitrato-

309 2653 389 2680 rem,
408 2644 607 2675 laudatorem
628 2648 659 2676 et
676 2648 924 2688 compositorem
939 2650 1137 2682 amicabilem
1150 2662 1297 2695 compro-

310 2700 459 2730 mittemli
484 2711 580 2741 super
606 2704 773 2743 premissis
790 2706 823 2734 et
842 2705 1005 2746 obligandi
1027 2707 1084 2737 sub
1104 2711 1195 2739 certa
1214 2719 1297 2750 pena

311 2766 366 2786 vos
388 2759 421 2787 et
442 2767 649 2789 successores
661 2764 787 2790 vestros
809 2760 848 2790 ad
868 2761 1127 2795 observationem
1143 2766 1296 2804 oninium,

311 2821 372 2851 que
392 2812 474 2843 idem
495 2813 592 2844 abbas
607 2814 639 2844 in
654 2815 714 2845 hac
731 2818 823 2856 parte
841 2816 939 2848 fuerit
956 2818 1144 2858 arbitratus,
1164 2821 1295 2853 liberam

313 2867 401 2898 vobis
425 2870 619 2901 auctoritate
640 2873 838 2912 presentium
865 2874 1070 2906 concedimus
1096 2877 1296 2910 facultatem.

316 2924 427 2955 Datum
450 2925 598 2961 Viterbii,
617 2926 718 2958 idibus
739 2928 932 2968 decembris,
949 2941 1030 2962 anno
1047 2933 1153 2964 tertio.

1025 241 1049 270 1<
1056 241 1257 274 EGISTRES
1283 242 1495 274 D'ALEXAN
1504 243 1585 273 nRE
1611 243 1653 273 IV

1416 310 1518 336 2368
1819 311 1944 343 Viterbe,
1965 314 1996 338 13
2014 311 2169 338 decembre
2188 314 2263 339 ¹257.

1378 397 1519 430 Episcopo
1542 396 1660 422 Clusino
1682 397 1812 427 mandat,
1829 399 1977 430 quatenus
2000 398 2154 430 postquam
2177 396 2212 422 de
2232 404 2336 430 supra-

1343 444 1419 469 dicta
1439 443 1610 477 quaestione
1632 444 1660 470 in
1678 444 1789 469 dictum
1809 443 1944 469 abbatem
1972 443 2141 469 monasterii
2163 443 2198 469 de
2215 443 2335 478 Spineto

1342 491 1586 524 compromissum
1600 491 1698 521 fuerit„
1711 490 1822 517 relaxet
1836 491 2000 516 sententias
2013 490 2161 516 interdicti
2177 493 2206 516 et
2221 498 2336 517 excom-

1345 539 1554 564 municationis
1569 539 1597 564 in
1616 542 1800 573 potestatem,
1816 538 1973 564 consilium
1990 540 2019 564 et
2034 546 2190 564 commune
2203 537 2338 564 Clusinos

1318 566 1319 607 i
1346 586 1552 620 promulgatas.
1569 587 1647 612 (lien.
1664 588 1706 615 25,
1721 594 1746 611 a.
1764 586 1810 616 ΙΙΙ,
1828 593 1852 611 c.
1870 588 1930 616 750,
1948 585 1966 611 f.
1986 587 2061 612 lov:
2074 586 2278 616 Ronesiienmt.
2292 585 2339 616 lit,

1348 639 1379 660 n⁰
1400 636 1455 659 ΠΙ.

1394 732 1407 746 «
1436 744 1454 749 ..
1474 717 1626 761 cpiscopo
1647 717 1795 749 Clusino.
1817 717 1899 749 Olim
1916 717 2000 747 inter
2021 720 2052 747 te
2067 721 2219 756 tuamque
2233 714 2339 747 eccle-

1323 782 1324 805 }
1349 776 1470 812 siani‚..
1494 775 1692 817 prepositum
1718 774 1859 806 ecclesie
1885 774 2005 805 Sancte
2034 773 2184 804 Mustiole
2208 771 2338 804 Clusino

1324 837 1325 843 ¹
1350 843 1387 863 ac
1415 832 1598 864 earumdem
1624 831 1837 863 ecclesiarum
1862 830 2003 872 capitula
2025 840 2066 861 cx
2096 832 2188 871 parte
2216 838 2279 860 una
2305 830 2339 859 et

1667 888 1848 925 consilium,
1891 896 2059 918 commune
2102 885 2249 917 Clusinos
2295 894 2336 916 ex

1351 946 1466 982 altera,
1489 955 1585 986 supi-r
1601 944 1769 985 temporali
1781 943 2011 985 jurisdictione
2032 942 2175 973 civitatis
2190 940 2338 980 clusine,

1351 1001 1508 1039 domibus,
1534 1001 1648 1039 vineis,
1674 1000 1857 1031 nemoribus
1878 1002 1911 1031 et
1937 1000 2006 1030 aliis
2027 999 2167 1030 diversis
2191 996 2339 1029 articulis

1350 1058 1474 1098 questio
1492 1060 1577 1088 mota
1597 1057 1658 1088 fuit
1673 1060 1705 1088 et
1726 1059 1858 1098 propter
1877 1057 1938 1088 hoc
1955 1056 2091 1087 materia
2108 1055 2206 1086 multe
2228 1054 2340 1086 turba-

1350 1115 1446 1145 tionis
1475 1117 1589 1145 exorta
1621 1115 1653 1144 et
1681 1117 1745 1144 tam
1766 1113 1937 1144 occasione
1955 1111 2138 1154 hujusmodi
2160 1111 2340 1152 questionis

1350 1181 1443 1211 quam
1466 1180 1522 1212 pro
1549 1181 1586 1200 oo
1613 1170 1709 1201 etiam
1731 1169 1813 1210 quod
1827 1169 1921 1200 iidem
1942 1174 2102 1210 potissim,
2126 1167 2341 1199 consiliumet

1326 1254 1327 1273 ἦ
1351 1236 1519 1257 commune
1540 1226 1696 1267 quondam
1719 1225 1893 1257 Fredorieo
1915 1226 2132 1256 Romanorum
2151 1224 2338 1266 imperatori

1352 1286 1466 1314 contra
1479 1283 1662 1314 Ecclesiam
1675 1282 1885 1320 adheserunt,
1903 1281 2054 1313 dicuntur
2073 1282 2102 1312 in
2129 1290 2185 1312 eos
2199 1281 2340 1312 auctori—

1352 1342 1419 1370 tate
1439 1339 1616 1381 apostolica
1640 1339 1769 1370 diverse
1791 1338 1954 1369 interdicti
1976 1343 2008 1369 et
2029 1337 2340 1368 excommunicatio-

1352 1406 1424 1427 num
1459 1396 1622 1427 sententic
1651 1395 1868 1437 promulgate.
1891 1396 1968 1426 Cum
1995 1395 2095 1436 igitur
2130 1395 2214 1425 inter
2244 1395 2277 1425 te
2303 1403 2341 1424 ac

1351 1453 1554 1483 commissum
1587 1452 1644 1483 tibi
1669 1451 1818 1493 populum
1839 1462 1936 1492 super
1967 1451 2028 1482 hiis
2057 1449 2236 1482 amicabilis
2264 1460 2340 1481 con-

1351 1510 1461 1541 cordia
1483 1510 1654 1551 provenire
1683 1508 1848 1545 credatur,
1870 1518 1927 1539 nos
1952 1508 2123 1549 cupientes
2161 1507 2248 1538 inter
2280 1516 2340 1537 vos

1324 1566 1462 1599 ¹haberi
1496 1568 1639 1596 mutuam
1671 1566 1844 1596 caritatem
1884 1567 1916 1595 et
1955 1562 2100 1595 habitam
2130 1563 2332 1602 conservari,

1350 1622 1550 1661 mandamus,
1561 1622 1711 1662 quatinus
1724 1624 1893 1663 postquam
1903 1631 2001 1662 super
2013 1620 2194 1661 hujusmodi
2209 1623 2339 1651 contro-

1346 1680 1464 1710 versiis
1490 1680 1522 1710 in
1558 1678 1711 1710 dilectum
1746 1678 1872 1709 filium..
1900 1677 2051 1709 abbatem
2084 1676 2273 1708 monasterii
2299 1675 2339 1707 de

1349 1736 1621 1777 Spineto.or‹linis
1638 1735 1739 1766 Vallis
1756 1735 1926 1773 Umbrose,
1938 1734 2067 1765 Clusine
2083 1733 2236 1771 diocesis,
2251 1733 2336 1764 exti-

1347 1793 1423 1823 terit
1436 1792 1532 1834 juxta
1550 1791 1692 1823 mandati
1711 1791 1813 1823 nostri
1834 1793 1980 1822 tenorem
1996 1790 2168 1832 apartibus
2183 1789 2337 1830 sollemp—

1320 1849 1321 1852 ’
1346 1849 1431 1880 niter
1461 1848 1728 1890 compromissum
1761 1850 1795 1879 et
1824 1847 1863 1879 de
1892 1846 2053 1878 servando
2083 1847 2183 1888 ipsius
2210 1845 2336 1877 abbatis

1320 1910 1321 1915 ¹
1345 1905 1480 1936 arbitrio
1510 1915 1567 1936 seu
1587 1904 1681 1936 laudo
1702 1904 1837 1946 prestite
1865 1903 1987 1935 fuerint
2018 1903 2197 1938 cautiones.
2231 1901 2336 1933 dictas

1346 1962 1526 1993 sententias
1547 1961 1645 2002 juxta
1672 1961 1808 1992 sormam
1825 1960 1974 1991 Ecclesie
2004 1960 2202 1990 auctoritate
2227 1961 2338 1990 nostra

1345 2018 1489 2056 relaxes,
1511 2017 1656 2059 injuncto
1681 2017 1728 2048 eis
1747 2016 1973 2047 nichilominus
1991 2016 2074 2056 quod
2091 2015 2212 2046 videris
2232 2015 2339 2056 injun-

1345 2074 1500 2117 gen‹luni;
1525 2084 1586 2104 non
1606 2073 1757 2104 obstante
1778 2073 1804 2103 si
1826 2073 1881 2104 tibi
1903 2074 1936 2104 et
1961 2072 2083 2104 eisdem
2110 2072 2276 2114 preposito
2302 2074 2338 2103 et

1345 2130 1496 2173 capitulis
1518 2141 1536 2161 a
1558 2130 1640 2161 Sede
1660 2129 1847 2171 Apostoliea
1868 2130 1910 2160 sit
1925 2128 2097 2163 indultum,
2119 2128 2202 2170 quod
2223 2127 2336 2160 eedem

1346 2188 1508 2219 sententie
1528 2187 1671 2218 relaxari
1692 2197 1753 2217 non
1769 2187 1894 2227 possint
1914 2196 1971 2227 per
1984 2186 2084 2227 ipsius
2097 2184 2188 2216 Sedis
2205 2185 2335 2216 litteras

1345 2254 1407 2275 non
1427 2244 1586 2275 facientes
1605 2244 1733 2285 plenam
1753 2246 1786 2274 et
1808 2252 1999 2284 expressam
2013 2242 2052 2273 de
2073 2241 2197 2272 indulto
2224 2241 2336 2283 liujus-

1347 2301 1431 2332 modi
1453 2301 1660 2339 mentionem,
1683 2299 1735 2331 vel
1764 2299 1906 2340 qualibet
1936 2299 1999 2329 alia
2028 2297 2231 2339 indulgentia
2249 2297 2336 2329 dicte

1348 2357 1440 2389 Sedis
1461 2357 1692 2398 cujuscumque
1710 2356 1844 2392 tenoris,
1869 2366 1926 2397 per
1943 2365 2036 2396 quam
2057 2354 2087 2385 id
2111 2354 2220 2386 valeat
2233 2355 2336 2396 impe-

1347 2414 1418 2444 diri.
1442 2414 1555 2444 Datum
1572 2412 1721 2449 Viterbii,
1738 2411 1842 2443 idibus
1860 2411 2057 2449 decembris,
2077 2421 2161 2441 anno
2182 2411 2292 2442 tertio.
2319 2424 2334 2438 »

1419 2508 1520 2535 2369
1813 2508 1938 2537 Viterbe.
1960 2509 1992 2533 22
2013 2508 2171 2533 novembre
2190 2508 2264 2533 1257.

1384 2595 1554 2629 Praeposito
1579 2599 1607 2621 et
1633 2596 1760 2629 capitulo
1778 2595 1921 2622 ecclesiae
1935 2596 1962 2622 S.
1974 2595 2104 2626 Juniani,
2121 2595 2334 2622 Lemovicensis

1349 2642 1504 2674 dioecesis,
1526 2642 1655 2674 mandat,
1676 2645 1823 2677 quatenus
1836 2642 1954 2677 llelyam
1974 2643 2053 2678 Nigri
2071 2650 2229 2678 pauperem
2249 2641 2334 2669 cleri-

1350 2697 1415 2716 cum
1436 2689 1568 2722 ejusdem
1588 2689 1742 2721 dioecesis,
1761 2689 1790 2715 iu
1810 2689 1937 2716 ecclesia
1956 2690 1982 2715 S.
2005 2690 2122 2716 Juniani
2139 2689 2282 2723 recipiant
2299 2689 2327 2715 in

1350 2737 1536 2763 canonicum.
1555 2737 1633 2769 (unu.
1650 2738 1694 2768 25,
1712 2744 1736 2762 a.
1761 2737 1807 2768 ΙΙΙ,
1825 2744 1850 2762 c.
1868 2739 1928 2770 751,
1946 2737 1963 2763 f.
1980 2738 2052 2769 102.)

1397 2834 1411 2849 u
1437 2846 1458 2851 ..
1479 2819 1648 2863 preposito
1669 2826 1699 2851 et
1720 2819 1868 2863 capitulo
1889 2819 2024 2851 ecclesie
2040 2819 2156 2851 Sancti
2176 2819 2335 2857 duuiani,

1351 2875 1594 2908 Lemonia-ensis
1611 2875 1762 2908 diocesis.
1782 2876 1827 2907 De
1838 2876 1958 2907 dilecto
1971 2876 2037 2907 filio
2056 2876 2158 2917 Helya
2178 2876 2268 2917 Nigri
2282 2894 2337 2906 —.

1354 2934 1424 2965 Dat.
1447 2933 1600 2971 Viterbii,
1624 2934 1652 2964 X
1670 2932 1734 2964 kal.
1758 2931 1951 2964 decembris.
1973 2942 2056 2963 anno
2076 2933 2186 2964 tertio.
2206 2947 2220 2960 ›.
