<?xml version="1.0" encoding="UTF-8"?>
<!DOCTYPE html PUBLIC "-//W3C//DTD XHTML 1.0 Transitional//EN"
    "http://www.w3.org/TR/xhtml1/DTD/xhtml1-transitional.dtd">
<html xmlns="http://www.w3.org/1999/xhtml" xml:lang="en" lang="en">
 <head>
  <title>
</title>
<meta http-equiv="Content-Type" content="text/html;charset=utf-8" />
  <meta name='ocr-system' content='tesseract 3.04.00' />
  <meta name='ocr-capabilities' content='ocr_page ocr_carea ocr_par ocr_line ocrx_word'/>
</head>
<body>
  <div class='ocr_page' id='page_1' title='image "./lesregistresdegr02cathuoft_0462.png"; bbox 0 0 2477 3512; ppageno 0'>
   <div class='ocr_carea' id='block_1_1' title="bbox 204 253 1631 290">
    <p class='ocr_par' dir='ltr' id='par_1_1' title="bbox 204 253 1631 290">
     <span class='ocr_line' id='line_1_1' title="bbox 204 253 1631 290; baseline 0.004 -5"><span class='ocrx_word' id='word_1_1' title='bbox 204 253 245 285; x_wconf 70' lang='lat'>7⁸</span> <span class='ocrx_word' id='word_1_2' title='bbox 904 255 1173 288; x_wconf 83' lang='lat' dir='ltr'>REGISTRES</span> <span class='ocrx_word' id='word_1_3' title='bbox 1199 256 1554 289; x_wconf 86' lang='lat' dir='ltr'>D’ALEXANDRE</span> <span class='ocrx_word' id='word_1_4' title='bbox 1583 258 1631 290; x_wconf 94' lang='lat' dir='ltr'>IV</span> 
     </span>
    </p>
   </div>
   <div class='ocr_carea' id='block_1_2' title="bbox 278 359 1122 390">
    <p class='ocr_par' dir='ltr' id='par_1_2' title="bbox 278 359 1122 390">
     <span class='ocr_line' id='line_1_2' title="bbox 278 359 1122 390; baseline 0.004 -7"><span class='ocrx_word' id='word_1_5' title='bbox 278 359 366 384; x_wconf 85' lang='grc'><strong>2989</strong></span> <span class='ocrx_word' id='word_1_6' title='bbox 623 359 756 390; x_wconf 52' lang='lat' dir='ltr'>Anauni,</span> <span class='ocrx_word' id='word_1_7' title='bbox 780 360 818 384; x_wconf 76' lang='lat'>20</span> <span class='ocrx_word' id='word_1_8' title='bbox 842 359 1011 385; x_wconf 84' lang='lat' dir='ltr'>novembre</span> <span class='ocrx_word' id='word_1_9' title='bbox 1036 360 1122 386; x_wconf 84' lang='lat'>1259.</span> 
     </span>
    </p>
   </div>
   <div class='ocr_carea' id='block_1_3' title="bbox 197 411 1206 619">
    <p class='ocr_par' dir='ltr' id='par_1_3' title="bbox 197 411 1206 619">
     <span class='ocr_line' id='line_1_3' title="bbox 240 411 1205 446; baseline 0.004 -10"><span class='ocrx_word' id='word_1_10' title='bbox 240 411 434 443; x_wconf 72' lang='lat' dir='ltr'>Margaritae,</span> <span class='ocrx_word' id='word_1_11' title='bbox 471 412 650 438; x_wconf 69' lang='lat' dir='ltr'>comitissae</span> <span class='ocrx_word' id='word_1_12' title='bbox 690 412 863 442; x_wconf 76' lang='lat' dir='ltr'>Flandriae,</span> <span class='ocrx_word' id='word_1_13' title='bbox 901 412 1039 443; x_wconf 71' lang='lat' dir='ltr'>indulget</span> <span class='ocrx_word' id='word_1_14' title='bbox 1079 414 1113 439; x_wconf 79' lang='lat' dir='ltr'>ut</span> <span class='ocrx_word' id='word_1_15' title='bbox 1151 421 1205 446; x_wconf 82' lang='lat' dir='ltr'>per</span> 
     </span>
     <span class='ocr_line' id='line_1_4' title="bbox 197 455 1206 488; baseline 0.002 -8"><span class='ocrx_word' id='word_1_16' title='bbox 197 455 316 481; x_wconf 83' lang='lat' dir='ltr'>litteras</span> <span class='ocrx_word' id='word_1_17' title='bbox 339 463 417 488; x_wconf 77' lang='lat' dir='ltr'>quae</span> <span class='ocrx_word' id='word_1_18' title='bbox 440 457 476 481; x_wconf 90' lang='lat' dir='ltr'>de</span> <span class='ocrx_word' id='word_1_19' title='bbox 498 456 652 482; x_wconf 76' lang='lat' dir='ltr'>comitatu</span> <span class='ocrx_word' id='word_1_20' title='bbox 676 463 735 481; x_wconf 90' lang='lat' dir='ltr'>non</span> <span class='ocrx_word' id='word_1_21' title='bbox 760 456 884 482; x_wconf 77' lang='lat' dir='ltr'>iecerint</span> <span class='ocrx_word' id='word_1_22' title='bbox 911 456 1113 487; x_wconf 81' lang='lat' dir='ltr'>mentionem,</span> <span class='ocrx_word' id='word_1_23' title='bbox 1134 465 1206 483; x_wconf 78' lang='lat' dir='ltr'>con-</span> 
     </span>
     <span class='ocr_line' id='line_1_5' title="bbox 198 499 1206 532; baseline 0.002 -8"><span class='ocrx_word' id='word_1_24' title='bbox 198 499 295 525; x_wconf 65' lang='lat' dir='ltr'>veniri</span> <span class='ocrx_word' id='word_1_25' title='bbox 317 502 460 532; x_wconf 81' lang='lat' dir='ltr'>nequeat.</span> <span class='ocrx_word' id='word_1_26' title='bbox 482 500 578 527; x_wconf 65' lang='grc' dir='ltr'>(Ιίιςα,</span> <span class='ocrx_word' id='word_1_27' title='bbox 599 500 647 528; x_wconf 65' lang='grc'><strong>23,</strong></span> <span class='ocrx_word' id='word_1_28' title='bbox 668 501 686 525; x_wconf 82' lang='grc'>1“.</span> <span class='ocrx_word' id='word_1_29' title='bbox 708 501 765 525; x_wconf 65' lang='lat'>22⁸</span> <span class='ocrx_word' id='word_1_30' title='bbox 785 504 830 527; x_wconf 63' lang='grc' dir='ltr'>ν’),</span> <span class='ocrx_word' id='word_1_31' title='bbox 850 508 899 525; x_wconf 86' lang='lat' dir='ltr'>an.</span> <span class='ocrx_word' id='word_1_32' title='bbox 922 500 958 529; x_wconf 73' lang='lat' dir='ltr'>V,</span> <span class='ocrx_word' id='word_1_33' title='bbox 978 508 1002 525; x_wconf 85' lang='lat' dir='ltr'>c.</span> <span class='ocrx_word' id='word_1_34' title='bbox 1023 501 1102 530; x_wconf 79' lang='lat'>217;</span> <span class='ocrx_word' id='word_1_35' title='bbox 1123 501 1206 526; x_wconf 69' lang='lat'><em>[301³-</em></span> 
     </span>
     <span class='ocr_line' id='line_1_6' title="bbox 200 544 1205 577; baseline 0.002 -9"><span class='ocrx_word' id='word_1_36' title='bbox 200 550 287 568; x_wconf 59' lang='lat' dir='ltr'>›mxs</span> <span class='ocrx_word' id='word_1_37' title='bbox 307 546 333 569; x_wconf 84' lang='lat' dir='ltr'>et</span> <span class='ocrx_word' id='word_1_38' title='bbox 358 544 502 571; x_wconf 59' lang='lat' dir='ltr'>HALKIN.</span> <span class='ocrx_word' id='word_1_39' title='bbox 527 546 546 569; x_wconf 85' lang='lat' dir='ltr'>t.</span> <span class='ocrx_word' id='word_1_40' title='bbox 572 544 628 571; x_wconf 73' lang='lat' dir='ltr'>Nl,</span> <span class='ocrx_word' id='word_1_41' title='bbox 649 545 681 569; x_wconf 73' lang='lat'>2¹·</span> <span class='ocrx_word' id='word_1_42' title='bbox 702 544 811 576; x_wconf 85' lang='lat' dir='ltr'>partie,</span> <span class='ocrx_word' id='word_1_43' title='bbox 833 551 860 576; x_wconf 90' lang='lat' dir='ltr'>p.</span> <span class='ocrx_word' id='word_1_44' title='bbox 885 545 961 574; x_wconf 75' lang='lat'><em>1193</em></span> <span class='ocrx_word' id='word_1_45' title='bbox 984 544 1205 577; x_wconf 48' lang='lat' dir='ltr'>[tonimmzneij</span> 
     </span>
     <span class='ocr_line' id='line_1_7' title="bbox 198 587 450 619; baseline 0 -6"><span class='ocrx_word' id='word_1_46' title='bbox 198 590 220 613; x_wconf 86' lang='lat' dir='ltr'>t.</span> <span class='ocrx_word' id='word_1_47' title='bbox 244 587 298 618; x_wconf 86' lang='lat'>111,</span> <span class='ocrx_word' id='word_1_48' title='bbox 318 591 351 612; x_wconf 58' lang='grc' dir='ltr'>[ν’</span> <span class='ocrx_word' id='word_1_49' title='bbox 369 588 450 619; x_wconf 69' lang='grc'><strong>502.)</strong></span> 
     </span>
    </p>
   </div>
   <div class='ocr_carea' id='block_1_4' title="bbox 197 674 1213 1353">
    <p class='ocr_par' dir='ltr' id='par_1_4' title="bbox 197 674 1213 1353">
     <span class='ocr_line' id='line_1_8' title="bbox 243 674 1210 715; baseline 0.001 -10"><span class='ocrx_word' id='word_1_50' title='bbox 243 690 252 698; x_wconf 74' lang='lat'>·›</span> <span class='ocrx_word' id='word_1_51' title='bbox 291 674 410 705; x_wconf 67' lang='lat' dir='ltr'>Nobili</span> <span class='ocrx_word' id='word_1_52' title='bbox 447 674 583 705; x_wconf 81' lang='lat' dir='ltr'>mulieri</span> <span class='ocrx_word' id='word_1_53' title='bbox 620 675 823 715; x_wconf 69' lang='lat' dir='ltr'>Marsstirile,</span> <span class='ocrx_word' id='word_1_54' title='bbox 863 674 1030 706; x_wconf 78' lang='lat' dir='ltr'>Flandrie</span> <span class='ocrx_word' id='word_1_55' title='bbox 1066 677 1094 706; x_wconf 81' lang='lat' dir='ltr'>et</span> <span class='ocrx_word' id='word_1_56' title='bbox 1134 674 1210 706; x_wconf 85' lang='grc' dir='ltr'>Ηα-</span> 
     </span>
     <span class='ocr_line' id='line_1_9' title="bbox 200 726 1207 769; baseline 0.003 -12"><span class='ocrx_word' id='word_1_57' title='bbox 200 726 333 768; x_wconf 77' lang='lat' dir='ltr'>[111011ic</span> <span class='ocrx_word' id='word_1_58' title='bbox 371 727 549 759; x_wconf 49' lang='lat' dir='ltr'>comitisse.</span> <span class='ocrx_word' id='word_1_59' title='bbox 590 727 730 759; x_wconf 74' lang='lat' dir='ltr'>Efficax</span> <span class='ocrx_word' id='word_1_60' title='bbox 769 728 971 759; x_wconf 86' lang='lat' dir='ltr'>devotionis</span> <span class='ocrx_word' id='word_1_61' title='bbox 1009 738 1114 769; x_wconf 88' lang='lat' dir='ltr'>quem</span> <span class='ocrx_word' id='word_1_62' title='bbox 1152 747 1207 760; x_wconf 87' lang='lat'>—.</span> 
     </span>
     <span class='ocr_line' id='line_1_10' title="bbox 197 780 1208 821; baseline 0.001 -10"><span class='ocrx_word' id='word_1_63' title='bbox 197 781 283 811; x_wconf 65' lang='lat' dir='ltr'>(jum</span> <span class='ocrx_word' id='word_1_64' title='bbox 321 781 429 821; x_wconf 73' lang='lat' dir='ltr'>igitur</span> <span class='ocrx_word' id='word_1_65' title='bbox 467 780 592 812; x_wconf 83' lang='lat' dir='ltr'>titulus</span> <span class='ocrx_word' id='word_1_66' title='bbox 628 781 821 812; x_wconf 74' lang='lat' dir='ltr'>comitatus</span> <span class='ocrx_word' id='word_1_67' title='bbox 860 781 1084 812; x_wconf 85' lang='lat' dir='ltr'>Flandrensis</span> <span class='ocrx_word' id='word_1_68' title='bbox 1120 781 1208 813; x_wconf 87' lang='lat' dir='ltr'>adeo</span> 
     </span>
     <span class='ocr_line' id='line_1_11' title="bbox 197 833 1210 875; baseline 0.003 -12"><span class='ocrx_word' id='word_1_69' title='bbox 197 833 342 872; x_wconf 64' lang='lat' dir='ltr'>insignis</span> <span class='ocrx_word' id='word_1_70' title='bbox 370 834 426 867; x_wconf 83' lang='lat' dir='ltr'>sit.</span> <span class='ocrx_word' id='word_1_71' title='bbox 460 837 497 865; x_wconf 68' lang='lat' dir='ltr'>ut,</span> <span class='ocrx_word' id='word_1_72' title='bbox 527 834 587 864; x_wconf 79' lang='lat' dir='ltr'>vix</span> <span class='ocrx_word' id='word_1_73' title='bbox 617 834 783 865; x_wconf 78' lang='lat' dir='ltr'>credatur</span> <span class='ocrx_word' id='word_1_74' title='bbox 812 834 856 864; x_wconf 88' lang='lat' dir='ltr'>ab</span> <span class='ocrx_word' id='word_1_75' title='bbox 888 834 963 870; x_wconf 86' lang='lat' dir='ltr'>biis,</span> <span class='ocrx_word' id='word_1_76' title='bbox 996 834 1054 875; x_wconf 86' lang='lat' dir='ltr'>qui</span> <span class='ocrx_word' id='word_1_77' title='bbox 1085 837 1210 866; x_wconf 83' lang='lat' dir='ltr'>contra</span> 
     </span>
     <span class='ocr_line' id='line_1_12' title="bbox 197 887 1209 928; baseline 0.002 -12"><span class='ocrx_word' id='word_1_78' title='bbox 197 888 230 916; x_wconf 83' lang='lat' dir='ltr'>te</span> <span class='ocrx_word' id='word_1_79' title='bbox 273 887 485 928; x_wconf 78' lang='lat' dir='ltr'>apostolicas</span> <span class='ocrx_word' id='word_1_80' title='bbox 528 888 664 918; x_wconf 72' lang='lat' dir='ltr'>litteras</span> <span class='ocrx_word' id='word_1_81' title='bbox 705 887 912 928; x_wconf 86' lang='lat' dir='ltr'>impetrant,</span> <span class='ocrx_word' id='word_1_82' title='bbox 955 887 1029 918; x_wconf 90' lang='lat' dir='ltr'>sine.</span> <span class='ocrx_word' id='word_1_83' title='bbox 1073 887 1209 919; x_wconf 85' lang='lat' dir='ltr'>malitia</span> 
     </span>
     <span class='ocr_line' id='line_1_13' title="bbox 197 939 1210 982; baseline 0.002 -13"><span class='ocrx_word' id='word_1_84' title='bbox 197 940 375 975; x_wconf 65' lang='lat' dir='ltr'>saluit-eri,</span> <span class='ocrx_word' id='word_1_85' title='bbox 396 950 457 971; x_wconf 87' lang='lat' dir='ltr'>nos</span> <span class='ocrx_word' id='word_1_86' title='bbox 474 943 509 971; x_wconf 86' lang='lat' dir='ltr'>et</span> <span class='ocrx_word' id='word_1_87' title='bbox 527 940 665 971; x_wconf 87' lang='lat' dir='ltr'>illorum</span> <span class='ocrx_word' id='word_1_88' title='bbox 684 939 867 971; x_wconf 81' lang='lat' dir='ltr'>fraudibus</span> <span class='ocrx_word' id='word_1_89' title='bbox 885 939 1028 971; x_wconf 77' lang='lat' dir='ltr'>obviare</span> <span class='ocrx_word' id='word_1_90' title='bbox 1045 943 1081 971; x_wconf 86' lang='lat' dir='ltr'>et</span> <span class='ocrx_word' id='word_1_91' title='bbox 1098 940 1210 982; x_wconf 81' lang='lat' dir='ltr'>quieti</span> 
     </span>
     <span class='ocr_line' id='line_1_14' title="bbox 197 993 1210 1034; baseline 0 -10"><span class='ocrx_word' id='word_1_92' title='bbox 197 996 257 1024; x_wconf 86' lang='lat' dir='ltr'>tue</span> <span class='ocrx_word' id='word_1_93' title='bbox 274 993 463 1029; x_wconf 86' lang='lat' dir='ltr'>consulere,</span> <span class='ocrx_word' id='word_1_94' title='bbox 482 993 663 1034; x_wconf 86' lang='lat' dir='ltr'>cupientes</span> <span class='ocrx_word' id='word_1_95' title='bbox 687 993 756 1024; x_wconf 83' lang='lat' dir='ltr'>tuis</span> <span class='ocrx_word' id='word_1_96' title='bbox 771 993 1094 1034; x_wconf 78' lang='lat' dir='ltr'>supplicationibus</span> <span class='ocrx_word' id='word_1_97' title='bbox 1113 993 1210 1024; x_wconf 85' lang='lat' dir='ltr'>ineli-</span> 
     </span>
     <span class='ocr_line' id='line_1_15' title="bbox 202 1046 1212 1088; baseline 0 -11"><span class='ocrx_word' id='word_1_98' title='bbox 202 1046 287 1083; x_wconf 83' lang='lat' dir='ltr'>nati,</span> <span class='ocrx_word' id='word_1_99' title='bbox 310 1047 375 1078; x_wconf 91' lang='lat' dir='ltr'>tibi</span> <span class='ocrx_word' id='word_1_100' title='bbox 398 1047 592 1078; x_wconf 80' lang='lat' dir='ltr'>autoritate</span> <span class='ocrx_word' id='word_1_101' title='bbox 616 1046 832 1088; x_wconf 84' lang='lat' dir='ltr'>presentium</span> <span class='ocrx_word' id='word_1_102' title='bbox 855 1046 1079 1087; x_wconf 77' lang='lat' dir='ltr'>indulgemus</span> <span class='ocrx_word' id='word_1_103' title='bbox 1096 1049 1130 1077; x_wconf 92' lang='lat' dir='ltr'>ut</span> <span class='ocrx_word' id='word_1_104' title='bbox 1152 1055 1212 1088; x_wconf 87' lang='lat' dir='ltr'>per</span> 
     </span>
     <span class='ocr_line' id='line_1_16' title="bbox 197 1099 1211 1141; baseline 0 -11"><span class='ocrx_word' id='word_1_105' title='bbox 197 1099 401 1140; x_wconf 83' lang='lat' dir='ltr'>hujusmodi</span> <span class='ocrx_word' id='word_1_106' title='bbox 424 1100 561 1131; x_wconf 85' lang='lat' dir='ltr'>litteras</span> <span class='ocrx_word' id='word_1_107' title='bbox 584 1110 650 1140; x_wconf 82' lang='lat' dir='ltr'>que</span> <span class='ocrx_word' id='word_1_108' title='bbox 673 1100 715 1130; x_wconf 84' lang='lat' dir='ltr'>de</span> <span class='ocrx_word' id='word_1_109' title='bbox 736 1099 910 1131; x_wconf 79' lang='lat' dir='ltr'>comitatu</span> <span class='ocrx_word' id='word_1_110' title='bbox 933 1099 1092 1141; x_wconf 87' lang='lat' dir='ltr'>predicto</span> <span class='ocrx_word' id='word_1_111' title='bbox 1116 1109 1211 1131; x_wconf 84' lang='lat' dir='ltr'>men-</span> 
     </span>
     <span class='ocr_line' id='line_1_17' title="bbox 197 1152 1210 1193; baseline 0 -10"><span class='ocrx_word' id='word_1_112' title='bbox 197 1152 330 1184; x_wconf 86' lang='lat' dir='ltr'>tionem</span> <span class='ocrx_word' id='word_1_113' title='bbox 366 1163 434 1184; x_wconf 91' lang='lat' dir='ltr'>non</span> <span class='ocrx_word' id='word_1_114' title='bbox 469 1153 627 1189; x_wconf 78' lang='lat' dir='ltr'>iecerint,</span> <span class='ocrx_word' id='word_1_115' title='bbox 665 1153 849 1193; x_wconf 87' lang='lat' dir='ltr'>nequeasl</span> <span class='ocrx_word' id='word_1_116' title='bbox 883 1153 1075 1184; x_wconf 83' lang='lat' dir='ltr'>conveniri.</span> <span class='ocrx_word' id='word_1_117' title='bbox 1112 1152 1210 1184; x_wconf 81' lang='lat' dir='ltr'>Nulli</span> 
     </span>
     <span class='ocr_line' id='line_1_18' title="bbox 198 1205 1213 1247; baseline 0.001 -11"><span class='ocrx_word' id='word_1_118' title='bbox 198 1208 317 1237; x_wconf 88' lang='lat' dir='ltr'>nostre</span> <span class='ocrx_word' id='word_1_119' title='bbox 353 1206 588 1238; x_wconf 74' lang='lat' dir='ltr'>concessionis</span> <span class='ocrx_word' id='word_1_120' title='bbox 623 1209 689 1237; x_wconf 83' lang='lat' dir='ltr'>ete.</span> <span class='ocrx_word' id='word_1_121' title='bbox 727 1205 952 1247; x_wconf 81' lang='lat' dir='ltr'>presentibus</span> <span class='ocrx_word' id='word_1_122' title='bbox 988 1208 1069 1247; x_wconf 88' lang='lat' dir='ltr'>post</span> <span class='ocrx_word' id='word_1_123' title='bbox 1105 1205 1213 1237; x_wconf 85' lang='lat' dir='ltr'>trien-</span> 
     </span>
     <span class='ocr_line' id='line_1_19' title="bbox 199 1258 1211 1298; baseline -0.001 -8"><span class='ocrx_word' id='word_1_124' title='bbox 199 1258 298 1290; x_wconf 82' lang='lat' dir='ltr'>nium</span> <span class='ocrx_word' id='word_1_125' title='bbox 336 1262 403 1290; x_wconf 87' lang='lat' dir='ltr'>etc.</span> <span class='ocrx_word' id='word_1_126' title='bbox 444 1259 527 1290; x_wconf 86' lang='lat' dir='ltr'>Dal.</span> <span class='ocrx_word' id='word_1_127' title='bbox 567 1259 739 1298; x_wconf 63' lang='lat' dir='ltr'>Anagnie,</span> <span class='ocrx_word' id='word_1_128' title='bbox 782 1258 856 1290; x_wconf 81' lang='lat' dir='ltr'>XII</span> <span class='ocrx_word' id='word_1_129' title='bbox 894 1259 964 1290; x_wconf 84' lang='lat' dir='ltr'>kal.</span> <span class='ocrx_word' id='word_1_130' title='bbox 1005 1259 1211 1296; x_wconf 81' lang='lat' dir='ltr'>decembris,</span> 
     </span>
     <span class='ocr_line' id='line_1_20' title="bbox 203 1312 494 1353; baseline -0.007 -10"><span class='ocrx_word' id='word_1_131' title='bbox 203 1321 296 1343; x_wconf 83' lang='lat' dir='ltr'>anno</span> <span class='ocrx_word' id='word_1_132' title='bbox 319 1312 456 1353; x_wconf 86' lang='lat' dir='ltr'>quinto.</span> <span class='ocrx_word' id='word_1_133' title='bbox 483 1325 494 1340; x_wconf 90' lang='lat'>»</span> 
     </span>
    </p>
   </div>
   <div class='ocr_carea' id='block_1_5' title="bbox 279 1480 1127 1513">
    <p class='ocr_par' dir='ltr' id='par_1_5' title="bbox 279 1480 1127 1513">
     <span class='ocr_line' id='line_1_21' title="bbox 279 1480 1127 1513; baseline 0.004 -9"><span class='ocrx_word' id='word_1_134' title='bbox 279 1480 367 1505; x_wconf 93' lang='grc'><strong>2990</strong></span> <span class='ocrx_word' id='word_1_135' title='bbox 625 1480 760 1513; x_wconf 79' lang='lat' dir='ltr'>Anagni,</span> <span class='ocrx_word' id='word_1_136' title='bbox 784 1481 821 1507; x_wconf 87' lang='lat'>27</span> <span class='ocrx_word' id='word_1_137' title='bbox 845 1481 1016 1507; x_wconf 84' lang='lat' dir='ltr'>novembre</span> <span class='ocrx_word' id='word_1_138' title='bbox 1042 1481 1127 1507; x_wconf 80' lang='lat'>1259.</span> 
     </span>
    </p>
   </div>
   <div class='ocr_carea' id='block_1_6' title="bbox 200 1533 1213 1831">
    <p class='ocr_par' dir='ltr' id='par_1_6' title="bbox 200 1533 1213 1831">
     <span class='ocr_line' id='line_1_22' title="bbox 240 1533 1213 1568; baseline 0.002 -10"><span class='ocrx_word' id='word_1_139' title='bbox 240 1534 316 1559; x_wconf 81' lang='lat' dir='ltr'>Cum</span> <span class='ocrx_word' id='word_1_140' title='bbox 334 1533 476 1559; x_wconf 86' lang='lat' dir='ltr'>mulieres</span> <span class='ocrx_word' id='word_1_141' title='bbox 492 1533 522 1559; x_wconf 92' lang='lat' dir='ltr'>in</span> <span class='ocrx_word' id='word_1_142' title='bbox 540 1534 667 1559; x_wconf 85' lang='lat' dir='ltr'>ecclesia</span> <span class='ocrx_word' id='word_1_143' title='bbox 685 1534 713 1559; x_wconf 89' lang='lat' dir='ltr'>S.</span> <span class='ocrx_word' id='word_1_144' title='bbox 731 1534 870 1560; x_wconf 71' lang='lat' dir='ltr'>&#39;l‘homae</span> <span class='ocrx_word' id='word_1_145' title='bbox 887 1534 924 1560; x_wconf 88' lang='lat' dir='ltr'>de</span> <span class='ocrx_word' id='word_1_146' title='bbox 941 1534 1024 1560; x_wconf 83' lang='lat' dir='ltr'>Colle</span> <span class='ocrx_word' id='word_1_147' title='bbox 1041 1534 1213 1568; x_wconf 83' lang='lat' dir='ltr'>Spoletano</span> 
     </span>
     <span class='ocr_line' id='line_1_23' title="bbox 200 1577 1213 1612; baseline 0.002 -10"><span class='ocrx_word' id='word_1_148' title='bbox 200 1577 259 1602; x_wconf 87' lang='lat' dir='ltr'>sub</span> <span class='ocrx_word' id='word_1_149' title='bbox 280 1577 420 1610; x_wconf 82' lang='lat' dir='ltr'>religioso</span> <span class='ocrx_word' id='word_1_150' title='bbox 440 1578 552 1603; x_wconf 89' lang='lat' dir='ltr'>habitu</span> <span class='ocrx_word' id='word_1_151' title='bbox 573 1580 742 1609; x_wconf 78' lang='lat' dir='ltr'>morantes,</span> <span class='ocrx_word' id='word_1_152' title='bbox 763 1578 912 1611; x_wconf 85' lang='lat' dir='ltr'>hospitali</span> <span class='ocrx_word' id='word_1_153' title='bbox 932 1579 1007 1604; x_wconf 83' lang='lat' dir='ltr'>novi</span> <span class='ocrx_word' id='word_1_154' title='bbox 1027 1579 1064 1604; x_wconf 88' lang='lat' dir='ltr'>de</span> <span class='ocrx_word' id='word_1_155' title='bbox 1085 1578 1213 1612; x_wconf 90' lang='lat' dir='ltr'>Spoleto</span> 
     </span>
     <span class='ocr_line' id='line_1_24' title="bbox 201 1621 1212 1656; baseline 0.003 -9"><span class='ocrx_word' id='word_1_156' title='bbox 201 1621 317 1647; x_wconf 83' lang='lat' dir='ltr'>dictam</span> <span class='ocrx_word' id='word_1_157' title='bbox 341 1621 501 1647; x_wconf 82' lang='lat' dir='ltr'>ecclesiam</span> <span class='ocrx_word' id='word_1_158' title='bbox 527 1629 597 1648; x_wconf 86' lang='lat' dir='ltr'>cum</span> <span class='ocrx_word' id='word_1_159' title='bbox 621 1622 710 1647; x_wconf 82' lang='lat' dir='ltr'>bonis</span> <span class='ocrx_word' id='word_1_160' title='bbox 732 1622 795 1648; x_wconf 91' lang='lat' dir='ltr'>suis</span> <span class='ocrx_word' id='word_1_161' title='bbox 817 1623 964 1648; x_wconf 87' lang='lat' dir='ltr'>omnibus</span> <span class='ocrx_word' id='word_1_162' title='bbox 987 1625 1212 1656; x_wconf 78' lang='lat' dir='ltr'>supponerent.</span> 
     </span>
     <span class='ocr_line' id='line_1_25' title="bbox 200 1665 1209 1699; baseline 0.002 -9"><span class='ocrx_word' id='word_1_163' title='bbox 200 1673 293 1698; x_wconf 82' lang='lat' dir='ltr'>seque</span> <span class='ocrx_word' id='word_1_164' title='bbox 316 1673 385 1691; x_wconf 84' lang='lat' dir='ltr'>eum</span> <span class='ocrx_word' id='word_1_165' title='bbox 410 1665 475 1691; x_wconf 86' lang='lat' dir='ltr'>aliis</span> <span class='ocrx_word' id='word_1_166' title='bbox 492 1666 567 1691; x_wconf 90' lang='lat' dir='ltr'>inibi</span> <span class='ocrx_word' id='word_1_167' title='bbox 583 1666 640 1691; x_wconf 84' lang='lat' dir='ltr'>sub</span> <span class='ocrx_word' id='word_1_168' title='bbox 657 1666 690 1692; x_wconf 78' lang='grc' dir='ltr'>Β.</span> <span class='ocrx_word' id='word_1_169' title='bbox 708 1666 876 1699; x_wconf 75' lang='lat' dir='ltr'>Augustini</span> <span class='ocrx_word' id='word_1_170' title='bbox 893 1667 998 1699; x_wconf 79' lang='lat' dir='ltr'>regula</span> <span class='ocrx_word' id='word_1_171' title='bbox 1013 1674 1209 1693; x_wconf 89' lang='lat' dir='ltr'>commoran-</span> 
     </span>
     <span class='ocr_line' id='line_1_26' title="bbox 201 1710 1210 1744; baseline 0.002 -9"><span class='ocrx_word' id='word_1_172' title='bbox 201 1710 286 1735; x_wconf 82' lang='lat' dir='ltr'>tibus</span> <span class='ocrx_word' id='word_1_173' title='bbox 305 1710 486 1735; x_wconf 83' lang='lat' dir='ltr'>mulieribus</span> <span class='ocrx_word' id='word_1_174' title='bbox 506 1711 622 1736; x_wconf 86' lang='lat' dir='ltr'>recludi</span> <span class='ocrx_word' id='word_1_175' title='bbox 642 1711 788 1741; x_wconf 79' lang='lat' dir='ltr'>fecerent,</span> <span class='ocrx_word' id='word_1_176' title='bbox 809 1711 913 1737; x_wconf 86' lang='lat' dir='ltr'>onmia</span> <span class='ocrx_word' id='word_1_177' title='bbox 934 1711 985 1737; x_wconf 88' lang='lat' dir='ltr'>illa</span> <span class='ocrx_word' id='word_1_178' title='bbox 1005 1712 1044 1736; x_wconf 89' lang='lat' dir='ltr'>ab</span> <span class='ocrx_word' id='word_1_179' title='bbox 1064 1711 1210 1744; x_wconf 77' lang='lat' dir='ltr'>episeopo</span> 
     </span>
     <span class='ocr_line' id='line_1_27' title="bbox 206 1754 1211 1787; baseline 0.002 -8"><span class='ocrx_word' id='word_1_180' title='bbox 206 1756 236 1779; x_wconf 86' lang='lat' dir='ltr'>et</span> <span class='ocrx_word' id='word_1_181' title='bbox 270 1754 408 1787; x_wconf 86' lang='lat' dir='ltr'>capitulo</span> <span class='ocrx_word' id='word_1_182' title='bbox 444 1755 620 1787; x_wconf 76' lang='lat' dir='ltr'>Spoletanis</span> <span class='ocrx_word' id='word_1_183' title='bbox 654 1757 783 1787; x_wconf 86' lang='lat' dir='ltr'>accepta</span> <span class='ocrx_word' id='word_1_184' title='bbox 817 1755 995 1781; x_wconf 75' lang='lat' dir='ltr'>confirmat.</span> <span class='ocrx_word' id='word_1_185' title='bbox 1030 1755 1127 1787; x_wconf 63' lang='lat' dir='ltr'>(Huc.</span> <span class='ocrx_word' id='word_1_186' title='bbox 1162 1756 1211 1786; x_wconf 83' lang='lat'>25,</span> 
     </span>
     <span class='ocr_line' id='line_1_28' title="bbox 204 1798 576 1831; baseline 0 -7"><span class='ocrx_word' id='word_1_187' title='bbox 204 1800 223 1824; x_wconf 77' lang='lat' dir='ltr'>t.</span> <span class='ocrx_word' id='word_1_188' title='bbox 242 1798 310 1829; x_wconf 74' lang='lat'>229,</span> <span class='ocrx_word' id='word_1_189' title='bbox 329 1806 378 1824; x_wconf 88' lang='lat' dir='ltr'>an.</span> <span class='ocrx_word' id='word_1_190' title='bbox 399 1798 433 1829; x_wconf 68' lang='lat' dir='ltr'>V,</span> <span class='ocrx_word' id='word_1_191' title='bbox 451 1807 475 1824; x_wconf 81' lang='lat' dir='ltr'>c.</span> <span class='ocrx_word' id='word_1_192' title='bbox 494 1800 576 1831; x_wconf 74' lang='grc'><strong>218.)</strong></span> 
     </span>
    </p>
   </div>
   <div class='ocr_carea' id='block_1_7' title="bbox 200 1879 1215 2078">
    <p class='ocr_par' dir='ltr' id='par_1_7' title="bbox 200 1879 1215 2078">
     <span class='ocr_line' id='line_1_29' title="bbox 247 1879 1214 1923; baseline 0.005 -14"><span class='ocrx_word' id='word_1_193' title='bbox 247 1894 258 1905; x_wconf 51' lang='lat' dir='ltr'>m</span> <span class='ocrx_word' id='word_1_194' title='bbox 281 1903 300 1909; x_wconf 87' lang='lat'>..</span> <span class='ocrx_word' id='word_1_195' title='bbox 323 1879 508 1920; x_wconf 73' lang='lat' dir='ltr'>preceptori</span> <span class='ocrx_word' id='word_1_196' title='bbox 531 1881 558 1909; x_wconf 78' lang='lat' dir='ltr'>et</span> <span class='ocrx_word' id='word_1_197' title='bbox 578 1879 744 1919; x_wconf 72' lang='lat' dir='ltr'>[ratribus</span> <span class='ocrx_word' id='word_1_198' title='bbox 765 1879 946 1921; x_wconf 79' lang='lat' dir='ltr'>hospitalis</span> <span class='ocrx_word' id='word_1_199' title='bbox 967 1881 1046 1912; x_wconf 82' lang='lat' dir='ltr'>novi</span> <span class='ocrx_word' id='word_1_200' title='bbox 1068 1881 1107 1913; x_wconf 80' lang='lat' dir='ltr'>de</span> <span class='ocrx_word' id='word_1_201' title='bbox 1129 1882 1214 1923; x_wconf 83' lang='lat' dir='ltr'>Spo-</span> 
     </span>
     <span class='ocr_line' id='line_1_30' title="bbox 200 1930 1215 1973; baseline 0.006 -13"><span class='ocrx_word' id='word_1_202' title='bbox 200 1930 271 1967; x_wconf 76' lang='lat' dir='ltr'>lclo,</span> <span class='ocrx_word' id='word_1_203' title='bbox 301 1931 433 1962; x_wconf 76' lang='lat' dir='ltr'>ordinis</span> <span class='ocrx_word' id='word_1_204' title='bbox 463 1933 580 1963; x_wconf 69' lang='lat' dir='ltr'>Sancti</span> <span class='ocrx_word' id='word_1_205' title='bbox 611 1933 814 1973; x_wconf 52' lang='lat' dir='ltr'>Aiuyiislini.</span> <span class='ocrx_word' id='word_1_206' title='bbox 846 1933 941 1965; x_wconf 87' lang='lat' dir='ltr'>Solet</span> <span class='ocrx_word' id='word_1_207' title='bbox 971 1943 1125 1966; x_wconf 78' lang='lat' dir='ltr'>annuere</span> <span class='ocrx_word' id='word_1_208' title='bbox 1157 1936 1215 1966; x_wconf 85' lang='lat' dir='ltr'>Se-</span> 
     </span>
     <span class='ocr_line' id='line_1_31' title="bbox 200 1984 1212 2025; baseline 0.005 -11"><span class='ocrx_word' id='word_1_209' title='bbox 200 1984 259 2015; x_wconf 85' lang='lat' dir='ltr'>des</span> <span class='ocrx_word' id='word_1_210' title='bbox 306 2004 346 2015; x_wconf 35' lang='lat' dir='ltr'>fi.</span> <span class='ocrx_word' id='word_1_211' title='bbox 385 1985 464 2016; x_wconf 82' lang='lat' dir='ltr'>l)at.</span> <span class='ocrx_word' id='word_1_212' title='bbox 503 1986 672 2025; x_wconf 66' lang='lat' dir='ltr'>Anagnie,</span> <span class='ocrx_word' id='word_1_213' title='bbox 710 1986 736 2017; x_wconf 66' lang='lat' dir='ltr'>V</span> <span class='ocrx_word' id='word_1_214' title='bbox 771 1986 840 2017; x_wconf 84' lang='lat' dir='ltr'>kal.</span> <span class='ocrx_word' id='word_1_215' title='bbox 876 1987 1083 2024; x_wconf 81' lang='lat' dir='ltr'>decembris,</span> <span class='ocrx_word' id='word_1_216' title='bbox 1119 1997 1212 2019; x_wconf 90' lang='lat' dir='ltr'>anno</span> 
     </span>
     <span class='ocr_line' id='line_1_32' title="bbox 201 2037 377 2078; baseline -0.017 -10"><span class='ocrx_word' id='word_1_217' title='bbox 201 2037 337 2078; x_wconf 83' lang='lat' dir='ltr'>quinto.</span> <span class='ocrx_word' id='word_1_218' title='bbox 366 2052 377 2065; x_wconf 74' lang='grc'><em>»</em></span> 
     </span>
    </p>
   </div>
   <div class='ocr_carea' id='block_1_8' title="bbox 283 2227 1129 2261">
    <p class='ocr_par' dir='ltr' id='par_1_8' title="bbox 283 2227 1129 2261">
     <span class='ocr_line' id='line_1_33' title="bbox 283 2227 1129 2261; baseline 0.007 -9"><span class='ocrx_word' id='word_1_219' title='bbox 283 2227 365 2252; x_wconf 87' lang='grc'><strong>2991</strong></span> <span class='ocrx_word' id='word_1_220' title='bbox 628 2229 762 2261; x_wconf 77' lang='lat' dir='ltr'>Anagni,</span> <span class='ocrx_word' id='word_1_221' title='bbox 786 2230 823 2255; x_wconf 80' lang='lat'>22</span> <span class='ocrx_word' id='word_1_222' title='bbox 847 2230 1017 2257; x_wconf 78' lang='lat' dir='ltr'>novembre</span> <span class='ocrx_word' id='word_1_223' title='bbox 1042 2231 1129 2258; x_wconf 83' lang='lat'><strong>1259.</strong></span> 
     </span>
    </p>
   </div>
   <div class='ocr_carea' id='block_1_9' title="bbox 200 2280 1210 2449">
    <p class='ocr_par' dir='ltr' id='par_1_9' title="bbox 200 2280 1210 2449">
     <span class='ocr_line' id='line_1_34' title="bbox 241 2280 1210 2312; baseline 0.007 -7"><span class='ocrx_word' id='word_1_224' title='bbox 241 2280 358 2306; x_wconf 78' lang='lat' dir='ltr'>Abbati</span> <span class='ocrx_word' id='word_1_225' title='bbox 388 2281 570 2306; x_wconf 85' lang='lat' dir='ltr'>monasterii</span> <span class='ocrx_word' id='word_1_226' title='bbox 600 2282 628 2307; x_wconf 82' lang='lat' dir='ltr'>S.</span> <span class='ocrx_word' id='word_1_227' title='bbox 659 2281 748 2308; x_wconf 81' lang='lat' dir='ltr'>Pauli</span> <span class='ocrx_word' id='word_1_228' title='bbox 778 2282 982 2309; x_wconf 59' lang='lat' dir='ltr'>virdunensis</span> <span class='ocrx_word' id='word_1_229' title='bbox 1012 2285 1144 2311; x_wconf 85' lang='lat' dir='ltr'>mandat</span> <span class='ocrx_word' id='word_1_230' title='bbox 1173 2288 1210 2312; x_wconf 85' lang='lat' dir='ltr'>ut</span> 
     </span>
     <span class='ocr_line' id='line_1_35' title="bbox 202 2324 1210 2362; baseline 0.007 -13"><span class='ocrx_word' id='word_1_231' title='bbox 202 2324 366 2350; x_wconf 74' lang='lat' dir='ltr'>Nicolaum</span> <span class='ocrx_word' id='word_1_232' title='bbox 386 2325 505 2350; x_wconf 83' lang='lat' dir='ltr'>dictum</span> <span class='ocrx_word' id='word_1_233' title='bbox 525 2325 668 2357; x_wconf 85' lang='lat' dir='ltr'>Bridous,</span> <span class='ocrx_word' id='word_1_234' title='bbox 689 2327 874 2353; x_wconf 88' lang='lat' dir='ltr'>canonicmn</span> <span class='ocrx_word' id='word_1_235' title='bbox 896 2328 924 2353; x_wconf 88' lang='lat' dir='ltr'>S.</span> <span class='ocrx_word' id='word_1_236' title='bbox 945 2327 1061 2354; x_wconf 85' lang='lat' dir='ltr'>Mariae</span> <span class='ocrx_word' id='word_1_237' title='bbox 1081 2329 1210 2362; x_wconf 80' lang='lat' dir='ltr'>Magda-</span> 
     </span>
     <span class='ocr_line' id='line_1_36' title="bbox 202 2368 1210 2406; baseline 0.006 -12"><span class='ocrx_word' id='word_1_238' title='bbox 202 2368 288 2394; x_wconf 83' lang='lat' dir='ltr'>lenae</span> <span class='ocrx_word' id='word_1_239' title='bbox 317 2369 528 2400; x_wconf 69' lang='lat' dir='ltr'>Virdunensis,</span> <span class='ocrx_word' id='word_1_240' title='bbox 556 2370 586 2394; x_wconf 90' lang='lat' dir='ltr'>in</span> <span class='ocrx_word' id='word_1_241' title='bbox 614 2370 810 2402; x_wconf 80' lang='lat' dir='ltr'>praebendae</span> <span class='ocrx_word' id='word_1_242' title='bbox 837 2372 1033 2398; x_wconf 81' lang='lat' dir='ltr'>assecutione</span> <span class='ocrx_word' id='word_1_243' title='bbox 1060 2374 1210 2406; x_wconf 86' lang='lat' dir='ltr'>praeferri</span> 
     </span>
     <span class='ocr_line' id='line_1_37' title="bbox 200 2413 892 2449; baseline 0.004 -11"><span class='ocrx_word' id='word_1_244' title='bbox 200 2413 304 2438; x_wconf 82' lang='lat' dir='ltr'>saciat.</span> <span class='ocrx_word' id='word_1_245' title='bbox 325 2413 421 2445; x_wconf 57' lang='lat' dir='ltr'>(tino.</span> <span class='ocrx_word' id='word_1_246' title='bbox 442 2413 489 2442; x_wconf 72' lang='lat'>25.</span> <span class='ocrx_word' id='word_1_247' title='bbox 510 2414 529 2440; x_wconf 75' lang='lat' dir='ltr'>t.</span> <span class='ocrx_word' id='word_1_248' title='bbox 550 2413 618 2443; x_wconf 81' lang='lat'>229,</span> <span class='ocrx_word' id='word_1_249' title='bbox 639 2421 687 2440; x_wconf 86' lang='lat' dir='ltr'>an.</span> <span class='ocrx_word' id='word_1_250' title='bbox 710 2414 745 2445; x_wconf 77' lang='lat' dir='ltr'>V,</span> <span class='ocrx_word' id='word_1_251' title='bbox 765 2422 789 2441; x_wconf 88' lang='lat' dir='ltr'>c.</span> <span class='ocrx_word' id='word_1_252' title='bbox 810 2415 892 2449; x_wconf 82' lang='lat'>219.)</span> 
     </span>
    </p>
   </div>
   <div class='ocr_carea' id='block_1_10' title="bbox 199 2502 1212 2920">
    <p class='ocr_par' dir='ltr' id='par_1_10' title="bbox 199 2502 1212 2920">
     <span class='ocr_line' id='line_1_38' title="bbox 246 2502 1210 2540; baseline 0.006 -7"><span class='ocrx_word' id='word_1_253' title='bbox 246 2515 258 2530; x_wconf 79' lang='lat'>‹&lt;</span> <span class='ocrx_word' id='word_1_254' title='bbox 283 2527 302 2534; x_wconf 94' lang='lat'>..</span> <span class='ocrx_word' id='word_1_255' title='bbox 329 2502 444 2534; x_wconf 79' lang='lat' dir='ltr'>abbati</span> <span class='ocrx_word' id='word_1_256' title='bbox 468 2503 666 2535; x_wconf 82' lang='lat' dir='ltr'>monasterii</span> <span class='ocrx_word' id='word_1_257' title='bbox 693 2504 810 2536; x_wconf 78' lang='lat' dir='ltr'>Sancti</span> <span class='ocrx_word' id='word_1_258' title='bbox 834 2505 940 2536; x_wconf 78' lang='lat' dir='ltr'>Pauli</span> <span class='ocrx_word' id='word_1_259' title='bbox 971 2506 1210 2540; x_wconf 76' lang='lat' dir='ltr'>virdunensis.</span> 
     </span>
     <span class='ocr_line' id='line_1_39' title="bbox 201 2555 1212 2595; baseline 0.006 -9"><span class='ocrx_word' id='word_1_260' title='bbox 201 2555 360 2587; x_wconf 81' lang='lat' dir='ltr'>Dilectus</span> <span class='ocrx_word' id='word_1_261' title='bbox 381 2556 475 2587; x_wconf 81' lang='lat' dir='ltr'>filius</span> <span class='ocrx_word' id='word_1_262' title='bbox 498 2556 675 2593; x_wconf 70' lang='lat' dir='ltr'>Nieolaus,</span> <span class='ocrx_word' id='word_1_263' title='bbox 699 2557 815 2589; x_wconf 88' lang='lat' dir='ltr'>dictus</span> <span class='ocrx_word' id='word_1_264' title='bbox 834 2558 996 2595; x_wconf 79' lang='lat' dir='ltr'>Bridous,</span> <span class='ocrx_word' id='word_1_265' title='bbox 1020 2561 1212 2593; x_wconf 82' lang='lat' dir='ltr'>canonicus</span> 
     </span>
     <span class='ocr_line' id='line_1_40' title="bbox 199 2609 1208 2651; baseline 0.006 -12"><span class='ocrx_word' id='word_1_266' title='bbox 199 2609 341 2639; x_wconf 87' lang='lat' dir='ltr'>ecclesie</span> <span class='ocrx_word' id='word_1_267' title='bbox 386 2610 513 2641; x_wconf 73' lang='lat' dir='ltr'>Sancte</span> <span class='ocrx_word' id='word_1_268' title='bbox 559 2610 667 2641; x_wconf 79' lang='lat' dir='ltr'>Marie</span> <span class='ocrx_word' id='word_1_269' title='bbox 713 2610 920 2651; x_wconf 80' lang='lat' dir='ltr'>Magdalene</span> <span class='ocrx_word' id='word_1_270' title='bbox 968 2612 1208 2651; x_wconf 77' lang='lat' dir='ltr'>Virdunensis,</span> 
     </span>
     <span class='ocr_line' id='line_1_41' title="bbox 202 2662 1211 2707; baseline 0.007 -16"><span class='ocrx_word' id='word_1_271' title='bbox 202 2662 302 2693; x_wconf 91' lang='lat' dir='ltr'>nobis</span> <span class='ocrx_word' id='word_1_272' title='bbox 324 2662 504 2693; x_wconf 84' lang='lat' dir='ltr'>humiliter</span> <span class='ocrx_word' id='word_1_273' title='bbox 524 2663 740 2704; x_wconf 72' lang='lat' dir='ltr'>supplicavit</span> <span class='ocrx_word' id='word_1_274' title='bbox 762 2666 812 2701; x_wconf 90' lang='lat' dir='ltr'>ut,</span> <span class='ocrx_word' id='word_1_275' title='bbox 835 2675 915 2696; x_wconf 83' lang='lat' dir='ltr'>cum</span> <span class='ocrx_word' id='word_1_276' title='bbox 938 2666 1010 2707; x_wconf 89' lang='lat' dir='ltr'>ipse</span> <span class='ocrx_word' id='word_1_277' title='bbox 1032 2666 1065 2697; x_wconf 91' lang='lat' dir='ltr'>in</span> <span class='ocrx_word' id='word_1_278' title='bbox 1087 2668 1211 2699; x_wconf 87' lang='lat' dir='ltr'>eadem</span> 
     </span>
     <span class='ocr_line' id='line_1_42' title="bbox 201 2714 1212 2752; baseline 0.007 -7"><span class='ocrx_word' id='word_1_279' title='bbox 201 2714 344 2746; x_wconf 83' lang='lat' dir='ltr'>ecclesia</span> <span class='ocrx_word' id='word_1_280' title='bbox 361 2715 576 2747; x_wconf 83' lang='lat' dir='ltr'>auctoritate</span> <span class='ocrx_word' id='word_1_281' title='bbox 594 2716 793 2748; x_wconf 82' lang='lat' dir='ltr'>litterarum</span> <span class='ocrx_word' id='word_1_282' title='bbox 810 2719 1095 2751; x_wconf 79' lang='lat' dir='ltr'>executoriarum</span> <span class='ocrx_word' id='word_1_283' title='bbox 1113 2720 1212 2752; x_wconf 87' lang='lat' dir='ltr'>Sedis</span> 
     </span>
     <span class='ocr_line' id='line_1_43' title="bbox 203 2768 1210 2814; baseline 0.007 -16"><span class='ocrx_word' id='word_1_284' title='bbox 203 2768 415 2808; x_wconf 38' lang='lat' dir='ltr'>i&#39;xpostolice,</span> <span class='ocrx_word' id='word_1_285' title='bbox 435 2772 515 2810; x_wconf 88' lang='lat' dir='ltr'>post.</span> <span class='ocrx_word' id='word_1_286' title='bbox 533 2770 826 2802; x_wconf 86' lang='lat' dir='ltr'>constitutionem</span> <span class='ocrx_word' id='word_1_287' title='bbox 846 2774 1004 2803; x_wconf 86' lang='lat' dir='ltr'>nostram</span> <span class='ocrx_word' id='word_1_288' title='bbox 1024 2782 1085 2813; x_wconf 81' lang='lat' dir='ltr'>per</span> <span class='ocrx_word' id='word_1_289' title='bbox 1103 2783 1210 2814; x_wconf 86' lang='lat' dir='ltr'>quam</span> 
     </span>
     <span class='ocr_line' id='line_1_44' title="bbox 201 2820 1211 2865; baseline 0.007 -14"><span class='ocrx_word' id='word_1_290' title='bbox 201 2820 419 2861; x_wconf 83' lang='lat' dir='ltr'>receptiones</span> <span class='ocrx_word' id='word_1_291' title='bbox 463 2822 661 2862; x_wconf 79' lang='lat' dir='ltr'>prebendas</span> <span class='ocrx_word' id='word_1_292' title='bbox 704 2824 975 2865; x_wconf 70' lang='lat' dir='ltr'>expectantium</span> <span class='ocrx_word' id='word_1_293' title='bbox 1020 2828 1211 2859; x_wconf 82' lang='lat' dir='ltr'>vacaturas</span> 
     </span>
     <span class='ocr_line' id='line_1_45' title="bbox 203 2874 1208 2920; baseline 0.008 -17"><span class='ocrx_word' id='word_1_294' title='bbox 203 2874 314 2904; x_wconf 79' lang='lat' dir='ltr'>lactas</span> <span class='ocrx_word' id='word_1_295' title='bbox 349 2874 384 2904; x_wconf 89' lang='lat' dir='ltr'>in</span> <span class='ocrx_word' id='word_1_296' title='bbox 420 2874 582 2911; x_wconf 78' lang='lat' dir='ltr'>ecclesiis,</span> <span class='ocrx_word' id='word_1_297' title='bbox 621 2879 776 2916; x_wconf 85' lang='lat' dir='ltr'>quatuor</span> <span class='ocrx_word' id='word_1_298' title='bbox 811 2877 1003 2909; x_wconf 77' lang='lat' dir='ltr'>dumtaxat</span> <span class='ocrx_word' id='word_1_299' title='bbox 1039 2879 1208 2920; x_wconf 83' lang='lat' dir='ltr'>exeeptis,</span> 
     </span>
    </p>
   </div>
   <div class='ocr_carea' id='block_1_11' title="bbox 237 2975 475 3000">
    <p class='ocr_par' dir='ltr' id='par_1_11' title="bbox 237 2975 475 3000">
     <span class='ocr_line' id='line_1_46' title="bbox 237 2975 475 3000; baseline 0.004 -5"><span class='ocrx_word' id='word_1_300' title='bbox 237 2977 255 2995; x_wconf 89' lang='grc'>1.</span> <span class='ocrx_word' id='word_1_301' title='bbox 276 2975 335 2998; x_wconf 56' lang='grc' dir='ltr'>Ηνιῑ,</span> <span class='ocrx_word' id='word_1_302' title='bbox 351 2982 355 2996; x_wconf 91' lang='lat'>:</span> <span class='ocrx_word' id='word_1_303' title='bbox 371 2979 475 3000; x_wconf 73' lang='lat' dir='ltr'>nequeat.</span> 
     </span>
    </p>
   </div>
   <div class='ocr_carea' id='block_1_12' title="bbox 1262 365 1270 2978">
    <p class='ocr_par' dir='ltr' id='par_1_12' title="bbox 1262 365 1270 2978">
     <span class='ocr_line' id='line_1_47' title="bbox 1262 365 1270 2978; baseline 0 0"><span class='ocrx_word' id='word_1_304' title='bbox 1262 365 1270 2978; x_wconf 95' lang='lat' dir='ltr'> </span> 
     </span>
    </p>
   </div>
   <div class='ocr_carea' id='block_1_13' title="bbox 1312 362 2331 1148">
    <p class='ocr_par' dir='ltr' id='par_1_13' title="bbox 1312 362 2331 1148">
     <span class='ocr_line' id='line_1_48' title="bbox 1312 362 2330 409; baseline 0.008 -17"><span class='ocrx_word' id='word_1_305' title='bbox 1312 362 1534 395; x_wconf 86' lang='lat' dir='ltr'>decrevimus</span> <span class='ocrx_word' id='word_1_306' title='bbox 1567 363 1685 396; x_wconf 84' lang='lat' dir='ltr'>irritas</span> <span class='ocrx_word' id='word_1_307' title='bbox 1719 366 1755 396; x_wconf 86' lang='lat' dir='ltr'>et</span> <span class='ocrx_word' id='word_1_308' title='bbox 1790 364 1924 402; x_wconf 88' lang='lat' dir='ltr'>inanes,</span> <span class='ocrx_word' id='word_1_309' title='bbox 1960 367 2129 399; x_wconf 86' lang='lat' dir='ltr'>canonice</span> <span class='ocrx_word' id='word_1_310' title='bbox 2163 369 2330 409; x_wconf 86' lang='lat' dir='ltr'>receptus</span> 
     </span>
     <span class='ocr_line' id='line_1_49' title="bbox 1312 415 2328 455; baseline 0.007 -9"><span class='ocrx_word' id='word_1_311' title='bbox 1312 415 1419 446; x_wconf 82' lang='lat' dir='ltr'>fuerit</span> <span class='ocrx_word' id='word_1_312' title='bbox 1446 415 1480 447; x_wconf 93' lang='lat' dir='ltr'>in</span> <span class='ocrx_word' id='word_1_313' title='bbox 1508 416 1718 448; x_wconf 89' lang='lat' dir='ltr'>canonicum</span> <span class='ocrx_word' id='word_1_314' title='bbox 1747 419 1783 449; x_wconf 86' lang='lat' dir='ltr'>et</span> <span class='ocrx_word' id='word_1_315' title='bbox 1810 417 1844 449; x_wconf 91' lang='lat' dir='ltr'>in</span> <span class='ocrx_word' id='word_1_316' title='bbox 1873 418 2032 455; x_wconf 75' lang='lat' dir='ltr'>fratrem,</span> <span class='ocrx_word' id='word_1_317' title='bbox 2061 422 2097 451; x_wconf 89' lang='lat' dir='ltr'>et</span> <span class='ocrx_word' id='word_1_318' title='bbox 2124 430 2167 452; x_wconf 89' lang='lat' dir='ltr'>ex</span> <span class='ocrx_word' id='word_1_319' title='bbox 2194 430 2235 452; x_wconf 89' lang='lat' dir='ltr'>eo</span> <span class='ocrx_word' id='word_1_320' title='bbox 2261 419 2328 452; x_wconf 88' lang='lat' dir='ltr'>sibi</span> 
     </span>
     <span class='ocr_line' id='line_1_50' title="bbox 1313 468 2329 513; baseline 0.007 -15"><span class='ocrx_word' id='word_1_321' title='bbox 1313 468 1549 509; x_wconf 79' lang='lat' dir='ltr'>prejudicium</span> <span class='ocrx_word' id='word_1_322' title='bbox 1568 470 1726 510; x_wconf 86' lang='lat' dir='ltr'>generari</span> <span class='ocrx_word' id='word_1_323' title='bbox 1747 472 1898 507; x_wconf 87' lang='lat' dir='ltr'>metuat,</span> <span class='ocrx_word' id='word_1_324' title='bbox 1919 472 2014 512; x_wconf 87' lang='lat' dir='ltr'>quod</span> <span class='ocrx_word' id='word_1_325' title='bbox 2035 472 2209 513; x_wconf 87' lang='lat' dir='ltr'>quosdam</span> <span class='ocrx_word' id='word_1_326' title='bbox 2227 475 2329 505; x_wconf 89' lang='lat' dir='ltr'>auto-</span> 
     </span>
     <span class='ocr_line' id='line_1_51' title="bbox 1312 520 2329 564; baseline 0.007 -13"><span class='ocrx_word' id='word_1_327' title='bbox 1312 520 1421 552; x_wconf 86' lang='lat' dir='ltr'>ritate</span> <span class='ocrx_word' id='word_1_328' title='bbox 1442 520 1641 561; x_wconf 74' lang='lat' dir='ltr'>legatorum</span> <span class='ocrx_word' id='word_1_329' title='bbox 1665 522 1764 555; x_wconf 78' lang='lat' dir='ltr'>Sedis</span> <span class='ocrx_word' id='word_1_330' title='bbox 1785 523 1945 564; x_wconf 86' lang='lat' dir='ltr'>ejusdem</span> <span class='ocrx_word' id='word_1_331' title='bbox 1967 524 2103 557; x_wconf 88' lang='lat' dir='ltr'>dudum</span> <span class='ocrx_word' id='word_1_332' title='bbox 2125 525 2161 557; x_wconf 90' lang='lat' dir='ltr'>in</span> <span class='ocrx_word' id='word_1_333' title='bbox 2182 525 2329 558; x_wconf 86' lang='lat' dir='ltr'>ecclesia</span> 
     </span>
     <span class='ocr_line' id='line_1_52' title="bbox 1314 573 2328 619; baseline 0.007 -15"><span class='ocrx_word' id='word_1_334' title='bbox 1314 573 1389 614; x_wconf 88' lang='lat' dir='ltr'>ipsa</span> <span class='ocrx_word' id='word_1_335' title='bbox 1422 577 1592 615; x_wconf 81' lang='lat' dir='ltr'>receptos,</span> <span class='ocrx_word' id='word_1_336' title='bbox 1626 585 1778 616; x_wconf 87' lang='lat' dir='ltr'>qnorum</span> <span class='ocrx_word' id='word_1_337' title='bbox 1810 577 2030 618; x_wconf 82' lang='lat' dir='ltr'>receptiones</span> <span class='ocrx_word' id='word_1_338' title='bbox 2061 587 2123 619; x_wconf 89' lang='lat' dir='ltr'>per</span> <span class='ocrx_word' id='word_1_339' title='bbox 2153 578 2328 611; x_wconf 88' lang='lat' dir='ltr'>constitu-</span> 
     </span>
     <span class='ocr_line' id='line_1_53' title="bbox 1314 626 2331 673; baseline 0.006 -16"><span class='ocrx_word' id='word_1_340' title='bbox 1314 626 1447 658; x_wconf 83' lang='lat' dir='ltr'>tionem</span> <span class='ocrx_word' id='word_1_341' title='bbox 1474 628 1623 660; x_wconf 86' lang='lat' dir='ltr'>eandem</span> <span class='ocrx_word' id='word_1_342' title='bbox 1649 631 1787 661; x_wconf 83' lang='lat' dir='ltr'>cassate</span> <span class='ocrx_word' id='word_1_343' title='bbox 1811 629 1957 661; x_wconf 80' lang='lat' dir='ltr'>fuerant</span> <span class='ocrx_word' id='word_1_344' title='bbox 1988 633 2069 672; x_wconf 90' lang='lat' dir='ltr'>post</span> <span class='ocrx_word' id='word_1_345' title='bbox 2091 631 2331 673; x_wconf 89' lang='lat' dir='ltr'>receptionem</span> 
     </span>
     <span class='ocr_line' id='line_1_54' title="bbox 1315 679 2326 726; baseline 0.007 -16"><span class='ocrx_word' id='word_1_346' title='bbox 1315 679 1423 720; x_wconf 89' lang='lat' dir='ltr'>ipsius</span> <span class='ocrx_word' id='word_1_347' title='bbox 1451 680 1506 717; x_wconf 63' lang='lat' dir='ltr'>N„</span> <span class='ocrx_word' id='word_1_348' title='bbox 1535 681 1756 713; x_wconf 83' lang='lat' dir='ltr'>restituimus</span> <span class='ocrx_word' id='word_1_349' title='bbox 1781 682 1826 713; x_wconf 86' lang='lat' dir='ltr'>ad</span> <span class='ocrx_word' id='word_1_350' title='bbox 1852 682 1909 722; x_wconf 81' lang='lat' dir='ltr'>jus</span> <span class='ocrx_word' id='word_1_351' title='bbox 1938 682 2128 724; x_wconf 87' lang='lat' dir='ltr'>pristinum</span> <span class='ocrx_word' id='word_1_352' title='bbox 2154 684 2250 726; x_wconf 87' lang='lat' dir='ltr'>quod</span> <span class='ocrx_word' id='word_1_353' title='bbox 2276 684 2326 717; x_wconf 86' lang='lat' dir='ltr'>eis</span> 
     </span>
     <span class='ocr_line' id='line_1_55' title="bbox 1315 733 2326 776; baseline 0.007 -14"><span class='ocrx_word' id='word_1_354' title='bbox 1315 741 1357 763; x_wconf 84' lang='lat' dir='ltr'>ex</span> <span class='ocrx_word' id='word_1_355' title='bbox 1393 733 1465 764; x_wconf 85' lang='lat' dir='ltr'>suis</span> <span class='ocrx_word' id='word_1_356' title='bbox 1500 734 1762 775; x_wconf 82' lang='lat' dir='ltr'>receptionibus</span> <span class='ocrx_word' id='word_1_357' title='bbox 1795 734 1830 766; x_wconf 90' lang='lat' dir='ltr'>in</span> <span class='ocrx_word' id='word_1_358' title='bbox 1867 735 2025 776; x_wconf 84' lang='lat' dir='ltr'>predicta</span> <span class='ocrx_word' id='word_1_359' title='bbox 2061 736 2205 768; x_wconf 86' lang='lat' dir='ltr'>ecclesia</span> <span class='ocrx_word' id='word_1_360' title='bbox 2241 739 2326 769; x_wconf 86' lang='lat' dir='ltr'>ante</span> 
     </span>
     <span class='ocr_line' id='line_1_56' title="bbox 1315 786 2326 831; baseline 0.005 -15"><span class='ocrx_word' id='word_1_361' title='bbox 1315 786 1549 818; x_wconf 82' lang='lat' dir='ltr'>cassationem</span> <span class='ocrx_word' id='word_1_362' title='bbox 1576 787 1780 827; x_wconf 86' lang='lat' dir='ltr'>hujusmodi</span> <span class='ocrx_word' id='word_1_363' title='bbox 1806 788 2046 829; x_wconf 80' lang='lat' dir='ltr'>competebat,</span> <span class='ocrx_word' id='word_1_364' title='bbox 2073 798 2179 831; x_wconf 87' lang='lat' dir='ltr'>super</span> <span class='ocrx_word' id='word_1_365' title='bbox 2204 789 2270 821; x_wconf 89' lang='lat' dir='ltr'>hoc</span> <span class='ocrx_word' id='word_1_366' title='bbox 2295 789 2326 822; x_wconf 90' lang='lat' dir='ltr'>ei</span> 
     </span>
     <span class='ocr_line' id='line_1_57' title="bbox 1315 838 2327 881; baseline 0.006 -12"><span class='ocrx_word' id='word_1_367' title='bbox 1315 838 1503 871; x_wconf 82' lang='lat' dir='ltr'>subvenire</span> <span class='ocrx_word' id='word_1_368' title='bbox 1532 843 1708 881; x_wconf 88' lang='lat' dir='ltr'>oportuno</span> <span class='ocrx_word' id='word_1_369' title='bbox 1740 841 1892 872; x_wconf 85' lang='lat' dir='ltr'>remedio</span> <span class='ocrx_word' id='word_1_370' title='bbox 1924 841 2198 874; x_wconf 86' lang='lat' dir='ltr'>misericorditer</span> <span class='ocrx_word' id='word_1_371' title='bbox 2227 851 2327 874; x_wconf 89' lang='lat' dir='ltr'>cura-</span> 
     </span>
     <span class='ocr_line' id='line_1_58' title="bbox 1317 892 2326 935; baseline 0.006 -14"><span class='ocrx_word' id='word_1_372' title='bbox 1317 901 1443 923; x_wconf 86' lang='lat' dir='ltr'>remus.</span> <span class='ocrx_word' id='word_1_373' title='bbox 1466 892 1636 931; x_wconf 80' lang='lat' dir='ltr'>Quocirca</span> <span class='ocrx_word' id='word_1_374' title='bbox 1658 894 1870 925; x_wconf 85' lang='lat' dir='ltr'>mandamus</span> <span class='ocrx_word' id='word_1_375' title='bbox 1890 894 2070 935; x_wconf 85' lang='lat' dir='ltr'>quatinus,</span> <span class='ocrx_word' id='word_1_376' title='bbox 2093 894 2119 925; x_wconf 89' lang='lat' dir='ltr'>si</span> <span class='ocrx_word' id='word_1_377' title='bbox 2140 894 2206 926; x_wconf 84' lang='lat' dir='ltr'>tibi</span> <span class='ocrx_word' id='word_1_378' title='bbox 2226 904 2326 927; x_wconf 86' lang='lat' dir='ltr'>cons-</span> 
     </span>
     <span class='ocr_line' id='line_1_59' title="bbox 1320 944 2327 982; baseline 0.006 -8"><span class='ocrx_word' id='word_1_379' title='bbox 1320 944 1431 975; x_wconf 69' lang='lat' dir='ltr'>titerit,</span> <span class='ocrx_word' id='word_1_380' title='bbox 1458 945 1506 976; x_wconf 84' lang='lat' dir='ltr'>ita</span> <span class='ocrx_word' id='word_1_381' title='bbox 1533 955 1617 982; x_wconf 86' lang='lat' dir='ltr'>esse,</span> <span class='ocrx_word' id='word_1_382' title='bbox 1647 946 1756 978; x_wconf 83' lang='lat' dir='ltr'>facias</span> <span class='ocrx_word' id='word_1_383' title='bbox 1782 946 1934 978; x_wconf 89' lang='lat' dir='ltr'>eundem</span> <span class='ocrx_word' id='word_1_384' title='bbox 1962 947 2179 980; x_wconf 84' lang='lat' dir='ltr'>auctoritate</span> <span class='ocrx_word' id='word_1_385' title='bbox 2206 950 2327 980; x_wconf 85' lang='lat' dir='ltr'>nostra</span> 
     </span>
     <span class='ocr_line' id='line_1_60' title="bbox 1318 998 2327 1040; baseline 0.006 -13"><span class='ocrx_word' id='word_1_386' title='bbox 1318 1006 1379 1038; x_wconf 88' lang='lat' dir='ltr'>per</span> <span class='ocrx_word' id='word_1_387' title='bbox 1405 1000 1437 1028; x_wconf 87' lang='lat' dir='ltr'>te</span> <span class='ocrx_word' id='word_1_388' title='bbox 1463 998 1517 1029; x_wconf 81' lang='lat' dir='ltr'>vel</span> <span class='ocrx_word' id='word_1_389' title='bbox 1543 1008 1605 1040; x_wconf 87' lang='lat' dir='ltr'>per</span> <span class='ocrx_word' id='word_1_390' title='bbox 1629 998 1748 1036; x_wconf 85' lang='lat' dir='ltr'>alium,</span> <span class='ocrx_word' id='word_1_391' title='bbox 1775 999 1907 1031; x_wconf 86' lang='lat' dir='ltr'>eisdem</span> <span class='ocrx_word' id='word_1_392' title='bbox 1934 1000 2053 1031; x_wconf 89' lang='lat' dir='ltr'>taliter</span> <span class='ocrx_word' id='word_1_393' title='bbox 2078 1000 2264 1038; x_wconf 86' lang='lat' dir='ltr'>restitutis,</span> <span class='ocrx_word' id='word_1_394' title='bbox 2291 1000 2327 1033; x_wconf 89' lang='lat' dir='ltr'>in</span> 
     </span>
     <span class='ocr_line' id='line_1_61' title="bbox 1319 1050 2328 1094; baseline 0.006 -14"><span class='ocrx_word' id='word_1_395' title='bbox 1319 1050 1494 1091; x_wconf 86' lang='lat' dir='ltr'>prebende</span> <span class='ocrx_word' id='word_1_396' title='bbox 1521 1051 1743 1083; x_wconf 81' lang='lat' dir='ltr'>assecutione</span> <span class='ocrx_word' id='word_1_397' title='bbox 1770 1052 1926 1094; x_wconf 81' lang='lat' dir='ltr'>preferri,</span> <span class='ocrx_word' id='word_1_398' title='bbox 1953 1053 2235 1086; x_wconf 85' lang='lat' dir='ltr'>contradictores</span> <span class='ocrx_word' id='word_1_399' title='bbox 2260 1056 2328 1086; x_wconf 84' lang='lat' dir='ltr'>etc.</span> 
     </span>
     <span class='ocr_line' id='line_1_62' title="bbox 1318 1103 2330 1148; baseline 0.004 -14"><span class='ocrx_word' id='word_1_400' title='bbox 1318 1103 1400 1134; x_wconf 86' lang='lat' dir='ltr'>Dat.</span> <span class='ocrx_word' id='word_1_401' title='bbox 1429 1103 1599 1144; x_wconf 71' lang='lat' dir='ltr'>Anagnie‚</span> <span class='ocrx_word' id='word_1_402' title='bbox 1630 1104 1663 1136; x_wconf 84' lang='lat' dir='ltr'>X</span> <span class='ocrx_word' id='word_1_403' title='bbox 1692 1105 1760 1137; x_wconf 84' lang='lat' dir='ltr'>kal.</span> <span class='ocrx_word' id='word_1_404' title='bbox 1789 1105 1994 1143; x_wconf 83' lang='lat' dir='ltr'>decembris,</span> <span class='ocrx_word' id='word_1_405' title='bbox 2026 1115 2118 1138; x_wconf 85' lang='lat' dir='ltr'>anno</span> <span class='ocrx_word' id='word_1_406' title='bbox 2147 1106 2285 1148; x_wconf 88' lang='lat' dir='ltr'>quinto.</span> <span class='ocrx_word' id='word_1_407' title='bbox 2317 1120 2330 1137; x_wconf 81' lang='lat' dir='ltr'>n</span> 
     </span>
    </p>
   </div>
   <div class='ocr_carea' id='block_1_14' title="bbox 1400 1276 2247 1310">
    <p class='ocr_par' dir='ltr' id='par_1_14' title="bbox 1400 1276 2247 1310">
     <span class='ocr_line' id='line_1_63' title="bbox 1400 1276 2247 1310; baseline 0.004 -9"><span class='ocrx_word' id='word_1_408' title='bbox 1400 1276 1489 1302; x_wconf 85' lang='grc'><strong>2992</strong></span> <span class='ocrx_word' id='word_1_409' title='bbox 1746 1276 1881 1310; x_wconf 84' lang='lat' dir='ltr'>Anagni,</span> <span class='ocrx_word' id='word_1_410' title='bbox 1904 1277 1942 1303; x_wconf 87' lang='lat'>27</span> <span class='ocrx_word' id='word_1_411' title='bbox 1967 1277 2137 1304; x_wconf 86' lang='lat' dir='ltr'>novembre</span> <span class='ocrx_word' id='word_1_412' title='bbox 2160 1277 2247 1304; x_wconf 86' lang='grc'><strong>1259.</strong></span> 
     </span>
    </p>
   </div>
   <div class='ocr_carea' id='block_1_15' title="bbox 1318 1330 2331 1584">
    <p class='ocr_par' dir='ltr' id='par_1_15' title="bbox 1318 1330 2331 1584">
     <span class='ocr_line' id='line_1_64' title="bbox 1362 1330 2328 1365; baseline 0.003 -10"><span class='ocrx_word' id='word_1_413' title='bbox 1362 1330 1510 1363; x_wconf 81' lang='lat' dir='ltr'>Magistro</span> <span class='ocrx_word' id='word_1_414' title='bbox 1544 1332 1573 1356; x_wconf 88' lang='lat' dir='ltr'>et</span> <span class='ocrx_word' id='word_1_415' title='bbox 1608 1330 1758 1356; x_wconf 78' lang='lat' dir='ltr'>tratribus</span> <span class='ocrx_word' id='word_1_416' title='bbox 1791 1330 1956 1364; x_wconf 87' lang='lat' dir='ltr'>hospitalis</span> <span class='ocrx_word' id='word_1_417' title='bbox 1990 1330 2019 1357; x_wconf 92' lang='lat' dir='ltr'>S.</span> <span class='ocrx_word' id='word_1_418' title='bbox 2054 1330 2216 1365; x_wconf 81' lang='lat' dir='ltr'>Stephani,</span> <span class='ocrx_word' id='word_1_419' title='bbox 2249 1331 2328 1365; x_wconf 88' lang='lat' dir='ltr'>regis</span> 
     </span>
     <span class='ocr_line' id='line_1_65' title="bbox 1322 1374 2330 1409; baseline 0.002 -9"><span class='ocrx_word' id='word_1_420' title='bbox 1322 1374 1553 1407; x_wconf 73' lang='lat' dir='ltr'>Strigoniensis‚</span> <span class='ocrx_word' id='word_1_421' title='bbox 1583 1374 1622 1400; x_wconf 89' lang='lat' dir='ltr'>ad</span> <span class='ocrx_word' id='word_1_422' title='bbox 1652 1374 1820 1401; x_wconf 85' lang='lat' dir='ltr'>Tusculani</span> <span class='ocrx_word' id='word_1_423' title='bbox 1849 1376 1880 1401; x_wconf 87' lang='lat' dir='ltr'>et</span> <span class='ocrx_word' id='word_1_424' title='bbox 1911 1374 2085 1401; x_wconf 83' lang='lat' dir='ltr'>Penestrini</span> <span class='ocrx_word' id='word_1_425' title='bbox 2113 1375 2330 1409; x_wconf 80' lang='lat' dir='ltr'>episcoporum</span> 
     </span>
     <span class='ocr_line' id='line_1_66' title="bbox 1320 1418 2331 1452; baseline 0.003 -8"><span class='ocrx_word' id='word_1_426' title='bbox 1320 1418 1594 1452; x_wconf 86' lang='lat' dir='ltr'>supplicationem,</span> <span class='ocrx_word' id='word_1_427' title='bbox 1612 1418 1753 1451; x_wconf 80' lang='lat' dir='ltr'>indulget</span> <span class='ocrx_word' id='word_1_428' title='bbox 1771 1420 1806 1444; x_wconf 85' lang='lat' dir='ltr'>ut</span> <span class='ocrx_word' id='word_1_429' title='bbox 1824 1418 1861 1444; x_wconf 90' lang='lat' dir='ltr'>de</span> <span class='ocrx_word' id='word_1_430' title='bbox 1879 1418 2127 1452; x_wconf 87' lang='lat' dir='ltr'>possessionibus</span> <span class='ocrx_word' id='word_1_431' title='bbox 2144 1419 2208 1446; x_wconf 90' lang='lat' dir='ltr'>suis</span> <span class='ocrx_word' id='word_1_432' title='bbox 2224 1419 2331 1447; x_wconf 83' lang='lat' dir='ltr'>hacte-</span> 
     </span>
     <span class='ocr_line' id='line_1_67' title="bbox 1322 1462 2329 1498; baseline 0.003 -10"><span class='ocrx_word' id='word_1_433' title='bbox 1322 1470 1378 1489; x_wconf 82' lang='lat' dir='ltr'>nus</span> <span class='ocrx_word' id='word_1_434' title='bbox 1410 1463 1583 1496; x_wconf 82' lang='lat' dir='ltr'>acquisitis,</span> <span class='ocrx_word' id='word_1_435' title='bbox 1614 1470 1692 1496; x_wconf 85' lang='lat' dir='ltr'>quas</span> <span class='ocrx_word' id='word_1_436' title='bbox 1723 1462 1856 1496; x_wconf 86' lang='lat' dir='ltr'>propriis</span> <span class='ocrx_word' id='word_1_437' title='bbox 1886 1463 2032 1489; x_wconf 85' lang='lat' dir='ltr'>manibus</span> <span class='ocrx_word' id='word_1_438' title='bbox 2063 1465 2119 1489; x_wconf 88' lang='lat' dir='ltr'>aut</span> <span class='ocrx_word' id='word_1_439' title='bbox 2148 1463 2329 1498; x_wconf 84' lang='lat' dir='ltr'>sumptibus</span> 
     </span>
     <span class='ocr_line' id='line_1_68' title="bbox 1321 1507 2327 1540; baseline 0.003 -8"><span class='ocrx_word' id='word_1_440' title='bbox 1321 1507 1438 1538; x_wconf 89' lang='lat' dir='ltr'>colunt,</span> <span class='ocrx_word' id='word_1_441' title='bbox 1473 1507 1549 1533; x_wconf 89' lang='lat' dir='ltr'>nulli</span> <span class='ocrx_word' id='word_1_442' title='bbox 1583 1508 1751 1533; x_wconf 84' lang='lat' dir='ltr'>teneantur</span> <span class='ocrx_word' id='word_1_443' title='bbox 1785 1507 1920 1533; x_wconf 87' lang='lat' dir='ltr'>decimas</span> <span class='ocrx_word' id='word_1_444' title='bbox 1954 1507 2110 1534; x_wconf 82' lang='lat' dir='ltr'>exhibere.</span> <span class='ocrx_word' id='word_1_445' title='bbox 2146 1507 2243 1540; x_wconf 62' lang='lat' dir='ltr'>(Risu.</span> <span class='ocrx_word' id='word_1_446' title='bbox 2278 1508 2327 1540; x_wconf 86' lang='lat'>25.</span> 
     </span>
     <span class='ocr_line' id='line_1_69' title="bbox 1318 1551 1704 1584; baseline 0 -7"><span class='ocrx_word' id='word_1_447' title='bbox 1318 1552 1339 1577; x_wconf 79' lang='lat' dir='ltr'>f.</span> <span class='ocrx_word' id='word_1_448' title='bbox 1359 1551 1433 1582; x_wconf 83' lang='lat'>229,</span> <span class='ocrx_word' id='word_1_449' title='bbox 1451 1558 1501 1577; x_wconf 86' lang='lat' dir='ltr'>an.</span> <span class='ocrx_word' id='word_1_450' title='bbox 1522 1551 1558 1582; x_wconf 73' lang='lat' dir='ltr'>V,</span> <span class='ocrx_word' id='word_1_451' title='bbox 1577 1559 1601 1577; x_wconf 79' lang='lat' dir='ltr'>c.</span> <span class='ocrx_word' id='word_1_452' title='bbox 1621 1551 1704 1584; x_wconf 85' lang='lat'>220.)</span> 
     </span>
    </p>
   </div>
   <div class='ocr_carea' id='block_1_16' title="bbox 1318 1638 2330 1839">
    <p class='ocr_par' dir='ltr' id='par_1_16' title="bbox 1318 1638 2330 1839">
     <span class='ocr_line' id='line_1_70' title="bbox 1364 1638 2330 1681; baseline 0.002 -11"><span class='ocrx_word' id='word_1_453' title='bbox 1364 1652 1377 1667; x_wconf 59' lang='lat' dir='ltr'>u</span> <span class='ocrx_word' id='word_1_454' title='bbox 1407 1665 1426 1671; x_wconf 93' lang='lat'>..</span> <span class='ocrx_word' id='word_1_455' title='bbox 1456 1639 1618 1680; x_wconf 74' lang='lat' dir='ltr'>maqistro</span> <span class='ocrx_word' id='word_1_456' title='bbox 1648 1641 1676 1670; x_wconf 86' lang='lat' dir='ltr'>et</span> <span class='ocrx_word' id='word_1_457' title='bbox 1703 1639 1869 1680; x_wconf 76' lang='lat' dir='ltr'>[ratribus</span> <span class='ocrx_word' id='word_1_458' title='bbox 1897 1638 2079 1681; x_wconf 83' lang='lat' dir='ltr'>hospitalis</span> <span class='ocrx_word' id='word_1_459' title='bbox 2109 1638 2227 1672; x_wconf 84' lang='lat' dir='ltr'>Sancti</span> <span class='ocrx_word' id='word_1_460' title='bbox 2257 1639 2330 1672; x_wconf 87' lang='lat' dir='ltr'>Ste-</span> 
     </span>
     <span class='ocr_line' id='line_1_71' title="bbox 1318 1692 2328 1734; baseline 0 -10"><span class='ocrx_word' id='word_1_461' title='bbox 1318 1692 1438 1734; x_wconf 77' lang='lat' dir='ltr'>phani,</span> <span class='ocrx_word' id='word_1_462' title='bbox 1470 1692 1558 1733; x_wconf 73' lang='lat' dir='ltr'>reqis</span> <span class='ocrx_word' id='word_1_463' title='bbox 1588 1692 1846 1733; x_wconf 71' lang='lat' dir='ltr'>Striqoniensis,</span> <span class='ocrx_word' id='word_1_464' title='bbox 1878 1692 2010 1724; x_wconf 83' lang='lat' dir='ltr'>ordinis</span> <span class='ocrx_word' id='word_1_465' title='bbox 2040 1692 2158 1725; x_wconf 83' lang='lat' dir='ltr'>Sancti</span> <span class='ocrx_word' id='word_1_466' title='bbox 2187 1693 2328 1734; x_wconf 76' lang='lat' dir='ltr'>Auyus-</span> 
     </span>
     <span class='ocr_line' id='line_1_72' title="bbox 1319 1745 2327 1786; baseline 0.001 -10"><span class='ocrx_word' id='word_1_467' title='bbox 1319 1745 1396 1777; x_wconf 88' lang='lat' dir='ltr'>lini.</span> <span class='ocrx_word' id='word_1_468' title='bbox 1424 1745 1486 1776; x_wconf 89' lang='lat' dir='ltr'>Pia</span> <span class='ocrx_word' id='word_1_469' title='bbox 1513 1745 1642 1777; x_wconf 87' lang='lat' dir='ltr'>mentis</span> <span class='ocrx_word' id='word_1_470' title='bbox 1669 1748 1784 1777; x_wconf 87' lang='lat' dir='ltr'>vestre</span> <span class='ocrx_word' id='word_1_471' title='bbox 1810 1764 1865 1777; x_wconf 91' lang='lat'>——.</span> <span class='ocrx_word' id='word_1_472' title='bbox 1894 1745 1977 1777; x_wconf 88' lang='lat' dir='ltr'>Dat.</span> <span class='ocrx_word' id='word_1_473' title='bbox 2004 1745 2175 1786; x_wconf 84' lang='lat' dir='ltr'>Anagnie,</span> <span class='ocrx_word' id='word_1_474' title='bbox 2200 1745 2232 1777; x_wconf 89' lang='lat' dir='ltr'>V</span> <span class='ocrx_word' id='word_1_475' title='bbox 2257 1745 2327 1778; x_wconf 86' lang='lat' dir='ltr'>kal.</span> 
     </span>
     <span class='ocr_line' id='line_1_73' title="bbox 1321 1798 1840 1839; baseline -0.004 -9"><span class='ocrx_word' id='word_1_476' title='bbox 1321 1798 1527 1835; x_wconf 82' lang='lat' dir='ltr'>decembris,</span> <span class='ocrx_word' id='word_1_477' title='bbox 1551 1808 1643 1830; x_wconf 86' lang='lat' dir='ltr'>anno</span> <span class='ocrx_word' id='word_1_478' title='bbox 1667 1798 1803 1839; x_wconf 87' lang='lat' dir='ltr'>quinto.</span> <span class='ocrx_word' id='word_1_479' title='bbox 1829 1811 1840 1826; x_wconf 73' lang='lat' dir='ltr'>n</span> 
     </span>
    </p>
   </div>
   <div class='ocr_carea' id='block_1_17' title="bbox 1400 1966 2246 1999">
    <p class='ocr_par' dir='ltr' id='par_1_17' title="bbox 1400 1966 2246 1999">
     <span class='ocr_line' id='line_1_74' title="bbox 1400 1966 2246 1999; baseline 0.001 -8"><span class='ocrx_word' id='word_1_480' title='bbox 1400 1966 1489 1991; x_wconf 87' lang='grc'><strong>2993</strong></span> <span class='ocrx_word' id='word_1_481' title='bbox 1774 1966 1908 1999; x_wconf 77' lang='lat' dir='ltr'>Anagni,</span> <span class='ocrx_word' id='word_1_482' title='bbox 1933 1966 1946 1992; x_wconf 91' lang='lat'>1</span> <span class='ocrx_word' id='word_1_483' title='bbox 1972 1966 2135 1993; x_wconf 76' lang='lat' dir='ltr'>decembre</span> <span class='ocrx_word' id='word_1_484' title='bbox 2159 1966 2246 1993; x_wconf 80' lang='lat'>1259.</span> 
     </span>
    </p>
   </div>
   <div class='ocr_carea' id='block_1_18' title="bbox 1320 2019 2329 2273">
    <p class='ocr_par' dir='ltr' id='par_1_18' title="bbox 1320 2019 2329 2273">
     <span class='ocr_line' id='line_1_75' title="bbox 1362 2019 2328 2053; baseline 0 -8"><span class='ocrx_word' id='word_1_485' title='bbox 1362 2019 1488 2045; x_wconf 86' lang='lat' dir='ltr'>Decano</span> <span class='ocrx_word' id='word_1_486' title='bbox 1512 2021 1543 2046; x_wconf 89' lang='lat' dir='ltr'>et</span> <span class='ocrx_word' id='word_1_487' title='bbox 1567 2019 1705 2053; x_wconf 82' lang='lat' dir='ltr'>capitulo</span> <span class='ocrx_word' id='word_1_488' title='bbox 1730 2019 1875 2046; x_wconf 85' lang='lat' dir='ltr'>eeclesiae</span> <span class='ocrx_word' id='word_1_489' title='bbox 1899 2019 1936 2046; x_wconf 89' lang='lat' dir='ltr'>de</span> <span class='ocrx_word' id='word_1_490' title='bbox 1961 2019 2120 2051; x_wconf 87' lang='lat' dir='ltr'>Munsoce,</span> <span class='ocrx_word' id='word_1_491' title='bbox 2145 2019 2328 2046; x_wconf 86' lang='lat' dir='ltr'>Morinensis</span> 
     </span>
     <span class='ocr_line' id='line_1_76' title="bbox 1321 2063 2328 2097; baseline 0.001 -8"><span class='ocrx_word' id='word_1_492' title='bbox 1321 2064 1461 2095; x_wconf 84' lang='lat' dir='ltr'>diocesis,</span> <span class='ocrx_word' id='word_1_493' title='bbox 1483 2063 1623 2097; x_wconf 86' lang='lat' dir='ltr'>indulget</span> <span class='ocrx_word' id='word_1_494' title='bbox 1643 2066 1679 2090; x_wconf 84' lang='lat' dir='ltr'>ut</span> <span class='ocrx_word' id='word_1_495' title='bbox 1700 2064 1777 2090; x_wconf 87' lang='lat' dir='ltr'>duas</span> <span class='ocrx_word' id='word_1_496' title='bbox 1797 2065 1853 2090; x_wconf 85' lang='lat' dir='ltr'>aut</span> <span class='ocrx_word' id='word_1_497' title='bbox 1872 2065 1936 2090; x_wconf 85' lang='lat' dir='ltr'>tres</span> <span class='ocrx_word' id='word_1_498' title='bbox 1956 2063 2099 2090; x_wconf 86' lang='lat' dir='ltr'>ecclesias</span> <span class='ocrx_word' id='word_1_499' title='bbox 2118 2063 2328 2097; x_wconf 88' lang='lat' dir='ltr'>parrochiales</span> 
     </span>
     <span class='ocr_line' id='line_1_77' title="bbox 1322 2107 2327 2141; baseline 0 -7"><span class='ocrx_word' id='word_1_500' title='bbox 1322 2116 1393 2134; x_wconf 89' lang='lat' dir='ltr'>cum</span> <span class='ocrx_word' id='word_1_501' title='bbox 1414 2108 1476 2134; x_wconf 86' lang='lat' dir='ltr'>suis</span> <span class='ocrx_word' id='word_1_502' title='bbox 1498 2107 1694 2141; x_wconf 87' lang='lat' dir='ltr'>pertinentiis</span> <span class='ocrx_word' id='word_1_503' title='bbox 1718 2107 1749 2133; x_wconf 90' lang='lat' dir='ltr'>in</span> <span class='ocrx_word' id='word_1_504' title='bbox 1773 2107 1886 2140; x_wconf 90' lang='lat' dir='ltr'>quibus</span> <span class='ocrx_word' id='word_1_505' title='bbox 1907 2107 1958 2141; x_wconf 89' lang='lat' dir='ltr'>jus</span> <span class='ocrx_word' id='word_1_506' title='bbox 1984 2107 2103 2134; x_wconf 85' lang='lat' dir='ltr'>habent</span> <span class='ocrx_word' id='word_1_507' title='bbox 2127 2109 2327 2141; x_wconf 87' lang='lat' dir='ltr'>patronatus,</span> 
     </span>
     <span class='ocr_line' id='line_1_78' title="bbox 1321 2151 2329 2186; baseline 0 -8"><span class='ocrx_word' id='word_1_508' title='bbox 1321 2153 1441 2186; x_wconf 81' lang='lat' dir='ltr'>possint</span> <span class='ocrx_word' id='word_1_509' title='bbox 1463 2153 1493 2178; x_wconf 89' lang='lat' dir='ltr'>in</span> <span class='ocrx_word' id='word_1_510' title='bbox 1515 2154 1720 2185; x_wconf 84' lang='lat' dir='ltr'>augmentum</span> <span class='ocrx_word' id='word_1_511' title='bbox 1741 2152 1992 2185; x_wconf 85' lang='lat' dir='ltr'>praebendarum</span> <span class='ocrx_word' id='word_1_512' title='bbox 2021 2159 2120 2186; x_wconf 88' lang='lat' dir='ltr'>nuper</span> <span class='ocrx_word' id='word_1_513' title='bbox 2139 2152 2171 2178; x_wconf 91' lang='lat' dir='ltr'>in</span> <span class='ocrx_word' id='word_1_514' title='bbox 2189 2151 2329 2186; x_wconf 88' lang='lat' dir='ltr'>ipsorum</span> 
     </span>
     <span class='ocr_line' id='line_1_79' title="bbox 1322 2196 2326 2229; baseline -0.001 -6"><span class='ocrx_word' id='word_1_515' title='bbox 1322 2197 1449 2223; x_wconf 87' lang='lat' dir='ltr'>ecelesia</span> <span class='ocrx_word' id='word_1_516' title='bbox 1478 2199 1654 2222; x_wconf 86' lang='lat' dir='ltr'>creatarum</span> <span class='ocrx_word' id='word_1_517' title='bbox 1683 2198 1874 2222; x_wconf 84' lang='lat' dir='ltr'>convertere.</span> <span class='ocrx_word' id='word_1_518' title='bbox 1906 2196 2002 2229; x_wconf 72' lang='lat' dir='ltr'>(Bm.</span> <span class='ocrx_word' id='word_1_519' title='bbox 2035 2196 2083 2228; x_wconf 85' lang='lat'>25,</span> <span class='ocrx_word' id='word_1_520' title='bbox 2115 2196 2135 2222; x_wconf 82' lang='lat' dir='ltr'>f.</span> <span class='ocrx_word' id='word_1_521' title='bbox 2172 2196 2241 2228; x_wconf 86' lang='lat'>229,</span> <span class='ocrx_word' id='word_1_522' title='bbox 2277 2203 2326 2223; x_wconf 87' lang='lat' dir='ltr'>an.</span> 
     </span>
     <span class='ocr_line' id='line_1_80' title="bbox 1320 2241 1500 2273; baseline 0 -6"><span class='ocrx_word' id='word_1_523' title='bbox 1320 2242 1356 2272; x_wconf 65' lang='lat' dir='ltr'>V,</span> <span class='ocrx_word' id='word_1_524' title='bbox 1374 2249 1398 2267; x_wconf 84' lang='lat' dir='ltr'>e.</span> <span class='ocrx_word' id='word_1_525' title='bbox 1418 2241 1500 2273; x_wconf 79' lang='lat'>221.)</span> 
     </span>
    </p>
   </div>
   <div class='ocr_carea' id='block_1_19' title="bbox 1314 2329 2329 2958">
    <p class='ocr_par' dir='ltr' id='par_1_19' title="bbox 1314 2329 2329 2958">
     <span class='ocr_line' id='line_1_81' title="bbox 1363 2329 2329 2375; baseline -0.004 -10"><span class='ocrx_word' id='word_1_526' title='bbox 1363 2346 1376 2361; x_wconf 87' lang='lat'>«</span> <span class='ocrx_word' id='word_1_527' title='bbox 1397 2358 1416 2365; x_wconf 90' lang='lat'>..</span> <span class='ocrx_word' id='word_1_528' title='bbox 1439 2333 1563 2365; x_wconf 81' lang='lat' dir='ltr'>decano</span> <span class='ocrx_word' id='word_1_529' title='bbox 1585 2335 1612 2364; x_wconf 82' lang='lat' dir='ltr'>et</span> <span class='ocrx_word' id='word_1_530' title='bbox 1633 2332 1782 2375; x_wconf 75' lang='lat' dir='ltr'>capitulo</span> <span class='ocrx_word' id='word_1_531' title='bbox 1803 2331 1936 2364; x_wconf 79' lang='lat' dir='ltr'>ecclesie</span> <span class='ocrx_word' id='word_1_532' title='bbox 1956 2331 1995 2363; x_wconf 81' lang='lat' dir='ltr'>de</span> <span class='ocrx_word' id='word_1_533' title='bbox 2014 2331 2058 2362; x_wconf 93' lang='lat' dir='ltr'><em>M</em></span> <span class='ocrx_word' id='word_1_534' title='bbox 2063 2340 2194 2368; x_wconf 82' lang='lat' dir='ltr'>unsoce,</span> <span class='ocrx_word' id='word_1_535' title='bbox 2215 2329 2329 2362; x_wconf 83' lang='lat' dir='ltr'>Mori-</span> 
     </span>
     <span class='ocr_line' id='line_1_82' title="bbox 1316 2384 2327 2426; baseline -0.002 -9"><span class='ocrx_word' id='word_1_536' title='bbox 1316 2386 1433 2417; x_wconf 80' lang='lat' dir='ltr'>nensis</span> <span class='ocrx_word' id='word_1_537' title='bbox 1463 2386 1617 2418; x_wconf 80' lang='lat' dir='ltr'>diocesis.</span> <span class='ocrx_word' id='word_1_538' title='bbox 1649 2386 1703 2417; x_wconf 73' lang='lat' dir='ltr'>Ad</span> <span class='ocrx_word' id='word_1_539' title='bbox 1735 2386 1799 2417; x_wconf 90' lang='lat' dir='ltr'>hoc</span> <span class='ocrx_word' id='word_1_540' title='bbox 1831 2385 1926 2417; x_wconf 89' lang='lat' dir='ltr'>Deus</span> <span class='ocrx_word' id='word_1_541' title='bbox 1956 2403 2011 2416; x_wconf 85' lang='lat'>—.</span> <span class='ocrx_word' id='word_1_542' title='bbox 2043 2384 2134 2416; x_wconf 86' lang='lat' dir='ltr'>Sane</span> <span class='ocrx_word' id='word_1_543' title='bbox 2164 2386 2327 2426; x_wconf 87' lang='lat' dir='ltr'>porrecta</span> 
     </span>
     <span class='ocr_line' id='line_1_83' title="bbox 1318 2436 2326 2481; baseline -0.003 -10"><span class='ocrx_word' id='word_1_544' title='bbox 1318 2440 1418 2471; x_wconf 88' lang='lat' dir='ltr'>nobis</span> <span class='ocrx_word' id='word_1_545' title='bbox 1443 2449 1487 2470; x_wconf 84' lang='lat' dir='ltr'>ex</span> <span class='ocrx_word' id='word_1_546' title='bbox 1512 2442 1613 2481; x_wconf 88' lang='lat' dir='ltr'>parte</span> <span class='ocrx_word' id='word_1_547' title='bbox 1639 2442 1757 2470; x_wconf 77' lang='lat' dir='ltr'>vestra</span> <span class='ocrx_word' id='word_1_548' title='bbox 1784 2438 1909 2480; x_wconf 86' lang='lat' dir='ltr'>petitio</span> <span class='ocrx_word' id='word_1_549' title='bbox 1936 2437 2144 2469; x_wconf 81' lang='lat' dir='ltr'>continebat</span> <span class='ocrx_word' id='word_1_550' title='bbox 2169 2436 2265 2478; x_wconf 89' lang='lat' dir='ltr'>quod</span> <span class='ocrx_word' id='word_1_551' title='bbox 2289 2436 2326 2468; x_wconf 91' lang='lat' dir='ltr'>in</span> 
     </span>
     <span class='ocr_line' id='line_1_84' title="bbox 1317 2491 2325 2533; baseline -0.003 -9"><span class='ocrx_word' id='word_1_552' title='bbox 1317 2493 1460 2524; x_wconf 84' lang='lat' dir='ltr'>ecclesia</span> <span class='ocrx_word' id='word_1_553' title='bbox 1484 2495 1602 2524; x_wconf 81' lang='lat' dir='ltr'>vestra</span> <span class='ocrx_word' id='word_1_554' title='bbox 1627 2502 1694 2533; x_wconf 86' lang='lat' dir='ltr'>que</span> <span class='ocrx_word' id='word_1_555' title='bbox 1718 2501 1780 2533; x_wconf 89' lang='lat' dir='ltr'>per</span> <span class='ocrx_word' id='word_1_556' title='bbox 1802 2501 1912 2522; x_wconf 84' lang='lat' dir='ltr'>unum</span> <span class='ocrx_word' id='word_1_557' title='bbox 1937 2491 2130 2522; x_wconf 85' lang='lat' dir='ltr'>dumtaxat</span> <span class='ocrx_word' id='word_1_558' title='bbox 2151 2492 2325 2522; x_wconf 87' lang='lat' dir='ltr'>rectorem</span> 
     </span>
     <span class='ocr_line' id='line_1_85' title="bbox 1317 2543 2326 2588; baseline -0.004 -11"><span class='ocrx_word' id='word_1_559' title='bbox 1317 2545 1503 2588; x_wconf 81' lang='lat' dir='ltr'>gubernari</span> <span class='ocrx_word' id='word_1_560' title='bbox 1527 2547 1770 2581; x_wconf 82' lang='lat' dir='ltr'>consueverat,</span> <span class='ocrx_word' id='word_1_561' title='bbox 1796 2544 1928 2575; x_wconf 84' lang='lat' dir='ltr'>decano</span> <span class='ocrx_word' id='word_1_562' title='bbox 1951 2546 1987 2574; x_wconf 88' lang='lat' dir='ltr'>et</span> <span class='ocrx_word' id='word_1_563' title='bbox 2011 2543 2197 2574; x_wconf 88' lang='lat' dir='ltr'>duodecim</span> <span class='ocrx_word' id='word_1_564' title='bbox 2219 2551 2326 2574; x_wconf 88' lang='lat' dir='ltr'>cano-</span> 
     </span>
     <span class='ocr_line' id='line_1_86' title="bbox 1318 2595 2326 2640; baseline -0.003 -10"><span class='ocrx_word' id='word_1_565' title='bbox 1318 2599 1403 2630; x_wconf 87' lang='lat' dir='ltr'>nicis</span> <span class='ocrx_word' id='word_1_566' title='bbox 1442 2608 1503 2640; x_wconf 88' lang='lat' dir='ltr'>per</span> <span class='ocrx_word' id='word_1_567' title='bbox 1542 2598 1710 2630; x_wconf 80' lang='lat' dir='ltr'>dilectum</span> <span class='ocrx_word' id='word_1_568' title='bbox 1749 2597 1863 2628; x_wconf 85' lang='lat' dir='ltr'>filium</span> <span class='ocrx_word' id='word_1_569' title='bbox 1903 2596 2108 2632; x_wconf 86' lang='lat' dir='ltr'>Henricum,</span> <span class='ocrx_word' id='word_1_570' title='bbox 2149 2595 2326 2627; x_wconf 88' lang='lat' dir='ltr'>decanum</span> 
     </span>
     <span class='ocr_line' id='line_1_87' title="bbox 1318 2648 2325 2693; baseline -0.004 -10"><span class='ocrx_word' id='word_1_571' title='bbox 1318 2653 1522 2688; x_wconf 82' lang='lat' dir='ltr'>Metensem,</span> <span class='ocrx_word' id='word_1_572' title='bbox 1558 2650 1780 2693; x_wconf 78' lang='lat' dir='ltr'>capellanum</span> <span class='ocrx_word' id='word_1_573' title='bbox 1815 2652 1987 2685; x_wconf 88' lang='lat' dir='ltr'>nostrum,</span> <span class='ocrx_word' id='word_1_574' title='bbox 2023 2658 2067 2680; x_wconf 83' lang='lat' dir='ltr'>ex</span> <span class='ocrx_word' id='word_1_575' title='bbox 2100 2648 2325 2680; x_wconf 85' lang='lat' dir='ltr'>ordinatione</span> 
     </span>
     <span class='ocr_line' id='line_1_88' title="bbox 1318 2700 2326 2748; baseline -0.005 -11"><span class='ocrx_word' id='word_1_576' title='bbox 1318 2705 1458 2748; x_wconf 84' lang='lat' dir='ltr'>patroni</span> <span class='ocrx_word' id='word_1_577' title='bbox 1489 2708 1523 2736; x_wconf 84' lang='lat' dir='ltr'>et</span> <span class='ocrx_word' id='word_1_578' title='bbox 1556 2713 1728 2735; x_wconf 82' lang='lat' dir='ltr'>consensu</span> <span class='ocrx_word' id='word_1_579' title='bbox 1760 2703 1850 2734; x_wconf 87' lang='lat' dir='ltr'>bone</span> <span class='ocrx_word' id='word_1_580' title='bbox 1882 2701 2049 2733; x_wconf 89' lang='lat' dir='ltr'>memorie</span> <span class='ocrx_word' id='word_1_581' title='bbox 2081 2702 2117 2733; x_wconf 82' lang='lat' dir='ltr'>C.</span> <span class='ocrx_word' id='word_1_582' title='bbox 2149 2700 2326 2733; x_wconf 85' lang='lat' dir='ltr'>diocesani</span> 
     </span>
     <span class='ocr_line' id='line_1_89' title="bbox 1315 2753 2323 2799; baseline -0.005 -9"><span class='ocrx_word' id='word_1_583' title='bbox 1315 2758 1486 2799; x_wconf 90' lang='lat' dir='ltr'>ejusdem,</span> <span class='ocrx_word' id='word_1_584' title='bbox 1519 2767 1653 2789; x_wconf 88' lang='lat' dir='ltr'>necnon</span> <span class='ocrx_word' id='word_1_585' title='bbox 1685 2756 1900 2788; x_wconf 84' lang='lat' dir='ltr'>auctoritate</span> <span class='ocrx_word' id='word_1_586' title='bbox 1930 2754 2040 2786; x_wconf 81' lang='lat' dir='ltr'>[elicis</span> <span class='ocrx_word' id='word_1_587' title='bbox 2068 2753 2323 2786; x_wconf 85' lang='lat' dir='ltr'>recordationis</span> 
     </span>
     <span class='ocr_line' id='line_1_90' title="bbox 1320 2806 2323 2851; baseline -0.004 -9"><span class='ocrx_word' id='word_1_588' title='bbox 1320 2811 1515 2843; x_wconf 89' lang='lat' dir='ltr'>Innocentii</span> <span class='ocrx_word' id='word_1_589' title='bbox 1555 2820 1656 2851; x_wconf 87' lang='lat' dir='ltr'>pape,</span> <span class='ocrx_word' id='word_1_590' title='bbox 1698 2807 1951 2851; x_wconf 86' lang='lat' dir='ltr'>predecessoris</span> <span class='ocrx_word' id='word_1_591' title='bbox 1991 2807 2113 2844; x_wconf 87' lang='lat' dir='ltr'>nostri,</span> <span class='ocrx_word' id='word_1_592' title='bbox 2154 2806 2323 2839; x_wconf 87' lang='lat' dir='ltr'>canonice</span> 
     </span>
     <span class='ocr_line' id='line_1_91' title="bbox 1314 2859 2322 2903; baseline -0.005 -8"><span class='ocrx_word' id='word_1_593' title='bbox 1314 2864 1499 2901; x_wconf 87' lang='lat' dir='ltr'>institutis,</span> <span class='ocrx_word' id='word_1_594' title='bbox 1516 2866 1549 2894; x_wconf 85' lang='lat' dir='ltr'>et</span> <span class='ocrx_word' id='word_1_595' title='bbox 1565 2863 1717 2894; x_wconf 87' lang='lat' dir='ltr'>totidem</span> <span class='ocrx_word' id='word_1_596' title='bbox 1732 2860 1920 2903; x_wconf 86' lang='lat' dir='ltr'>prebendis</span> <span class='ocrx_word' id='word_1_597' title='bbox 1933 2859 2061 2891; x_wconf 84' lang='lat' dir='ltr'>creatis</span> <span class='ocrx_word' id='word_1_598' title='bbox 2074 2859 2218 2896; x_wconf 90' lang='lat' dir='ltr'>ibidem,</span> <span class='ocrx_word' id='word_1_599' title='bbox 2234 2859 2322 2891; x_wconf 85' lang='lat' dir='ltr'>adeo</span> 
     </span>
     <span class='ocr_line' id='line_1_92' title="bbox 1314 2912 2322 2958; baseline -0.006 -9"><span class='ocrx_word' id='word_1_600' title='bbox 1314 2917 1413 2949; x_wconf 84' lang='lat' dir='ltr'>exilis</span> <span class='ocrx_word' id='word_1_601' title='bbox 1430 2917 1546 2958; x_wconf 86' lang='lat' dir='ltr'>portio</span> <span class='ocrx_word' id='word_1_602' title='bbox 1564 2926 1607 2947; x_wconf 84' lang='lat' dir='ltr'>ex</span> <span class='ocrx_word' id='word_1_603' title='bbox 1626 2914 1858 2957; x_wconf 87' lang='lat' dir='ltr'>proventibus</span> <span class='ocrx_word' id='word_1_604' title='bbox 1876 2913 1985 2954; x_wconf 81' lang='lat' dir='ltr'>ipsius</span> <span class='ocrx_word' id='word_1_605' title='bbox 2002 2912 2144 2944; x_wconf 88' lang='lat' dir='ltr'>ecclesie</span> <span class='ocrx_word' id='word_1_606' title='bbox 2162 2914 2322 2944; x_wconf 88' lang='lat' dir='ltr'>vestrum</span> 
     </span>
    </p>
   </div>
   <div class='ocr_carea' id='block_1_20' title="bbox 1313 2958 2319 3011">
    <p class='ocr_par' dir='ltr' id='par_1_20' title="bbox 1313 2958 2319 3011">
     <span class='ocr_line' id='line_1_93' title="bbox 1313 2958 2319 3011; baseline -0.006 -10"><span class='ocrx_word' id='word_1_607' title='bbox 1313 2958 1609 3011; x_wconf 55' lang='lat' dir='ltr'>Hiffi‘iriqiitssiii‘ffu&#39;ff</span> <span class='ocrx_word' id='word_1_608' title='bbox 1648 2967 1833 3008; x_wconf 79' lang='lat' dir='ltr'>contingit,</span> <span class='ocrx_word' id='word_1_609' title='bbox 1881 2969 2026 3006; x_wconf 84' lang='lat' dir='ltr'>lamque</span> <span class='ocrx_word' id='word_1_610' title='bbox 2070 2967 2192 2997; x_wconf 84' lang='lat' dir='ltr'>tenues</span> <span class='ocrx_word' id='word_1_611' title='bbox 2235 2967 2319 2996; x_wconf 86' lang='lat' dir='ltr'>sunt</span> 
     </span>
    </p>
   </div>
   <div class='ocr_carea' id='block_1_21' title="bbox 2403 752 2477 3512">
    <p class='ocr_par' dir='ltr' id='par_1_21' title="bbox 2403 752 2477 3512">
     <span class='ocr_line' id='line_1_94' title="bbox 2473 752 2477 801; baseline 0 0"><span class='ocrx_word' id='word_1_612' title='bbox 2473 752 2477 801; x_wconf 88' lang='grc'>1</span> 
     </span>
     <span class='ocr_line' id='line_1_95' title="bbox 2403 3457 2477 3512; baseline 0 0"><span class='ocrx_word' id='word_1_613' title='bbox 2403 3503 2407 3506; x_wconf 46' lang='grc'><strong><em>«</em></strong></span> <span class='ocrx_word' id='word_1_614' title='bbox 2420 3457 2477 3512; x_wconf 56' lang='grc' dir='ltr'><em>ὃ</em></span> 
     </span>
    </p>
   </div>
  </div>
 </body>
</html>
