2477 3512
153 240 216 274 132
851 234 1122 268 REGISTRES
1146 232 1500 268 D'ALEXANDRE
1528 232 1577 265 1v

149 338 280 370 vicario
303 338 338 370 in
359 338 409 370 eis
429 337 605 369 servituro
628 346 690 378 pro
712 335 974 367 sustentatione
993 343 1058 366 sua
1079 343 1161 366 con-

120 407 123 411 ·
149 402 235 434 grua
267 392 441 434 portione,
474 392 524 424 ita
557 392 651 433 quod
685 400 748 422 vos
779 388 992 432 episcopalia
1024 391 1061 420 et
1092 387 1161 420 alia

150 450 318 480 consueta
342 457 447 479 onera
468 446 698 489 supportetis,
720 445 822 477 vobis
841 444 877 476 in
898 454 982 476 usus
1002 442 1163 486 proprios

150 502 352 544 deputavit,
379 504 485 543 prout
510 501 545 532 in
571 500 699 532 litteris
724 500 806 532 inde
831 499 1001 532 confectis
1025 497 1163 540 plenius

149 557 280 589 dicitur
312 556 496 594 contineri,
531 565 666 597 vosque
699 554 883 588 ecclesiam
918 557 954 586 et
987 553 1161 596 capellam

152 612 329 654 predictas
361 621 422 654 per
452 611 688 653 quadraginta
720 620 833 642 annos
863 613 899 642 et
929 609 1082 651 amplius
1112 611 1164 640 te-

150 667 287 704 nuistis,
308 669 344 698 et
363 666 480 698 adhuc
499 666 666 698 detinetis
685 666 720 698 in
741 676 824 698 usus
843 664 1048 707 hujusmodi
1069 663 1163 706 paci-

151 722 216 754 fice
235 724 271 754 et
291 721 423 763 quiete.
445 721 519 753 Nos
537 721 671 763 itaque,
694 721 822 753 vestris
841 719 1163 762 supplicationibus

152 777 320 814 inclinati,
346 777 444 818 quod
471 786 576 818 super
597 777 662 808 hoc
686 777 730 808 ab
753 777 877 808 codem
900 775 1164 817 archiepiscopo

153 832 299 873 provide
320 832 457 864 sactum
478 834 531 863 esi.
551 834 669 863 ratum
689 834 724 863 et
746 832 889 863 lirnium
911 831 1093 868 habentes,
1115 831 1162 864 id,

151 896 220 919 non
243 886 411 919 obstante
435 887 530 928 quod
555 896 660 928 super
682 887 747 918 hoc
771 886 917 929 capituli
939 886 1164 918 Treverensis

153 951 222 973 non
238 941 433 974 intervenit
447 951 620 978 assensus,
638 941 854 973 auctoritate
870 941 1063 983 apostolica
1080 950 1163 973 con-

152 996 339 1028 firmamus
365 999 401 1028 et
429 996 602 1039 presentis
629 996 751 1039 scripti
780 996 977 1038 patrocinio
1005 1006 1163 1029 commu-

150 1051 278 1083 nimus.
307 1051 403 1084 Nulli
430 1054 550 1084 nostre
577 1051 860 1084 confirmationis
886 1054 953 1083 etc.
982 1051 1066 1083 Dat.
1096 1051 1163 1083 La-

149 1105 275 1144 terani,
300 1105 386 1138 XVI
410 1105 480 1138 kal.
502 1106 667 1148 januarii,
692 1116 785 1139 anno
808 1109 920 1139 sexto.
946 1119 958 1135 »

1349 329 1440 355 3214
1630 328 1681 355 Au
1703 327 1835 360 Lati-an,
1859 327 1895 355 17
1918 327 2083 356 decembre
2105 328 2194 357 1260.

1309 383 1436 411 Eisdem
1457 389 1514 416 pro
1536 381 1671 409 eeclesiis
1693 381 1732 408 de
1753 380 1924 415 Jamognes
1945 382 1978 408 et
1998 380 2038 408 de
2059 390 2072 405 ι
2091 381 2190 409 Moidi
2209 391 2223 406 ι
2242 383 2275 410 et

1267 427 1388 463 capella
1400 427 1439 455 de
1450 436 1461 450 ι
1474 426 1562 454 Isers.
1573 436 1584 449 n
1597 425 1694 460 (nno.
1708 425 1758 458 25,
1771 425 1793 452 f.
1807 424 1866 452 262
1878 428 1927 457 νο,
1939 432 1990 452 an.
2003 425 2061 458 VI,
2073 432 2100 453 c.
2115 421 2210 460 1415.)

1313 539 1327 556 «
1352 526 1502 559 Eisdem.
1531 526 1679 568 Speciali
1705 526 1819 567 gratia
1845 528 1912 558 etc.
1940 528 1981 558 ut
2005 525 2041 557 in
2067 524 2135 558 alia
2162 534 2274 568 usque

1267 580 1475 612 continebat
1500 579 1595 622 quod
1619 579 1710 610 bone
1734 578 1901 611 memorie
1924 578 2118 616 Johannes‚
2142 577 2275 610 archie-

1268 633 1433 675 piscopus
1463 632 1697 669 Treverensis,
1730 632 1772 664 (le
1803 631 1996 673 Jamognes
2026 634 2062 663 et
2092 631 2136 664 de
2165 630 2275 664 Moidi

1267 686 1441 722 ecclesias,
1467 695 1601 717 necnon
1625 684 1798 726 capellam
1821 684 1865 716 ‹le
1890 684 1990 721 Isers‚
2014 684 2276 726 dependentem

1268 738 1312 769 ab
1337 738 1461 770 eadem
1486 737 1630 769 ecclesia
1656 738 1698 768 de
1724 737 1927 777 Jamognes,
1953 737 2177 769 Treverensis
2201 737 2275 768 dio-

1267 791 1364 827 cesis,
1393 800 1454 832 per
1479 790 1625 822 liberam
1652 790 1924 830 resignationem
1951 792 2126 821 rectorum
2153 798 2275 821 earum

1267 846 1448 880 vacantes,
1474 853 1554 875 cum
1578 843 1716 884 juribus
1740 845 1773 874 et
1800 842 2023 884 pertinentiis
2047 842 2129 879 suis,
2155 843 2275 884 patro-

1268 905 1394 928 norum
1414 896 1570 937 ipsarum
1590 898 1625 928 et
1645 895 1710 927 loci
1731 895 1968 927 archidiaconi
1988 895 2033 926 ad
2053 903 2159 936 quem
2177 893 2278 926 insti-

1268 948 1362 980 tutio
1387 951 1563 980 rectorum
1588 948 1621 979 in
1647 948 1695 980 eis
1719 949 1761 980 de
1785 948 1934 990 antiqua
1958 950 1994 980 et
2017 947 2218 990 approbata
2240 948 2280 979 et

1268 1011 1378 1043 usque
1402 1001 1446 1033 ad
1471 1001 1557 1033 illud
1581 1003 1723 1043 tempus
1747 1001 1894 1043 pacifice
1917 1001 2107 1032 observata
2130 1008 2280 1032 consue-

1268 1054 1392 1086 tudine
1418 1053 1632 1096 pertinebat,
1666 1053 1711 1085 ad
1744 1053 1779 1086 id
1813 1053 2004 1086 accedente
2035 1061 2206 1085 consensu
2231 1069 2279 1074 —

1269 1115 1334 1139 nos
1357 1106 1482 1148 itaque
1501 1108 1568 1139 etc.
1591 1115 1702 1148 usque
1721 1106 1757 1138 in
1777 1106 1900 1138 finam.
1923 1118 1936 1135 »

937 1529 1002 1554 rm
1025 1530 1078 1553 DE
1101 1529 1148 1553 LA
1173 1520 1331 1553 S1X1122ME
1354 1520 1485 1552 ΑΝΝΕΕ
