2477 3512
183 258 245 291 106
877 253 1146 287 REGISTRES
1172 252 1524 287 D’ALEXANDRE
1555 252 1603 286 IV

180 367 220 396 ut
258 364 292 395 in
331 364 410 400 alia,
450 363 567 395 verbis
605 365 849 404 competenter
886 361 1036 393 mutatis
1075 371 1185 403 usque

180 418 346 449 duximus
364 417 658 448 confirmandam.
680 416 848 455 Quocirca
869 415 1080 446 mandamns
1099 424 1185 455 qua-

181 471 274 501 tinus
292 470 551 501 ordinationem
569 470 681 510 ipsam
700 469 789 499 sicut
809 468 883 504 rite,
902 468 975 499 sine
994 467 1183 508 pravitate,

179 523 325 565 provide
362 523 456 554 facta
493 525 545 554 est
581 525 616 553 et
653 522 696 553 ab
734 524 885 562 utraque
922 523 1022 562 parte
1057 522 1184 561 sponte

178 579 330 617 recepta,
362 575 470 607 facias
502 584 562 616 per
592 578 625 605 te
657 575 710 605 vel
742 584 802 615 per
831 574 938 605 alium
969 573 1184 604 auctoritate

179 632 310 665 nostra,
348 628 585 669 appellatione
622 630 768 663 remota,
808 627 957 658 firmiter
992 626 1182 662 observari,

179 691 247 713 non
275 682 440 713 obstante
468 681 585 722 aliqua
613 681 710 712 Sedis
736 679 938 721 Apostolice
964 679 1183 719 indulgentia

178 735 447 776 quibuscunque
483 734 639 776 personis
674 743 837 765 concessa
874 733 968 774 quod
1004 732 1182 773 suspendi,

177 787 338 819 interdici
384 788 438 819 vel
483 787 781 818 excommunicari
828 796 896 817 non
942 785 1079 827 possint
1124 794 1184 826 per

177 840 314 872 litteras
331 841 423 872 dicte
443 840 540 872 Sedis
559 850 626 871 non
646 840 814 871 facientes
832 839 972 881 plenam
990 841 1025 870 et
1043 847 1183 879 expres-

175 903 250 926 sam
278 894 320 925 de
347 893 422 935 ipsa
450 893 669 933 indulgentia
698 893 924 928 mentionem,
954 892 1026 923 sive
1055 891 1181 932 quavis

175 947 242 978 alia
269 946 367 978 Sedis
392 946 550 987 ejusdem
577 946 795 987 indulgentia
823 955 883 986 per
908 954 1015 986 quam
1042 945 1075 975 in
1104 953 1181 975 nos-

176 1000 239 1031 tris
274 1000 400 1031 litteris
437 1010 505 1031 non
542 1008 743 1041 expressam
779 999 928 1029 et'l'ectus
964 997 1180 1039 presentium

176 1053 337 1094 impediri
356 1053 474 1084 valeat
493 1052 545 1084 vel
565 1052 709 1084 differri.
730 1052 812 1083 Dat.
834 1055 869 1083 ut
890 1052 923 1082 in
942 1051 1019 1082 alia.
1040 1064 1052 1078 »

259 1268 348 1294 3072
652 1267 786 1300 Anagni,
809 1267 848 1293 30
868 1266 992 1300 Janvier
1016 1266 1101 1292 1260.

219 1330 328 1356 Eidem
353 1329 461 1356 abbati
485 1330 515 1356 in
539 1338 564 1356 e.
590 1337 630 1355 m.
655 1337 710 1363 per
734 1330 847 1355 toturn.
872 1328 969 1362 (ΗΒΕ.
994 1328 1043 1359 25,
1068 1328 1087 1354 f.
1113 1328 1181 1359 242,

178 1382 227 1401 an.
248 1374 303 1405 Vl,
324 1375 352 1400 d.
373 1375 413 1407 c.)

224 1487 235 1501 «
273 1499 292 1505 ..
331 1474 446 1505 abbati
484 1474 721 1509 Atlzanalensi,
760 1474 1004 1514 Luydumnsis
1028 1473 1181 1504 ‹lim-esis.

179 1528 285 1558 Lecta
307 1537 424 1559 coram
448 1527 548 1558 nobis
570 1546 623 1558 e.
648 1527 730 1558 Dat.
756 1530 793 1558 ut.
816 1527 849 1558 in
872 1527 950 1558 alia.
976 1540 987 1555 n

261 1743 350 1769 3073
651 1745 784 1777 Anagni,
807 1745 844 1771 29
866 1745 989 1777 janvier
1015 1744 1099 1771 1250.

219 1805 459 1839 Archiepiscopo
484 1805 669 1832 Dublinensi
692 1806 755 1839 qui,
779 1806 851 1832 licet
875 1806 995 1832 ratione
1019 1806 1182 1839 dignitatis

179 1849 448 1883 archiepiscopalis
465 1850 504 1876 sit
522 1850 722 1876 Dublinensis
739 1850 884 1876 ecclesiae
900 1850 1078 1882 canonieus,
1095 1857 1183 1883 prae—

179 1893 313 1919 bendam
334 1895 441 1919 tamen
462 1893 599 1927 aliquam
620 1901 682 1920 non
704 1894 827 1920 obtinet
847 1894 878 1920 in
899 1894 1018 1926 eadem,
1040 1894 1183 1920 concedit

179 1939 214 1963 ut
244 1937 456 1970 praebendam
487 1938 525 1964 de
556 1938 695 1964 Swerdes
727 1938 827 1964 eidem
858 1938 1005 1971 dignitati
1037 1938 1183 1972 applicet.

178 1981 275 2015 (Rm.
290 1982 338 2013 25,
352 1981 373 2008 f.
389 1982 457 2013 242,
472 1989 521 2008 an.
537 1982 592 2014 VI,
607 1990 631 2008 c.
648 1982 686 2009 30
700 1990 707 2014 ;
724 1982 895 2008 POTTHAST
910 1982 1031 2015 17777.)

225 2092 237 2107 α
253 2104 272 2110 ..
289 2079 540 2122 archiepiscopo
554 2080 773 2112 Dublinensi.
793 2081 920 2112 l'etitio
936 2083 997 2112 tua
1015 2081 1114 2112 nobis
1129 2100 1182 2113 —.

180 2132 263 2163 Dat.
285 2133 452 2173 Anagnie,
478 2133 549 2164 1111
572 2134 639 2165 kal.
661 2133 837 2170 ielwuarii,
859 2144 951 2165 anno
971 2137 1083 2166 sexto,
1106 2148 1117 2163 »

263 2343 352 2369 3074
712 2347 846 2380 Anagni,
869 2348 886 2374 6
909 2355 992 2374 mars
1017 2348 1102 2375 1260.

222 2405 376 2439 Episcopo
401 2408 431 2432 et
457 2407 595 2440 capitulo
620 2408 868 2435 Lismorensibus
893 2410 1033 2443 indulget
1058 2413 1103 2442 ut,
1129 2411 1184 2437 du—

181 2449 324 2475 rantibus
344 2451 525 2483 quaestione
546 2452 626 2478 intcr
645 2452 737 2486 ipsos,
758 2461 796 2479 ex
816 2461 877 2480 una
897 2456 997 2487 parte,
1017 2456 1045 2481 et
1068 2455 1185 2481 archie-

181 2493 343 2526 piscopum
376 2501 411 2520 ac.
442 2495 615 2528 capitulum
647 2497 850 2523 (Lassellenses
883 2505 921 2524 ex
952 2498 1060 2529 altera,
1092 2506 1185 2533 super

182 2537 337 2563 nonnullis
360 2538 492 2564 eeclesiis
515 2541 545 2565 et
569 2547 630 2566 non
653 2541 781 2567 minima
803 2544 892 2575 parte
915 2542 1044 2568 diocesis
1067 2543 1186 2570 Lismo-

181 2581 288 2612 rensis‚
303 2589 421 2608 necnon
434 2583 635 2616 inquisitione
648 2592 665 2610 a
678 2584 864 2619 .J[olianne]‚
878 2586 962 2612 tituli
976 2586 1004 2612 S.
1026 2587 1186 2614 Laurentii

182 2625 212 2650 in
244 2625 361 2652 Lucina
391 2627 574 2660 presbytero
605 2629 764 2660 cardinali,
796 2630 949 2661 facienda,
980 2638 1034 2664 per
1064 2631 1185 2658 litteras

182 2669 369 2702 apostolicas
386 2671 550 2703 specialem
570 2679 630 2697 non
649 2672 797 2699 facientes
814 2675 1017 2705 mentionem,
1036 2682 1097 2701 non
1116 2683 1185 2709 pos-

182 2713 244 2739 sint
276 2713 349 2739 alibi
381 2721 476 2747 quam
509 2716 592 2748 apud
626 2717 735 2742 sedem
768 2718 982 2750 Apostolicam
1015 2720 1184 2746 conveniri.

182 2757 278 2789 (REO.
295 2758 343 2789 25,
359 2758 379 2784 f.
395 2759 452 2784 242
468 2764 513 2790 v0,
529 2766 578 2785 an.
596 2760 649 2791 Vl,
665 2768 689 2786 c.
706 2761 767 2791 31.)

229 2869 240 2884 «
262 2882 281 2888 ..
303 2858 459 2899 episcopo
479 2861 507 2890 et
527 2860 675 2901 capitulo
695 2861 981 2894 Lismorensibus.
1008 2864 1186 2896 Inducunt

184 2920 246 2941 nos
278 2914 393 2942 vestre
426 2930 480 2943 —.
516 2912 598 2944 Dat.
634 2914 802 2954 Anagnie,
842 2916 874 2946 ΙΙ
909 2926 1019 2948 nonas
1053 2918 1184 2954 marcii,

185 2972 276 2994 anno
297 2966 408 2996 sexto.
431 2978 443 2993 ³)

1375 359 1466 386 30⁷5
1825 359 1960 394 Anagni,
1982 359 2000 387 9
2023 367 2106 388 mars
2129 360 2216 388 1260.

1333 413 1521 440 Abbatissae
1557 414 1588 440 et
1623 413 1794 439 conventui
1830 414 2012 440 monasterii
2046 414 2230 441 monialium
2266 413 2296 441 S.

1293 458 1399 484 Clarae
1419 458 1458 484 de
1477 457 1582 490 Longe
1602 457 1708 484 Marke
1726 457 1820 490 juxta
1842 457 1946 491 Ipram
1965 457 2107 491 indulget
2126 460 2162 485 ut
2181 458 2297 485 eisdem

1292 501 1460 535 privilegus
1480 503 1511 528 et
1531 500 1732 534 indulgentiis
1753 501 1838 535 apud
1858 501 2146 535 Rosendale‘supra
2161 501 2299 536 plateam

1293 546 1330 572 de
1352 545 1456 578 Longe
1478 544 1584 572 Marke
1606 545 1638 571 in
1658 545 1823 578 parrochia
1844 544 1872 572 S.
1895 544 2060 577 Johannis‚
2082 545 2136 572 ubi
2158 552 2299 573 accomo-

1292 590 1366 616 dam
1386 589 1545 622 elegerunt
1566 589 1771 621 mansionem,
1792 589 1952 622 gaudeant
1972 589 2086 623 quibus
2106 589 2138 616 in
2158 589 2210 616 illo
2229 589 2298 617 loco

1290 633 1486 660 fruebantur.
1504 633 1601 666 (Rau.
1619 633 1668 665 25,
1685 633 1705 659 f.
1723 633 1781 660 242
1798 636 1844 665 vo,
1860 640 1910 660 an.
1931 632 1987 666 VI,
2004 640 2030 660 c.
2047 633 2107 666 32;
2124 633 2298 661 Por-runsr

1294 677 1415 711 17807.)

1337 782 1350 798 «
1376 795 1395 801 ..
1422 769 1592 802 abbatisse
1617 772 1644 801 et
1669 769 1846 802 conventui
1871 769 2068 801 monasterii
2093 769 2299 802 monialium

1292 821 1414 854 Sancte
1444 822 1541 855 Clare
1569 823 1608 855 cle
1635 823 1752 865 Lonye
1779 822 1905 854 Marke
1931 822 2030 864 juxta
2060 822 2191 864 Ipram,
2221 822 2301 854 Mo-

1291 875 1441 908 rinensis
1473 876 1626 914 diocesis,
1659 876 1791 908 ordinis
1824 875 1942 908 Sancti
1970 875 2155 908 Damiani.
2185 875 2302 908 Devo-

1293 929 1400 960 tionis
1419 932 1536 961 vestre
1556 932 1711 962 meretur
1726 928 1741 949 ¹
1759 948 1814 961 —.
1836 929 1920 961 Dat.
1942 929 2112 971 Anagnie,
2133 928 2204 960 VII
2223 928 2305 961 idus

1291 982 1420 1019 martii,
1450 992 1544 1014 anno
1571 985 1685 1014 sexto.
1716 995 1728 1011 ι)

1373 1152 1462 1178 3078
1776 1151 1911 1186 AnagnI,
1934 1151 1972 1179 28
1994 1151 2109 1179 tevi-ier
2130 1151 2218 1179 1260.

1333 1205 1489 1240 Episcopo
1508 1205 1675 1232 Morinensi
1693 1205 1826 1232 mandat
1844 1206 1892 1234 ut.
1909 1204 2073 1232 sententiis
2090 1203 2302 1239 suspensionis

1291 1251 1323 1277 et
1348 1249 1509 1277 interdicti
1535 1257 1613 1284 quas
1639 1250 1679 1276 ad
1704 1249 1891 1277 instantiam
1917 1249 2089 1283 praepositi
2114 1250 2146 1276 et
2171 1248 2302 1283 capituli

1292 1294 1321 1321 S.
1352 1294 1480 1321 Martini
1512 1294 1656 1328 Iprensis,
1685 1294 1802 1320 ordinis
1832 1294 1861 1321 S.
1893 1293 2072 1327 Augustini,
2101 1293 2302 1327 praedictum

1288 1338 1394 1365 locum
1426 1339 1464 1365 de
1494 1338 1672 1365 Rosendale
1702 1338 1735 1364 in
1765 1338 1905 1372 ipsorum
1935 1337 2101 1372 parrochia
2131 1337 2301 1364 consistere

1291 1382 1498 1409 asserentium
1530 1382 1797 1416 promulgaverat,
1828 1382 1988 1414 relaxatis,
2020 1381 2172 1416 praefatis
2203 1381 2301 1408 abba-

1289 1427 1384 1454 tissae
1406 1429 1437 1453 et
1459 1427 1630 1454 conventui
1652 1426 1680 1453 S.
1705 1426 1822 1458 Clarae,
1845 1426 1899 1460 qui
1920 1426 1960 1453 ad
1982 1425 2178 1453 audientiam
2198 1432 2301 1460 papae

1290 1471 1539 1505 appellaverant,
1568 1470 1777 1498 transferendi
1804 1478 1836 1497 se
1864 1470 1904 1497 ad
1932 1470 2036 1497 locum
2064 1470 2169 1504 ipsum
2196 1471 2228 1497 et
2254 1469 2298 1496 ibi

1289 1515 1515 1542 monasterium
1532 1515 1735 1542 construendi
1750 1514 1937 1541 facultatem
1953 1514 2115 1541 concedat.
2133 1513 2230 1548 (Rea.
2247 1513 2300 1546 25,

1289 1560 1310 1587 f.
1328 1559 1398 1592 242,
1415 1567 1465 1586 an.
1482 1559 1539 1592 VI,
1556 1567 1581 1586 c.
1599 1559 1648 1592 32,
1665 1559 1830 1586 recentiori
1846 1559 1967 1592 manu.)

1337 1662 1349 1678 «
1379 1674 1399 1680 ..
1430 1649 1588 1690 episcopo
1616 1648 1826 1680 Morinensi.
1858 1648 1928 1680 Sua
1958 1648 2060 1680 nobis
2089 1648 2216 1681 dilecte
2243 1667 2300 1680 -.

1291 1702 1374 1733 Dat.
1394 1702 1564 1743 Anagnie‚
1587 1702 1662 1733 IIII
1680 1702 1749 1733 kal.
1769 1701 1899 1738 martii,
1918 1710 2011 1733 anno
2028 1703 2142 1734 sexto.
2160 1713 2174 1731 >2

1373 1879 1460 1905 30⁷⁷
1796 1880 1930 1914 Anagni,
1953 1881 1971 1907 2
1994 1879 2108 1907 sevrier
2130 1879 2217 1907 1260.

1331 1933 1458 1960 Decano
1487 1933 1633 1960 ecclesiae
1663 1934 1691 1960 S.
1723 1933 1808 1960 Petri
1836 1933 2072 1967 Argentinensis
2101 1932 2234 1960 mandat
2262 1933 2298 1959 ut

1291 1977 1420 2004 Corradi
1440 1978 1477 2004 de
1498 1977 1587 2004 Riste
1607 1978 1696 2011 quus
1717 1977 1854 2012 receptio
1874 1977 1905 2004 in
1925 1977 2115 2004 virdunensi
2133 1976 2264 2004 ecclesia
2282 1983 2301 2004 a

1291 2022 1430 2055 quadam
1450 2022 1676 2048 constitutione
1696 2023 1819 2049 cassata
1839 2023 1917 2054 erat,
1937 2022 1975 2048 de
1993 2021 2175 2056 praebenda
2193 2020 2300 2056 aliqua

1291 2066 1466 2100 provideat.
1483 2066 1580 2100 (ΗΒΕ.
1597 2066 1645 2098 25,
1661 2066 1681 2092 f.
1698 2066 1756 2092 242
1771 2069 1817 2098 v0,
1833 2073 1882 2092 an.
1898 2065 1954 2098 VI,
1969 2073 1995 2092 c.
2011 2066 2073 2100 33.)

1338 2167 1350 2183 ι(
1382 2179 1401 2186 ..
1433 2154 1558 2186 decano
1588 2153 1720 2185 ecclesie
1752 2153 1868 2185 Sancti
1900 2153 1993 2185 Petri
2024 2153 2299 2195 Arqentinensis.

1292 2207 1463 2239 Exhibita
1487 2207 1588 2239 nobis
1610 2207 1736 2249 petitio
1758 2226 1813 2238 —.
1836 2207 1921 2238 Dat.
1944 2207 2116 2248 Anagnie,
2142 2206 2217 2239 1111
2240 2216 2301 2239 no-

1292 2270 1355 2293 nas
1374 2260 1552 2298 februarii,
1575 2270 1668 2292 anno
1688 2263 1801 2292 sexto.
1825 2272 1837 2288 »

1374 2439 1462 2465 3078
1761 2438 1896 2473 Anagni,
1919 2438 1957 2465 26
1978 2437 2102 2471 Janvier
2125 2437 2213 2464 1260.

1333 2492 1482 2526 Magistro
1508 2494 1538 2519 et
1565 2491 1715 2519 fratribus
1740 2492 1905 2526 hospitalis
1927 2491 1956 2519 S.
1984 2491 2100 2518 Mariae
2125 2489 2297 2517 Theutonl-

1291 2544 1399 2564 corum
1438 2536 1686 2563 Jerosolimitani
1726 2536 1988 2571 supplicantibus,
2032 2542 2140 2562 omnes
2184 2536 2295 2566 terras,

1291 2581 1440 2615 regiones,
1468 2582 1581 2613 castra,
1608 2581 1698 2607 villas
1725 2582 1756 2607 et
1782 2580 1899 2614 oppida
1925 2581 1957 2606 et
1983 2585 2201 2614 quaecumque
2226 2577 2295 2604 loca

1292 2633 1372 2659 quae
1392 2625 1434 2651 eis
1453 2624 1485 2651 in
1507 2624 1623 2652 Ruscia
1642 2624 1779 2658 legitime
1799 2625 1917 2651 dantur
1935 2625 1991 2650 aut
2011 2624 2087 2650 data
2106 2623 2191 2654 sunt,
2211 2623 2243 2649 et
2258 2628 2296 2649 ea

1292 2677 1372 2703 quae
1394 2669 1510 2703 eripere
1532 2669 1671 2703 poterint
1693 2669 1731 2695 de
1753 2669 1958 2695 Tartarorum
1979 2667 2136 2698 manibus,
2158 2673 2197 2693 ex
2212 2672 2296 2692 nunc

1291 2714 1323 2740 in
1337 2714 1387 2747 Jus
1402 2715 1433 2740 et
1448 2713 1675 2747 proprietatem
1689 2713 1724 2739 Β.
1741 2713 1826 2739 Petri
1840 2712 1971 2746 suscipit
1985 2713 2017 2738 et
2031 2711 2083 2738 illa
2098 2711 2156 2738 sub
2171 2709 2298 2745 speciali

1291 2758 1487 2792 protectione
1512 2765 1549 2784 ae
1573 2757 1752 2784 defensione
1778 2756 1977 2790 Apostolicae
2003 2755 2100 2786 Sedis,
2126 2756 2297 2788 postquam

1292 2802 1332 2829 ad
1355 2801 1561 2828 christianum
1584 2801 1705 2828 cultum
1727 2801 1858 2828 reducta
1884 2800 2012 2832 fuerint,
2035 2798 2195 2833 perpetuis
2217 2799 2297 2825 tem-

1290 2846 1418 2880 poribus
1436 2853 1595 2872 remanere
1612 2845 1713 2872 sancit
1730 2847 1789 2872 etc.
1808 2845 1905 2879 (Rea.
1924 2844 1972 2875 25,
1990 2843 2010 2870 f.
2030 2843 2088 2870 242
2106 2846 2152 2876 v0,
2170 2850 2220 2870 an.
2236 2841 2296 2874 VI,

1292 2898 1317 2917 c.
1337 2890 1396 2921 34;
1417 2890 1590 2916 PorrnAsr
1608 2889 1730 2923 17769.)

1321 2983 1344 3005 ι.
1362 2983 1431 3004 Dans
1446 2983 1584 3004 Pon-msa·
1597 2983 1703 3010 i’tncipit
1716 2985 1755 3005 est
1769 2989 1776 3004 ε
1792 2981 1900 3004 Meretur
1912 2982 2022 3004 honestas
2037 2981 2072 3001 ut.
