2477 3512
967 307 1198 347 TaoisIEME
1222 310 1372 348 ANNEE

156 383 208 413 vel
221 383 291 413 aliis
303 385 353 413 est
368 392 572 419 concessum,
587 388 620 414 ut
636 383 663 413 si
676 383 745 423 quis
757 383 887 413 Italicus
898 383 950 413 vel
961 383 1051 413 Sedis
1061 383 1149 424 ejus—

159 439 230 470 dem
262 436 667 480 officialis'promoveatur
704 439 743 470 ad
772 438 909 479 aliquam
937 438 1147 480 prelaturam,

158 494 313 526 beneficia
335 495 420 536 prius
446 494 483 525 ab
504 495 572 536 ipso
599 495 630 525 iu
651 495 748 526 terris
772 494 895 525 illorum
917 495 1025 525 habita
1048 495 1150 525 libere

157 551 228 582 aliis
262 553 425 591 tamquam
445 551 608 588 vacantia,
631 561 689 591 per
709 560 777 588 605,
809 550 848 581 ad
875 560 952 590 quos
979 551 1151 582 beneficio-

157 617 227 638 rum
246 608 388 648 ipsorum
405 609 532 649 spectat
553 607 696 644 donatio,
721 606 945 641 conferantur,
971 611 1003 638 et
1021 607 1151 647 quibus.-

157 664 235 695 libet
255 664 326 694 aliis
348 663 533 704 apostolicis
562 662 771 703 indulgentiis
798 664 1050 704 quibuscumque
1080 674 1152 704 per-

159 721 244 751 sonis
266 720 318 751 vel
347 720 426 751 locis
451 719 654 760 generaliter
676 719 729 749 vel
757 720 945 760 specialiter
970 720 1149 757 concessis,

158 787 215 817 per
235 786 313 816 quas
333 775 515 817 hujusmodi
537 776 645 816 gratia.
665 775 718 806 vel
740 776 921 806 reservatio
943 778 1055 817 posset
1076 786 1152 815 quo—

158 832 333 864 modolibet
351 831 510 873 impediri,
529 832 659 862 etiamsi
681 832 719 862 de
740 831 819 872 ipsis
841 834 873 862 et
900 842 1008 863 earnm
1036 834 1151 862 tenore

157 889 196 921 dc
216 889 314 920 verbo
340 888 378 919 ad
398 888 543 921 verbum.
565 888 617 918 vel
639 887 678 918 de
694 898 905 928 personarum
930 899 986 919 seu
1007 888 1150 919 locorum

158 945 333 986 aliquorum
354 943 534 975 nominibus
551 943 678 985 plenam
703 946 735 975 et
760 955 951 985 expressam
967 944 1038 975 11611
1057 955 1151 986 opor-

157 1004 226 1033 teat
245 1002 276 1031 in
294 1000 481 1042 apostolicis
503 1000 620 1031 litteris
643 1001 854 1038 mentionem,
887 1002 920 1032 et
951 1002 984 1031 ut
1013 1001 1149 1032 liberum

157 1060 253 1098 atque
274 1057 401 1098 plenum
431 1056 551 1097 absque
574 1057 637 1088 ullo
667 1057 833 1088 obstaculo
854 1057 893 1088 de
923 1057 1150 1089 reservatione

128 1118 131 1121 ’
154 1113 337 1154 hujusmodi
369 1114 616 1153 consequereris
643 1112 809 1146 effectum.
834 1113 1051 1154 predecessor
1081 1115 1149 1155 ipse

156 1170 304 1201 decrevit
324 1170 450 1211 penitus
465 1170 590 1201 irritum
606 1173 638 1200 et
659 1171 752 1201 inane
775 1170 923 1211 quicquid
944 1173 1057 1201 contra
1079 1181 1149 1201 eain

157 1236 255 1267 super
287 1226 455 1267 premissis
486 1226 662 1261 beneficiis,
698 1226 884 1267 prebendis,
922 1226 1082 1256 fructibus
1120 1229 1152 1257 et

156 1282 378 1323 proventibus,
397 1293 433 1313 ac
448 1282 627 1313 redditibus
648 1282 863 1313 ducentarum
889 1293 1071 1313 marcarum
1094 1293 1153 1323 per

156 1348 375 1379 quoscumque
402 1339 609 1381 contingeret
628 1339 829 1380 attemptari.
852 1339 918 1369 Nos
939 1339 1036 1369 etiam
1050 1349 1151 1380 gene-

156 1394 237 1425 ralis
253 1395 401 1426 Ecclesie
419 1398 571 1436 suscepto
589 1396 758 1436 regimine,
782 1395 969 1437 hujusmodi
998 1395 1053 1426 tibi
1075 1406 1152 1437 gra-

157 1451 235 1482 tiam
255 1452 458 1489 innovantes,
481 1452 563 1492 quod
596 1452 693 1483 etiam
720 1455 793 1493 post
822 1454 1007 1493 susceptum
1040 1462 1153 1482 conse-

156 1512 310 1543 crationis
344 1523 458 1543 munus
479 1514 512 1543 et
546 1512 692 1554 pallium,
726 1513 830 1554 possis
858 1513 1017 1554 premissa
1047 1514 1153 1544 onmia

157 1578 228 1599 cum
248 1568 396 1609 predicta
418 1568 569 1610 Capuana
594 1569 734 1600 ecclesia
759 1570 915 1607 retinere,
939 1580 996 1610 per
1023 1572 1153 1600 nostras

158 1625 214 1656 tibi
242 1625 390 1656 duximus
422 1625 551 1656 litteras
572 1625 815 1666 indulgendam,
837 1627 933 1666 prout
953 1625 1012 1656 hec
1048 1626 1154 1656 omnia

155 1682 186 1712 in
221 1681 358 1723 predicti
392 1682 636 1723 predecessoris
666 1684 698 1713 et
727 1682 847 1713 nostris
875 1682 996 1712 litteris
1027 1682 1152 1723 plenius

160 1738 355 1769 continetur.
372 1738 451 1769 Cum
468 1740 576 1769 antem
594 1738 743 1779 predicta
758 1739 901 1780 provisio
923 1738 979 1769 tibi
999 1739 1039 1769 de
1057 1739 1153 1770 bene-

161 1794 243 1826 ficiis
263 1795 498 1826 ecclesiasticis
517 1795 678 1832 facienda,
707 1805 763 1836 pro
784 1806 821 1826 eo
836 1806 899 1826 non
924 1806 1019 1836 posse
1041 1805 1153 1836 proce-

160 1851 238 1881 dere
259 1851 421 1889 videatur,
436 1851 518 1892 quod
531 1852 562 1882 in
583 1856 747 1892 pastorem
767 1852 827 1892 ipsi
842 1852 992 1892 Capuane
1013 1852 1153 1883 ecclesie

162 1907 327 1947 prefectus
355 1908 482 1945 existis,
507 1918 544 1938 ac
570 1918 629 1948 per
655 1908 716 1938 hoc
734 1907 846 1938 dilecti
866 1907 923 1938 filii
944 1933 963 1939 ..

163 1973 260 1994 conus
281 1964 431 2001 Eliensis,
456 1965 507 2004 qui
527 1964 698 1995 ecclesiam
716 1963 841 1995 obtinet
863 1964 1097 2005 supradictam,
1121 1966 1154 1995 et

995 1908 1152 1938 archidia-

162 2018 385 2050 thesaurarius
405 2020 657 2051 Saresbiriensis
672 2020 807 2051 liberari
824 2031 841 2050 a
860 2021 1061 2061 prestatione
1078 2031 1152 2062 pre-

162 2075 320 2106 dictorum
345 2076 530 2108 reddituum
560 2079 774 2118 nequeuntes,
803 2088 837 2107 se
860 2079 1028 2117 gravatos,
1058 2087 1153 2108 occa-

163 2132 251 2162 sione
261 2134 315 2162 tue
324 2134 544 2173 promotionis,
555 2136 742 2174 querantur,
755 2133 845 2163 nobis
856 2133 1024 2163 humiliter
1035 2133 1154 2173 suppli-
1179 2145 1181 2149 ,

161 2188 256 2225 casti,
279 2190 312 2219 ut
332 2189 502 2230 providere
527 2189 583 2220 tibi
606 2194 638 2220 et
660 2190 705 2220 eis
730 2200 828 2230 super
852 2189 912 2220 hoc
933 2189 972 2220 de
998 2190 1153 2220 consueta

165 2244 258 2275 sedis
274 2244 459 2285 Apostolice
470 2245 664 2288 [diligentia]
678 2245 942 2276 misericorditer
952 2255 1151 2276 curaremus.

168 2305 408 2346 Nosigiturtuis
421 2306 871 2348 supplicationibusinclinati,
881 2306 975 2347 quod,
989 2306 1155 2347 sepedicta

164 2364 218 2392 tua
242 2363 438 2402 promotione
464 2373 662 2404 nequaquam
684 2362 848 2401 obstante,
872 2372 972 2402 usque
993 2362 1033 2393 ad
1054 2363 1154 2403 ipsam

166 2428 332 2454 summam,
349 2418 388 2449 (le
415 2418 578 2450 beneficiis
597 2420 834 2451 ecclesiastivis
855 2419 953 2450 etiam
974 2429 1084 2450 Curam
1101 2419 1155 2450 ha-
1181 2418 1182 2450 Ϊ
1207 2424 1391 2455 ammittere
1412 2424 1443 2454 in
1464 2423 1655 2454 canonicum
1676 2426 1709 2453 et
1730 2422 1760 2452 in
1774 2422 1924 2459 fratrem,
1946 2420 2049 2451 donec
2073 2420 2199 2460 recepti

166 2474 313 2506 bentibus
341 2475 530 2513 animarum,
553 2476 611 2507 tibi
634 2476 796 2517 provideri
817 2476 938 2514 valeat,
962 2476 1046 2507 sicut
1065 2478 1156 2507 ante-

163 2542 256 2572 quam
288 2532 319 2561 111
355 2533 519 2573 pastorem
552 2533 716 2573 prefectus
749 2543 839 2563 esses
876 2532 1016 2563 ecclesie
1047 2543 1156 2573 supra-

164 2588 262 2624 dicte,
285 2598 322 2618 ac
336 2587 503 2625 beneficia,
525 2587 563 2619 de
583 2588 696 2628 quibus
718 2588 772 2620 tibi
789 2588 950 2630 provideri
967 2589 1154 2629 contigerit,

167 2655 228 2675 una
254 2654 322 2675 cum
357 2643 442 2674 dicta
463 2643 605 2675 ecclesia
624 2644 786 2686 Capuana,
809 2646 908 2676 etiam
930 2647 1003 2686 post
1022 2655 1156 2686 suscep-

165 2704 233 2732 tum
254 2701 514 2732 consecrationis
536 2710 650 2731 munus
680 2703 711 2732 et
743 2701 885 2742 pallium,
906 2702 993 2733 licite
1014 2702 1156 2732 retinere

2117 310 2179 342 52?

1204 387 1313 416 nostre
1338 386 1558 416 concessimus
1580 390 1643 416 etc.
1670 386 1782 415 Datum
1810 382 1973 419 Laterani,
2002 380 2058 411 1111
2088 388 2186 409 1101135

1204 442 1371 479 februarii,
1397 452 1478 472 anno
1499 442 1607 472 tertio.
1623 455 1647 483 .'¹

1278 576 1375 603 1712
1763 577 1875 606 Latran,
1891 577 1904 600 Ei
1922 575 2026 601 sevi-ier
2040 576 2116 600 1257.

1243 667 1382 700 Episcopo
1402 666 1582 699 wjgormens
1610 667 1739 698 mandat,
1755 670 1898 700 quatenus
1916 668 1943 693 in
1966 667 2082 702 negotio
2098 667 2190 701 provi-

1205 715 1297 741 sionis
1314 714 1442 748 magistri
1464 714 1564 739 Marini
1583 713 1667 740 electi
1687 715 1827 748 Capuam,
1844 718 1913 740 tunc
1930 716 2076 741 Romanae
2094 715 2189 741 Eccle-

1205 764 1263 789 siae
1280 762 1522 791 vicecancellarii.
1540 770 1602 787 sine
1623 761 1763 787 dilatione
1780 762 1927 795 procedat.
1947 763 2023 787 tinec.
2040 764 2082 791 25,
2099 771 2124 788 a.
2143 763 2189 792 111,

1205 819 1228 836 c.
1250 809 1441 841 126²,t21625

1251 906 1265 920 «ι
1292 917 1311 922 ,,
1331 891 1484 934 episcopo
1509 891 1749 934 Il'zyornwnsi.
1775 892 1896 923 Dudum
1921 892 2025 923 felicis
2042 893 2191 924 recorda-

1204 949 1300 980 tionis
1332 967 1385 979 ——.
1414 949 1485 979 Dat.
1508 949 1670 987 Laterani,
1703 949 1793 979 1101115
1820 948 1986 987 februarii,
2011 959 2091 979 anno
2123 952 2191 980 ter-

1205 1006 1260 1036 tio.
1285 1018 1298 1033 »

1282 1144 1376 1170 1713
1745 1144 1857 1173 Latratu,
1878 1145 1908 1168 12
1925 1142 2029 1168 sevrier
2045 1145 2120 1169 1257.

1240 1234 1394 1268 Episcopo,
1417 1234 1528 1259 decano
1546 1236 1574 1258 et
1598 1232 1723 1266 capitulo
1745 1232 2029 1258 Cathalaunensibus
2050 1232 2192 1266 injungit,

1204 1285 1235 1308 ut
1271 1290 1327 1307 non
1366 1281 1550 1307 obstantibus
1586 1281 1712 1311 statutis,
1742 1280 1769 1305 in
1805 1279 1930 1305 ecclesia
1964 1279 2192 1305 Cathalaunensi

1204 1323 1384 1357 Stephanum
1402 1323 1436 1348 de
1451 1322 1609 1348 Jonnivilla
1635 1325 1778 1355 recipiant
1803 1321 1831 1347 in
1850 1322 2036 1347 canonicum.
2055 1322 2133 1355 (usa.
2149 1322 2192 1349 25.

1205 1379 1230 1397 a.
1251 1370 1448 1401 111.e.127,s.
1474 1372 1539 1396 15⁸1»

1254 1475 1267 1489 «
1285 1487 1305 1492 ..
1320 1461 1485 1503 episcopo,
1504 1459 1630 1491 decano
1641 1466 1671 1489 el
1684 1459 1833 1502 capitulo
1845 1457 2192 1491 Caclzalanaensibus.

1207 1518 1270 1549 Sua
1299 1518 1389 1548 nobis
1405 1518 1590 1558 Stephanus
1613 1517 1651 1547 de
1670 1516 1843 1547 Jminivilla
1856 1516 2031 1546 canonicus
2049 1515 2190 1546 ecclesie

1207 1574 1317 1605 Sancti
1343 1574 1509 1605 Laurentii
1535 1574 1596 1604 loci
1624 1574 1771 1613 ejusdem
1796 1573 1951 1613 petitione
1981 1572 2186 1610 unimstravit,

1205 1631 1288 1673 quod
1302 1640 1373 1661 cuin
1387 1630 1489 1669 vobis,
1505 1630 1557 1660 filii
1576 1630 1698 1661 decane
1715 1633 1747 1660 et
1762 1630 1950 1670 capitulum,
1972 1638 2088 1669 preces
2112 1627 2190 1659 olim

1206 1688 1421 1719 direxerimus
1447 1692 1479 1718 et
1504 1686 1703 1725 mandatum,
1727 1687 1760 1716 ut
1783 1686 1885 1727 ipsum
1913 1685 1951 1716 ob
1975 1684 2192 1715 reverentiam

1206 1744 1300 1776 Sedis
1321 1744 1510 1785 Apostolice
1532 1748 1564 1774 et
1584 1749 1727 1774 nostram
1749 1743 1780 1773 in
1802 1742 1942 1773 ecclesia
1953 1745 2073 1778 vestra,
2087 1741 2118 1771 in
2133 1750 2194 1780 qua

1205 1800 1439 1842 prebendarum
1457 1800 1588 1831 collatio
1604 1799 1643 1830 ad
1664 1809 1733 1837 vos,
1757 1799 1860 1829 frater
1881 1798 2044 1839 episcope,
2070 1797 2193 1828 decane

1206 1861 1240 1889 et
1260 1858 1446 1898 capitulum,
1460 1856 1578 1887 dicitur
1597 1856 1771 1897 pertinere,
1784 1856 1809 1885 si
1826 1855 1864 1885 de
1879 1855 2046 1885 voluntate
2060 1854 2190 1895 majoris

1207 1914 1307 1956 partis
1350 1916 1495 1944 vestrum
1532 1912 1739 1954 procederet,
1770 1911 2028 1942 contradictione
2065 1911 2196 1941 minoris

1206 1971 1307 2012 partis
1334 1971 1436 2000 minus
1462 1969 1647 2000 rationabili
1672 1979 1733 1999 non
1768 1968 1931 2006 obstante,
1954 1967 2147 2008 reciperetis
2167 1967 2198 1997 in

1206 2028 1395 2059 canonicum
1417 2027 1492 2058 etin
1506 2026 1655 2063 fratrem,
1677 2024 1759 2055 etde
1779 2023 1954 2065 prebenda,
1969 2024 2067 2063 siqua
2080 2023 2197 2054 ibidem

1179 2088 1283 2120 ,tunc
1308 2089 1453 2117 vacaret,
1487 2082 1539 2113 vel
1579 2082 1812 2122 quamprimum
1847 2080 1886 2111 ad
1920 2080 1951 2111 id
1990 2080 2128 2110 facultas
2163 2090 2198 2110 se

1206 2139 1353 2177 offerret,
1374 2139 1532 2170 curaretis
1561 2139 1665 2170 eidem
1686 2137 1866 2169 liberaliter
1884 2136 2136 2178 providere,vos
2156 2136 2196 2167 ad

1206 2197 1236 2227 id
1257 2196 1362 2227 surdis
1376 2195 1507 2226 auribus
1526 2197 1746 2230 transeuntes,
1772 2193 1956 2224 mandatum
1984 2193 2195 2234 apostolicum

1180 2286 1181 2291 ,
1206 2265 1263 2296 pro
1282 2257 1392 2284 vestre
1417 2253 1594 2284 voluntatis
1623 2252 1759 2283 arbitrio
1785 2251 1961 2292 adimplere
1992 2251 2194 2291 aliquatenus

1181 2613 1183 2632 1

1181 2638 1183 2656 i

1182 2681 1184 2745 1

167 2758 287 2795 valeas,
311 2758 505 2788 auctoritate
541 2757 599 2788 tibi
620 2759 822 2798 presentium
853 2758 1070 2799 indulgemus,
1099 2768 1156 2789 vo-
1183 2763 1184 2802 ᾗ

164 2814 270 2845 1611165
282 2813 446 2855 predictos
460 2813 721 2844 archidiaconum
741 2815 773 2845 et
793 2815 1030 2845 thesaurarium
1054 2815 1157 2845 teneri
1183 2805 1184 2815 ¹

167 2870 222 2901 tibi
252 2870 337 2901 sicut
364 2871 449 2911 prius
477 2869 514 2900 ad
544 2870 734 2900 solutionem
776 2871 963 2911 pensionum
1002 2871 1156 2912 ipsarum⁷

1208 2321 1268 2341 nou
1295 2311 1448 2347 curastis,
1472 2312 1660 2340 asserentes
1677 2319 1733 2340 vos
1762 2308 1882 2339 habere
1909 2309 2079 2344 statutum,
2112 2307 2193 2347 quod

1208 2368 1370 2399 neminem
1401 2367 1433 2397 in
1466 2372 1579 2397 vestra
1605 2366 1745 2397 ecclesia
1776 2365 1911 2406 potestis
1949 2364 2009 2394 nisi
2042 2363 2198 2404 compulsi

1181 2508 1183 2516 ,
1207 2482 1237 2511 in
1258 2480 1346 2511 dicta
1366 2480 1506 2511 ecclesia
1527 2479 1707 2521 prebendas
1726 2478 1785 2509 sibi
1815 2477 1940 2508 debitas
1962 2477 2083 2508 fuerint
2109 2486 2201 2507 asse—

1208 2538 1285 2575 cuti,
1308 2539 1441 2578 propter
1460 2535 1541 2577 quod
1569 2536 1652 2566 idem
1675 2535 1860 2576 Stephanus
1887 2534 1925 2564 ad
1949 2544 2004 2564 nos
2026 2532 2118 2563 duxit
2140 2533 2201 2563 hu-

1209 2594 1330 2624 militer
1360 2593 1603 2624 recurrendum.
1637 2592 1792 2623 Nolentes
1822 2591 1922 2631 igitur
1951 2589 2034 2630 quod
2065 2589 2104 2620 de
2132 2589 2200 2630 ipso

1208 2650 1384 2691 incepimus
1397 2649 1579 2690 relinquere
1594 2648 1835 2690 imperfectum,
1858 2647 2105 2677 universitatem
2125 2655 2202 2676 ves-

1209 2710 1291 2738 tram
1326 2716 1478 2748 rogamus
1513 2709 1547 2736 et
1577 2706 1744 2736 hortamur
1782 2706 1908 2734 attente
1933 2713 1992 2743 per
2024 2702 2201 2743 apostolica

1210 2764 1330 2805 scripta
1350 2762 1439 2793 vobis
1458 2761 1664 2804 precipiendo
1686 2760 1887 2798 mandantes,
1903 2761 2062 2800 quatenus
2080 2760 2202 2789 statuto

1210 2820 1356 2862 predicto
1381 2829 1581 2860 nequaqnam
1602 2818 1768 2856 obstante,
1794 2818 1897 2858 ipsum
1921 2816 1959 2847 ob
1980 2815 2200 2846 reverentiam

1212 2875 1397 2918 Apostolice
1412 2875 1505 2906 Sedis
1528 2877 1561 2906 et
1582 2876 1725 2906 nostram
1747 2873 1912 2914 recipiatis
1934 2873 2031 2914 juxta
2061 2872 2201 2913 priorum

167 2926 271 2958 donec
291 2926 456 2968 pacificam
489 2926 728 2967 possessionem
761 2926 943 2967 hujusmodi
968 2927 1159 2968 provisionis
1185 2933 1186 2971 1
1213 2933 1251 2964 ad
1273 2943 1328 2964 vos
1349 2932 1546 2964 directarum
1566 2931 1812 2962 continentiam.
1845 2930 1959 2961 Datum
1983 2928 2151 2965 Laterani,
2173 2928 2199 2959 11

170 2983 331 3021 habueris,
350 2985 381 3014 et
404 2984 528 3013 fructus
550 2983 736 3024 perceperis
760 2993 799 3013 ex
826 2983 950 3014 eadem.
981 2983 1065 3014 Nulli
1093 2986 1158 3015 etc.
1185 2992 1187 3031 1
1213 2990 1283 3021 idus
1304 2988 1472 3027 februarii,
1490 2998 1573 3019 auno
1594 2988 1705 3019 tertio,
1730 3000 1743 3015 »
