2477 3512
977 305 1254 347 QUATRIEME
1268 305 1432 340 ANNEE
2199 313 2267 347 823

143 407 182 434 ut
205 403 396 443 premissum
420 406 480 439 est,
505 404 547 434 ad
571 404 736 434 ecclesiam
760 403 901 442 pertinet
925 406 1149 438 memoratam,

143 459 176 486 et
196 457 238 486 ad
258 456 388 487 firmam
409 459 442 486 et
462 457 591 495 plenam
621 457 717 495 hujus
738 456 783 486 rei
803 456 1030 486 certitudinem
1051 465 1088 485 ac
1109 456 1151 485 ad

143 509 309 539 efficacem
334 509 495 539 cautelam
519 512 775 548 perpetuamque
800 509 999 543 memoriam,
1025 517 1152 546 presen-

142 564 191 591 tes
203 562 436 591 testimoniales
449 562 579 601 quidem
591 571 687 600 super
699 562 759 591 hiis
771 562 895 591 litteras
908 562 1011 591 eidem
1023 561 1152 590 ecclesie

144 615 183 644 de
201 615 378 653 apostolica
398 615 603 653 providentia
622 615 822 644 exhibemus.
843 614 1023 644 Statuimus
1042 614 1152 652 itaque

143 667 339 696 auctoritate
364 667 541 705 apostolica
567 669 605 696 ut
630 667 688 696 hec
712 667 819 696 littere
844 667 910 696 vim
936 669 970 696 et
994 667 1092 696 robur
1116 675 1153 695 ac

141 719 286 758 vigorem
309 722 342 749 et
364 720 507 749 valorem
530 720 747 758 legitimarum
771 722 804 748 et
827 719 1059 749 sufficientium
1082 728 1154 757 pro-

143 772 323 805 bationum,
341 781 396 801 seu
412 772 629 810 legitimorum
646 775 679 801 et
689 772 869 801 efficatium
886 772 1153 801 documentorum

142 833 199 862 per
219 825 326 854 omnia
347 834 476 863 prorsus
497 825 677 859 obtineant,
699 825 744 854 ita
766 825 852 863 quod
873 825 912 853 de
933 825 993 853 hac
1012 834 1056 859 re,
1084 827 1154 853 tam

142 877 174 906 in
201 877 322 915 judicio
352 886 450 916 quam
478 880 570 907 extra
598 877 766 915 judicium,
796 877 895 906 etiam
923 877 949 906 si
978 877 1064 906 nulla
1093 877 1154 906 alia

142 929 358 959 instrumenta
392 939 448 959 seu
483 930 679 959 documenta
713 939 809 968 super
842 930 901 959 hoc
935 930 1154 968 apparuerint,

142 982 216 1011 solis
245 982 365 1011 eisdem
394 982 511 1011 litteris
539 982 678 1012 firmiter
705 983 828 1021 absque
858 982 921 1012 ulla
952 982 1155 1012 dubitatione

142 1035 303 1069 credatur,
328 1035 460 1073 ipseque
485 1035 610 1064 cunctis
655 1036 693 1064 de
735 1035 795 1064 hoc
819 1035 1039 1065 omnimodam
1064 1035 1156 1064 certi·

140 1087 289 1117 tudinem
303 1087 462 1121 tribuant,
477 1090 511 1117 et
524 1087 647 1117 faciant
670 1088 797 1126 plenam
812 1088 922 1117 fidem.
945 1088 1032 1117 Nulli
1047 1090 1154 1117 nostre

141 1140 397 1174 asseverationis,
449 1141 673 1170 attestationis
726 1143 758 1170 et
808 1140 1049 1170 constitutionis
1092 1143 1154 1170 etc.

141 1192 218 1222 Dat.
238 1192 385 1227 Viterbii,
406 1192 434 1221 V
454 1193 526 1222 idus
547 1193 749 1232 septembris,
770 1202 855 1222 anno
876 1195 1003 1232 quarto.
1024 1204 1036 1220 ι

219 1388 309 1414 2679
607 1387 748 1420 Viterbe,
763 1388 780 1414 8
794 1387 971 1421 septembre
986 1387 1072 1413 1258.

181 1440 334 1467 Omnibus
359 1440 472 1467 fratres
497 1440 573 1466 novi
598 1440 776 1474 Hospitalis
802 1440 839 1466 de
865 1439 1079 1466 Misericordia
1105 1440 1155 1466 Pi-

138 1480 207 1506 sani
234 1480 464 1513 adiuvantibus
491 1479 663 1514 septimam
694 1481 819 1513 partem
853 1479 1018 1513 iniunctae
1054 1481 1156 1513 poeni—

139 1520 254 1547 tentioe
278 1520 403 1547 relaxat
429 1519 526 1552 (REG.
552 1519 599 1551 25,
626 1519 647 1545 f.
669 1519 725 1545 155
755 1523 801 1551 νο,
823 1526 873 1545 an.
908 1518 960 1551 IV,
990 1526 1015 1545 c.
1046 1519 1128 1552 235.)

180 1633 191 1648 «
205 1622 366 1652 Universis
379 1621 495 1652 Christi
503 1621 661 1660 fidelibus.
675 1622 705 1651 Si
713 1622 807 1660 juxta
817 1621 1064 1651 sententiam—.
1077 1622 1158 1652 Cum

136 1673 235 1712 igitur
256 1674 365 1704 dilecti
385 1674 478 1708 filii„
501 1673 656 1712 magister
677 1676 710 1702 et
744 1673 861 1703 fratres
883 1674 959 1703 novi
979 1674 1158 1713 Hospitalis

139 1726 179 1756 de
205 1726 423 1756 Misericordia
451 1726 570 1760 Pisani,
599 1726 687 1764 quod
716 1735 799 1765 pape
826 1727 1002 1756 Alexandri
1030 1727 1156 1761 dicitur,

137 1779 179 1808 ad
207 1779 267 1808 hoc
294 1779 373 1808 totis
401 1779 526 1808 viribus
563 1779 731 1808 elaborent
758 1781 795 1808 ut
823 1779 966 1818 undique
995 1779 1159 1809 confluen-

136 1831 221 1861 tium
250 1839 423 1870 egenorum
452 1831 574 1870 pariter
602 1833 635 1861 et
663 1839 810 1870 egrorum
840 1832 1086 1862 necessitatibus
1124 1841 1157 1862 se

138 1887 316 1922 exponant,
353 1884 601 1913 universitatem
635 1886 780 1914 vestram
816 1893 985 1914 monemus
1019 1887 1052 1914 et
1086 1886 1158 1914 hor-

138 1939 249 1966 tamur
270 1937 301 1966 in
325 1937 466 1966 Domino
488 1946 525 1966 ac
546 1937 579 1966 in
601 1937 821 1966 remissionem
844 1937 937 1966 vobis
958 1937 1157 1976 injungimus

138 1992 345 2028 peccatorum
390 1990 557 2028 quatinus,
591 1992 628 2018 ut
662 1992 888 2028 cooperatores
920 1990 990 2019 sitis
1023 1999 1155 2029 operum

138 2042 269 2080 pietatis
299 2045 360 2071 etc.
391 2051 515 2081 usque:
547 2042 704 2071 beneficia
743 2042 955 2080 prestiterint,
985 2043 1154 2073 annuatim

137 2095 310 2133 septimam
335 2097 462 2133 partem
486 2095 632 2133 injuncte
657 2095 837 2133 penitentie
862 2096 1055 2129 relaxamus,
1081 2105 1156 2125 auc-

137 2148 272 2177 toritate
289 2148 466 2186 apostolica
484 2150 666 2177 statuentes
685 2150 721 2176 ut
738 2148 799 2177 hiis
825 2148 879 2186 qui
906 2157 1015 2177 eorum
1042 2148 1155 2178 frater-

138 2200 276 2229 nitatem
291 2200 536 2239 assumpserint,
564 2200 589 2229 si
605 2200 736 2230 ecclesie
750 2201 791 2230 ad
807 2210 888 2239 quas
915 2202 1079 2240 pertinent
1092 2204 1154 2231 etc.

137 2253 221 2282 sicut
234 2253 378 2282 informa
393 2253 461 2291 ipsa
476 2253 661 2282 continetur
673 2253 712 2282 de
723 2253 824 2282 verbo
836 2254 876 2282 ad
888 2254 1024 2283 verbum
1037 2263 1153 2292 usque:

139 2305 269 2334 resistit.
317 2306 393 2335 Dat.
429 2305 576 2339 Viterbii,
620 2306 666 2334 VI
709 2306 781 2335 idus
823 2307 1024 2344 septembris,
1068 2316 1153 2336 anno

139 2360 267 2396 quarto.
299 2370 310 2384 »

218 2555 309 2581 2680
628 2556 767 2588 Viterbe,
789 2557 806 2583 6
828 2558 955 2584 octobre
979 2558 1066 2584 1258,

180 2608 409 2634 Archidiacono
444 2608 648 2634 Dunelmensi
681 2609 813 2635 mandat
847 2611 881 2635 ut
916 2610 1078 2636 ecclesiam
1114 2611 1151 2637 de

139 2647 513 2679 Cliftone‚1<arleolensis
535 2648 675 2679 diocesis,
701 2656 807 2675 curam
834 2649 1009 2675 animarum
1035 2650 1152 2676 haben-

138 2688 214 2718 tem,
241 2695 258 2713 a
284 2687 429 2714 Johanne
456 2688 492 2713 <le
519 2687 740 2721 Thychemers,
767 2688 899 2715 diacono
927 2689 1152 2716 Lincolniensis

139 2726 279 2758 diocesis,
295 2727 349 2760 qui
365 2734 433 2753 eam
455 2727 572 2760 absque
593 2727 680 2753 Sedis
699 2728 898 2761 Apostolicae
918 2729 1152 2762 dispensatione

139 2768 309 2799 receperat,
340 2767 437 2793 libere
468 2767 669 2798 resignatam,
702 2768 802 2794 eidem
835 2768 977 2800 diacono,
1010 2769 1151 2795 satisfac-

138 2805 226 2832 tione
254 2806 292 2832 de
320 2806 476 2833 fructibus
504 2806 608 2833 medio
636 2808 778 2840 tempore
807 2808 961 2841 perceptis
990 2809 1151 2841 poeniten-

138 2844 247 2878 tiaque
264 2845 430 2879 impositis,
448 2846 473 2871 si
491 2846 528 2872 de
544 2846 719 2872 idoneitate
735 2854 790 2873 sua
808 2848 995 2878 constiterit,
1014 2848 1051 2874 de
1068 2855 1150 2874 novo

139 2884 286 2917 assignet,
305 2885 515 2919 dispensando
533 2887 578 2916 ut,
596 2893 657 2912 non
676 2886 823 2912 obstante
841 2886 964 2913 defectu
982 2888 1149 2919 natalium,

140 2924 238 2957 possit
266 2924 297 2950 in
326 2925 478 2959 susceptis
505 2925 682 2952 ministrare
711 2926 883 2958 ordinibus,
904 2927 1081 2960 promoveri
1110 2927 1149 2953 ad

139 2963 359 2995 sacerdotium,
385 2966 417 2990 et
442 2964 561 2991 dictam
586 2965 747 2991 ecclesiam
771 2965 857 2992 licite
882 2966 1024 2992 retinere.
1051 2967 1149 2999 (Bm.

139 3001 188 3034 25,
212 3002 233 3028 f.
260 3003 315 3029 155
340 3007 385 3035 v0,
411 3011 459 3030 an.
488 3004 539 3035 IV,
564 3011 589 3030 c.
615 3004 696 3037 236.)

1300 415 1345 438 «..‚
1354 405 1570 435 archidiacono
1577 405 1792 435 Dunelmensi.
1802 406 1946 436 Dilectus
1956 407 2041 437 filius
2051 408 2267 439 Johannes—.

1260 456 1336 486 Dat.
1354 457 1500 486 Viterbii.
1522 458 1551 487 II
1570 467 1670 488 nonas
1687 459 1838 493 octobris,
1856 468 1941 489 anno
1959 463 2086 499 quarto.
2103 472 2115 488 n

1341 648 1421 673 2681
1760 650 1897 681 Viterbe,
1919 650 1956 677 23
1976 650 2080 683 juillet
2102 652 2189 678 1257.

1303 700 1460 734 Episcopo
1487 701 1705 727 Aurelianensi
1731 704 1762 728 et
1790 703 1907 729 decano
1935 711 1970 729 ac
1998 704 2136 737 capitulo
2164 705 2193 731 S.
2222 705 2272 731 Li—

1263 739 1345 766 fardi
1375 741 1607 773 Magdunensis,
1638 741 1871 768 Aurelianensis
1901 743 2042 774 diocesiS‚
2073 745 2206 770 mandat
2236 746 2270 771 ut

1264 779 1442 806 ,Iohannem
1475 780 1595 806 dictum
1628 780 1748 812 Polam,
1781 781 1926 807 clericum
1958 783 2098 815 ejusdem
2130 784 2271 816 diocesis,

1263 819 1317 851 qui
1333 819 1423 846 electi
1439 819 1629 851 Vulterrani‚
1646 821 1712 846 tam
1729 820 1760 846 in
1776 820 1889 847 Tuscia
1905 828 2000 854 quam
2017 822 2103 854 alibi,
2119 823 2150 850 in
2167 823 2272 850 Eccle-

1263 858 1326 884 siae
1347 859 1510 885 Romanae
1530 859 1666 892 negociis
1687 859 1828 893 pluribus
1849 861 1938 887 annis
1959 861 2116 895 obsequiis
2137 862 2272 889 fideliter

1263 898 1423 924 institerat
1445 899 1476 924 in
1499 898 1684 925 canonicum
1716 901 1748 925 et
1778 899 1809 925 in
1838 899 1967 926 fratrem
1998 902 2152 935 recipiant
2182 902 2272 935 eique

1264 938 1391 964 stallam
1414 938 1445 964 in
1468 938 1562 964 choro
1586 939 1616 964 et
1639 938 1741 965 locum
1764 939 1795 964 in
1819 939 1958 972 capitulo
1982 947 2051 966 cum
2075 941 2271 974 plenitudine

1261 977 1339 1010 juris
1361 977 1502 1003 canonici
1524 977 1693 1010 assignent,
1705 978 1924 1012 praecipiendo
1947 979 2047 1005 eidem
2070 981 2214 1014 episcopo
2237 982 2272 1007 ut

1263 1017 1348 1043 dicto
1371 1017 1509 1043 ¹Iohanni
1532 1017 1671 1050 aliquam
1694 1018 1906 1051 praebendam
1930 1019 2079 1045 conferat.
2103 1020 2200 1053 (Rae.
2223 1020 2271 1052 25,

1262 1056 1283 1081 f.
1310 1056 1377 1087 156,
1402 1064 1451 1082 an.
1480 1057 1531 1089 IV,
1556 1064 1581 1083 c.
1606 1057 1688 1089 237.)

1323 1170 1368 1193 «..,
1403 1160 1545 1198 episcopo
1591 1160 1814 1190 Aurelianensi
1848 1162 1906 1195 el..‚
1941 1161 2054 1190 decano
2067 1164 2093 1191 el
2138 1162 2273 1201 capitulo

1262 1211 1370 1241 Sancti
1385 1212 1511 1250 Lisardi
1524 1213 1762 1242 Maudunensis
1780 1213 1862 1251 (sic),
1878 1214 2273 1254 Aurelianensisssdiocesis.

1262 1265 1322 1293 Per
1341 1265 1512 1294 laudabilis
1532 1266 1785 1295 conversationis
1804 1283 1855 1295 -—.
1876 1267 1953 1295 Dat.
1973 1267 2120 1302 Viterbii,
2158 1268 2189 1297 X
2209 1268 2272 1298 kal.

1262 1318 1401 1356 augusti,
1429 1327 1514 1347 anno
1540 1318 1648 1347 tertio.
1676 1330 1687 1345 »

1345 1521 1433 1547 2682
1718 1523 1857 1555 Viterbe,
1877 1523 1892 1549 7
1911 1524 2087 1557 septembre
2106 1524 2192 1551 1258.

1305 1574 1548 1608 Archiepiscopo
1587 1575 1734 1601 Remensi
1772 1575 1908 1602 faciendi
1945 1577 2041 1610 recipi
2078 1577 2108 1603 in
2146 1577 2274 1603 ecclesia

1266 1614 1415 1640 Remensi
1437 1615 1514 1640 duos
1537 1614 1663 1641 clericos
1685 1622 1763 1648 quos
1785 1616 1825 1641 ad
1847 1615 1905 1642 hoc
1926 1616 2054 1642 idoneos
2076 1624 2141 1642 esse
2162 1623 2274 1650 cogno—

1266 1653 1347 1679 verit
1374 1654 1405 1679 in
1432 1654 1597 1680 canonicos
1624 1656 1655 1681 et
1682 1655 1713 1681 in
1740 1655 1862 1687 tratres,
1890 1663 1927 1682 ac
1952 1656 2139 1689 providendi
2166 1663 2273 1683 eorum

1266 1693 1393 1726 utrique
1417 1693 1454 1719 de
1476 1694 1666 1727 praebenda,
1689 1702 1810 1721 necnon
1834 1695 2080 1722 contradictores
2103 1703 2195 1729 super
2216 1696 2275 1722 hoc

1265 1740 1320 1766 per
1358 1740 1521 1759 censuram
1560 1734 1813 1766 ecclesiasticam,
1853 1735 2065 1769 appellatione
2104 1735 2275 1769 posposita,

1267 1773 1495 1806 compescendi,
1518 1774 1661 1800 concedit
1682 1774 1878 1800 facultatem.
1901 1775 1998 1807 (ΒΕΘ.
2020 1775 2068 1806 25,
2089 1775 2110 1800 f.
2134 1775 2200 1807 156,
2223 1782 2273 1802 an.

1269 1812 1321 1843 IV,
1362 1820 1387 1838 c.
1430 1812 1511 1845 238.)

1307 1926 1318 1941 «
1334 1938 1363 1949 ..‚
1377 1916 1607 1955 archiepiscopo
1618 1917 1775 1946 Remensi.
1787 1917 1891 1946 Tuam
1902 1918 2047 1948 volentes
2059 1920 2214 1950 honorare
2223 1937 2276 1950 —.

1265 1968 1341 1997 Dat.
1374 1968 1520 2003 Viterbii,
1552 1969 1617 1998 VII
1649 1969 1720 1998 idus
1752 1971 1953 2008 septembris,
1986 1980 2071 2001 anno
2103 1975 2230 2011 quarto.
2262 1984 2275 2000 n

1343 2199 1431 2225 2683
1787 2202 1925 2234 Viterbe,
1946 2202 1983 2229 27
2004 2204 2082 2230 avril
2104 2204 2190 2230 1258.

1304 2252 1412 2279 Electo
1430 2253 1581 2280 Toletano
1599 2255 1729 2281 mandat
1748 2256 1783 2280 ut
1800 2255 1938 2281 Arnaldo
1957 2256 1993 2281 de
2011 2256 2142 2287 Devesa,
2160 2256 2270 2283 clerico

1263 2291 1292 2317 S.
1318 2292 1429 2318 Felicis
1453 2293 1673 2326 Gerundensis,
1698 2295 1870 2327 quamdam
1894 2295 1925 2321 in
1949 2295 2077 2322 ecclesia
2101 2296 2271 2322 Conchensi

1262 2332 1475 2405 Eragggl3dam
1492 2334 1659 2359 vacantem
1677 2334 1828 2360 conferat.
1845 2335 1942 2367 (REG.
1961 2335 2008 2366 25,
2025 2335 2046 2361 f.
2065 2336 2131 2367 156,
2149 2343 2198 2362 an.
2219 2336 2270 2368 IV,

1302 2486 1347 2507 «..‚
1360 2474 1448 2504 electo
1463 2475 1618 2505 Toletano.
1631 2476 1718 2505 Circa
1740 2477 1892 2506 dilectum
1913 2477 2015 2507 filium
2035 2478 2212 2508 Arnaldum
2233 2479 2271 2508 de

1260 2527 1397 2561 Devesa,
1431 2537 1605 2566 pauperem
1639 2529 1788 2559 clericum
1821 2530 1970 2559 secularis
2002 2531 2130 2560 ecclesie
2163 2532 2271 2561 Sancti

1260 2580 1372 2609 Felicis
1402 2581 1628 2615 Gerundensis,
1658 2582 1794 2611 obtentu
1825 2583 1931 2611 dilecti
1960 2583 2018 2612 filii
2047 2583 2154 2613 fratris
2184 2585 2271 2622 Ray-

1259 2634 1371 2662 mundi
1391 2634 1429 2663 de
1460 2634 1658 2668 Pennasorti,
1684 2635 1901 2673 penitentiarii
1925 2638 1958 2665 et
1985 2636 2140 2674 capellani
2158 2637 2270 2672 nostri,

1259 2695 1316 2724 pro
1348 2696 1384 2716 eo
1416 2687 1509 2725 digne
1540 2687 1679 2725 gerimus
1710 2690 1843 2726 paterne
1874 2689 2082 2726 benignitatis
2113 2688 2267 2719 affectum

1259 2739 1333 2777 quia
1361 2740 1398 2769 de
1424 2740 1565 2769 honestis
1586 2740 1653 2769 vita
1673 2743 1705 2769 et
1725 2741 1867 2770 moribus
1886 2750 1923 2770 ac
1942 2741 2073 2770 scientia
2094 2741 2267 2779 plurimum

1258 2793 1514 2821 commendatur.
1556 2793 1637 2821 Sane
1677 2793 1761 2822 idem
1801 2794 1932 2823 clericus
1971 2794 2121 2831 exposuit
2160 2804 2267 2824 eoram

1258 2845 1350 2874 nobis
1362 2846 1447 2883 quod
1468 2846 1498 2874 in
1511 2845 1640 2874 ecclesia
1660 2845 2045 2884 Conchensiprebendam
2056 2856 2154 2885 quam
2166 2856 2268 2886 quon-

1258 2898 1332 2927 dam
1350 2898 1459 2936 Lupus
1477 2898 1562 2927 Petri
1574 2898 1745 2927 canonicus
1762 2898 1870 2936 ipsius,
1882 2899 1913 2927 in
1933 2908 1968 2928 ea
1980 2899 2122 2937 optinuit
2133 2900 2171 2929 de.
2182 2900 2270 2930 facto

1256 2952 1288 2979 et
1309 2950 1347 2979 de
1365 2951 1435 2989 jure
1456 2953 1548 2979 tanto
1569 2953 1711 2989 tempore
1730 2951 1797 2989 jam
1817 2951 1958 2986 vacavit,
1979 2955 2016 2981 ut
2036 2952 2118 2981 illius
2138 2953 2267 2982 collatio

1256 3004 1431 3033 secundum
1454 3006 1578 3033 statuta
1600 3003 1825 3033 Lateranensis
1846 3004 1969 3033 concilii
1991 3005 2031 3034 sit
2053 3005 2094 3034 ad
2116 3015 2172 3034 nos
2194 3006 2268 3044 legi-
