<?xml version="1.0" encoding="UTF-8"?>
<!DOCTYPE html PUBLIC "-//W3C//DTD XHTML 1.0 Transitional//EN"
    "http://www.w3.org/TR/xhtml1/DTD/xhtml1-transitional.dtd">
<html xmlns="http://www.w3.org/1999/xhtml" xml:lang="en" lang="en">
 <head>
  <title>
</title>
<meta http-equiv="Content-Type" content="text/html;charset=utf-8" />
  <meta name='ocr-system' content='tesseract 3.04.00' />
  <meta name='ocr-capabilities' content='ocr_page ocr_carea ocr_par ocr_line ocrx_word'/>
</head>
<body>
  <div class='ocr_page' id='page_1' title='image "./lesregistresdegr02cathuoft_0162.png"; bbox 0 0 2477 3512; ppageno 0'>
   <div class='ocr_carea' id='block_1_1' title="bbox 290 281 353 312">
    <p class='ocr_par' dir='ltr' id='par_1_1' title="bbox 290 281 353 312">
     <span class='ocr_line' id='line_1_1' title="bbox 290 281 353 312; baseline -0.016 0"><span class='ocrx_word' id='word_1_1' title='bbox 290 281 353 312; x_wconf 63' lang='lat'><strong>632</strong></span> 
     </span>
    </p>
   </div>
   <div class='ocr_carea' id='block_1_2' title="bbox 291 357 305 373">
    <p class='ocr_par' dir='ltr' id='par_1_2' title="bbox 291 357 305 373">
     <span class='ocr_line' id='line_1_2' title="bbox 291 357 305 373; baseline 0 0"><span class='ocrx_word' id='word_1_2' title='bbox 291 357 305 373; x_wconf 79' lang='lat'>«</span> 
     </span>
    </p>
   </div>
   <div class='ocr_carea' id='block_1_3' title="bbox 290 416 303 429">
    <p class='ocr_par' dir='ltr' id='par_1_3' title="bbox 290 416 303 429">
     <span class='ocr_line' id='line_1_3' title="bbox 290 416 303 429; baseline -0.154 0"><span class='ocrx_word' id='word_1_3' title='bbox 290 416 303 429; x_wconf 96' lang='grc'><strong>(4</strong></span> 
     </span>
    </p>
   </div>
   <div class='ocr_carea' id='block_1_4' title="bbox 289 471 302 484">
    <p class='ocr_par' dir='ltr' id='par_1_4' title="bbox 289 471 302 484">
     <span class='ocr_line' id='line_1_4' title="bbox 289 471 302 484; baseline 0 0"><span class='ocrx_word' id='word_1_4' title='bbox 289 471 302 484; x_wconf 84' lang='grc'><strong>(4</strong></span> 
     </span>
    </p>
   </div>
   <div class='ocr_carea' id='block_1_5' title="bbox 290 527 301 539">
    <p class='ocr_par' dir='ltr' id='par_1_5' title="bbox 290 527 301 539">
     <span class='ocr_line' id='line_1_5' title="bbox 290 527 301 539; baseline -0.091 0"><span class='ocrx_word' id='word_1_5' title='bbox 290 527 301 539; x_wconf 80' lang='grc' dir='ltr'><strong>(ι</strong></span> 
     </span>
    </p>
   </div>
   <div class='ocr_carea' id='block_1_6' title="bbox 289 584 302 597">
    <p class='ocr_par' dir='ltr' id='par_1_6' title="bbox 289 584 302 597">
     <span class='ocr_line' id='line_1_6' title="bbox 289 584 302 597; baseline 0.154 -2"><span class='ocrx_word' id='word_1_6' title='bbox 289 584 302 597; x_wconf 77' lang='grc' dir='ltr'><strong>Ι(</strong></span> 
     </span>
    </p>
   </div>
   <div class='ocr_carea' id='block_1_7' title="bbox 287 639 301 653">
    <p class='ocr_par' dir='ltr' id='par_1_7' title="bbox 287 639 301 653">
     <span class='ocr_line' id='line_1_7' title="bbox 287 639 301 653; baseline -0.071 0"><span class='ocrx_word' id='word_1_7' title='bbox 287 639 301 653; x_wconf 79' lang='grc'><strong>(4</strong></span> 
     </span>
    </p>
   </div>
   <div class='ocr_carea' id='block_1_8' title="bbox 288 696 302 709">
    <p class='ocr_par' dir='ltr' id='par_1_8' title="bbox 288 696 302 709">
     <span class='ocr_line' id='line_1_8' title="bbox 288 696 302 709; baseline -0.071 0"><span class='ocrx_word' id='word_1_8' title='bbox 288 696 302 709; x_wconf 75' lang='grc'><strong>(4</strong></span> 
     </span>
    </p>
   </div>
   <div class='ocr_carea' id='block_1_9' title="bbox 288 752 302 765">
    <p class='ocr_par' dir='ltr' id='par_1_9' title="bbox 288 752 302 765">
     <span class='ocr_line' id='line_1_9' title="bbox 288 752 302 765; baseline 0 0"><span class='ocrx_word' id='word_1_9' title='bbox 288 752 302 765; x_wconf 90' lang='grc'><strong>44</strong></span> 
     </span>
    </p>
   </div>
   <div class='ocr_carea' id='block_1_10' title="bbox 288 808 302 822">
    <p class='ocr_par' dir='ltr' id='par_1_10' title="bbox 288 808 302 822">
     <span class='ocr_line' id='line_1_10' title="bbox 288 808 302 822; baseline 0 0"><span class='ocrx_word' id='word_1_10' title='bbox 288 808 302 822; x_wconf 50' lang='lat' dir='ltr'><strong>(t</strong></span> 
     </span>
    </p>
   </div>
   <div class='ocr_carea' id='block_1_11' title="bbox 287 865 300 878">
    <p class='ocr_par' dir='ltr' id='par_1_11' title="bbox 287 865 300 878">
     <span class='ocr_line' id='line_1_11' title="bbox 287 865 300 878; baseline -0.077 0"><span class='ocrx_word' id='word_1_11' title='bbox 287 865 300 878; x_wconf 80' lang='grc'><strong>4(</strong></span> 
     </span>
    </p>
   </div>
   <div class='ocr_carea' id='block_1_12' title="bbox 288 923 300 935">
    <p class='ocr_par' dir='ltr' id='par_1_12' title="bbox 288 923 300 935">
     <span class='ocr_line' id='line_1_12' title="bbox 288 923 300 935; baseline -0.083 0"><span class='ocrx_word' id='word_1_12' title='bbox 288 923 300 935; x_wconf 76' lang='grc'><strong>44</strong></span> 
     </span>
    </p>
   </div>
   <div class='ocr_carea' id='block_1_13' title="bbox 287 978 301 992">
    <p class='ocr_par' dir='ltr' id='par_1_13' title="bbox 287 978 301 992">
     <span class='ocr_line' id='line_1_13' title="bbox 287 978 301 992; baseline -0.071 0"><span class='ocrx_word' id='word_1_13' title='bbox 287 978 301 992; x_wconf 80' lang='grc'><strong>(4</strong></span> 
     </span>
    </p>
   </div>
   <div class='ocr_carea' id='block_1_14' title="bbox 287 1034 300 1049">
    <p class='ocr_par' dir='ltr' id='par_1_14' title="bbox 287 1034 300 1049">
     <span class='ocr_line' id='line_1_14' title="bbox 287 1034 300 1049; baseline -0.154 0"><span class='ocrx_word' id='word_1_14' title='bbox 287 1034 300 1049; x_wconf 75' lang='grc'><strong>4(</strong></span> 
     </span>
    </p>
   </div>
   <div class='ocr_carea' id='block_1_15' title="bbox 286 1091 299 1105">
    <p class='ocr_par' dir='ltr' id='par_1_15' title="bbox 286 1091 299 1105">
     <span class='ocr_line' id='line_1_15' title="bbox 286 1091 299 1105; baseline -0.077 0"><span class='ocrx_word' id='word_1_15' title='bbox 286 1091 299 1105; x_wconf 80' lang='grc'><strong>(4</strong></span> 
     </span>
    </p>
   </div>
   <div class='ocr_carea' id='block_1_16' title="bbox 287 1147 301 1162">
    <p class='ocr_par' dir='ltr' id='par_1_16' title="bbox 287 1147 301 1162">
     <span class='ocr_line' id='line_1_16' title="bbox 287 1147 301 1162; baseline -0.071 0"><span class='ocrx_word' id='word_1_16' title='bbox 287 1147 301 1162; x_wconf 64' lang='grc'><strong>(4</strong></span> 
     </span>
    </p>
   </div>
   <div class='ocr_carea' id='block_1_17' title="bbox 284 1204 299 1217">
    <p class='ocr_par' dir='ltr' id='par_1_17' title="bbox 284 1204 299 1217">
     <span class='ocr_line' id='line_1_17' title="bbox 284 1204 299 1217; baseline 0 0"><span class='ocrx_word' id='word_1_17' title='bbox 284 1204 299 1217; x_wconf 74' lang='grc'><strong>(4</strong></span> 
     </span>
    </p>
   </div>
   <div class='ocr_carea' id='block_1_18' title="bbox 286 1261 299 1274">
    <p class='ocr_par' dir='ltr' id='par_1_18' title="bbox 286 1261 299 1274">
     <span class='ocr_line' id='line_1_18' title="bbox 286 1261 299 1274; baseline 0.077 -1"><span class='ocrx_word' id='word_1_18' title='bbox 286 1261 299 1274; x_wconf 73' lang='grc'><strong>44</strong></span> 
     </span>
    </p>
   </div>
   <div class='ocr_carea' id='block_1_19' title="bbox 285 1317 298 1330">
    <p class='ocr_par' dir='ltr' id='par_1_19' title="bbox 285 1317 298 1330">
     <span class='ocr_line' id='line_1_19' title="bbox 285 1317 298 1330; baseline 0 0"><span class='ocrx_word' id='word_1_19' title='bbox 285 1317 298 1330; x_wconf 80' lang='grc'><strong>(4</strong></span> 
     </span>
    </p>
   </div>
   <div class='ocr_carea' id='block_1_20' title="bbox 285 1372 299 1385">
    <p class='ocr_par' dir='ltr' id='par_1_20' title="bbox 285 1372 299 1385">
     <span class='ocr_line' id='line_1_20' title="bbox 285 1372 299 1385; baseline 0 0"><span class='ocrx_word' id='word_1_20' title='bbox 285 1372 299 1385; x_wconf 82' lang='grc'><strong>4(</strong></span> 
     </span>
    </p>
   </div>
   <div class='ocr_carea' id='block_1_21' title="bbox 1115 332 1302 382">
    <p class='ocr_par' dir='ltr' id='par_1_21' title="bbox 1115 332 1302 382">
     <span class='ocr_line' id='line_1_21' title="bbox 1115 332 1302 382; baseline 0.005 -11"><span class='ocrx_word' id='word_1_21' title='bbox 1115 350 1272 382; x_wconf 80' lang='lat' dir='ltr'><strong>procura·</strong></span> <span class='ocrx_word' id='word_1_22' title='bbox 1298 332 1302 356; x_wconf 58' lang='lat'><strong>‘¹</strong></span> 
     </span>
    </p>
   </div>
   <div class='ocr_carea' id='block_1_22' title="bbox 814 340 1300 391">
    <p class='ocr_par' dir='ltr' id='par_1_22' title="bbox 814 340 1300 391">
     <span class='ocr_line' id='line_1_22' title="bbox 814 340 1300 391; baseline -0.004 -20"><span class='ocrx_word' id='word_1_23' title='bbox 814 340 1066 381; x_wconf 73' lang='lat' dir='ltr'><strong>correptionem„</strong></span> <span class='ocrx_word' id='word_1_24' title='bbox 1298 375 1300 391; x_wconf 61' lang='grc' dir='ltr'>Ι</span> 
     </span>
    </p>
   </div>
   <div class='ocr_carea' id='block_1_23' title="bbox 325 341 1303 1966">
    <p class='ocr_par' dir='ltr' id='par_1_23' title="bbox 325 341 1303 1966">
     <span class='ocr_line' id='line_1_23' title="bbox 333 341 757 375; baseline -0.012 0"><span class='ocrx_word' id='word_1_25' title='bbox 333 344 476 375; x_wconf 67' lang='lat' dir='ltr'><strong>nasterio</strong></span> <span class='ocrx_word' id='word_1_26' title='bbox 528 341 757 374; x_wconf 74' lang='lat' dir='ltr'><strong>visitationem,</strong></span> 
     </span>
     <span class='ocr_line' id='line_1_24' title="bbox 333 396 1274 437; baseline -0.003 -6"><span class='ocrx_word' id='word_1_27' title='bbox 333 401 451 432; x_wconf 86' lang='lat' dir='ltr'><strong>tionem</strong></span> <span class='ocrx_word' id='word_1_28' title='bbox 484 408 608 429; x_wconf 78' lang='lat' dir='ltr'>necnon</span> <span class='ocrx_word' id='word_1_29' title='bbox 639 397 700 428; x_wconf 88' lang='lat' dir='ltr'><strong>alia</strong></span> <span class='ocrx_word' id='word_1_30' title='bbox 737 396 813 437; x_wconf 82' lang='lat' dir='ltr'><strong>jura</strong></span> <span class='ocrx_word' id='word_1_31' title='bbox 851 396 1047 437; x_wconf 83' lang='lat' dir='ltr'><strong>episcopalia</strong></span> <span class='ocrx_word' id='word_1_32' title='bbox 1079 406 1115 428; x_wconf 87' lang='lat' dir='ltr'><strong>se</strong></span> <span class='ocrx_word' id='word_1_33' title='bbox 1146 397 1274 428; x_wconf 86' lang='lat' dir='ltr'><strong>habere</strong></span> 
     </span>
     <span class='ocr_line' id='line_1_25' title="bbox 331 452 1268 489; baseline -0.002 -2"><span class='ocrx_word' id='word_1_34' title='bbox 331 457 469 489; x_wconf 83' lang='lat' dir='ltr'><strong>dicebat.</strong></span> <span class='ocrx_word' id='word_1_35' title='bbox 501 454 617 485; x_wconf 77' lang='lat' dir='ltr'><strong>abbate</strong></span> <span class='ocrx_word' id='word_1_36' title='bbox 644 456 676 484; x_wconf 86' lang='lat' dir='ltr'><strong>et</strong></span> <span class='ocrx_word' id='word_1_37' title='bbox 703 455 864 484; x_wconf 77' lang='lat' dir='ltr'><strong>conventu</strong></span> <span class='ocrx_word' id='word_1_38' title='bbox 893 453 1016 484; x_wconf 83' lang='lat' dir='ltr'><strong>eisdem</strong></span> <span class='ocrx_word' id='word_1_39' title='bbox 1049 452 1268 485; x_wconf 79' lang='lat' dir='ltr'><strong>inficiantibus</strong></span> 
     </span>
     <span class='ocr_line' id='line_1_26' title="bbox 331 508 1299 551; baseline -0.002 -9"><span class='ocrx_word' id='word_1_40' title='bbox 331 512 438 542; x_wconf 84' lang='lat' dir='ltr'><strong>onmia</strong></span> <span class='ocrx_word' id='word_1_41' title='bbox 474 510 658 551; x_wconf 81' lang='lat' dir='ltr'><strong>supradicta</strong></span> <span class='ocrx_word' id='word_1_42' title='bbox 694 509 780 540; x_wconf 84' lang='lat' dir='ltr'><strong>dicto</strong></span> <span class='ocrx_word' id='word_1_43' title='bbox 810 510 974 550; x_wconf 86' lang='lat' dir='ltr'><strong>episcopo.</strong></span> <span class='ocrx_word' id='word_1_44' title='bbox 1012 508 1090 540; x_wconf 83' lang='lat' dir='ltr'><strong>Cum</strong></span> <span class='ocrx_word' id='word_1_45' title='bbox 1124 509 1271 540; x_wconf 86' lang='lat' dir='ltr'><strong>dominus</strong></span> <span class='ocrx_word' id='word_1_46' title='bbox 1298 538 1299 551; x_wconf 51' lang='lat'><strong>,</strong></span> 
     </span>
     <span class='ocr_line' id='line_1_27' title="bbox 331 553 1299 610; baseline -0.002 -11"><span class='ocrx_word' id='word_1_47' title='bbox 331 578 410 610; x_wconf 86' lang='lat' dir='ltr'><strong>papa</strong></span> <span class='ocrx_word' id='word_1_48' title='bbox 432 567 606 598; x_wconf 84' lang='lat' dir='ltr'><strong>venerabili</strong></span> <span class='ocrx_word' id='word_1_49' title='bbox 627 566 709 607; x_wconf 91' lang='lat' dir='ltr'><strong>patri</strong></span> <span class='ocrx_word' id='word_1_50' title='bbox 730 565 857 596; x_wconf 83' lang='lat' dir='ltr'><strong>domiuo</strong></span> <span class='ocrx_word' id='word_1_51' title='bbox 886 566 916 596; x_wconf 91' lang='lat' dir='ltr'><strong>J.</strong></span> <span class='ocrx_word' id='word_1_52' title='bbox 945 565 1031 596; x_wconf 90' lang='lat' dir='ltr'><strong>tituli</strong></span> <span class='ocrx_word' id='word_1_53' title='bbox 1057 566 1167 597; x_wconf 78' lang='lat' dir='ltr'>Sancti</span> <span class='ocrx_word' id='word_1_54' title='bbox 1191 567 1272 598; x_wconf 90' lang='lat' dir='ltr'><strong>Lau·</strong></span> <span class='ocrx_word' id='word_1_55' title='bbox 1298 553 1299 573; x_wconf 31' lang='grc' dir='ltr'>ἰ</span> 
     </span>
     <span class='ocr_line' id='line_1_28' title="bbox 330 621 1300 664; baseline -0.002 -9"><span class='ocrx_word' id='word_1_56' title='bbox 330 625 425 656; x_wconf 90' lang='lat' dir='ltr'><strong>rentii</strong></span> <span class='ocrx_word' id='word_1_57' title='bbox 445 624 476 654; x_wconf 92' lang='lat' dir='ltr'><strong>iu</strong></span> <span class='ocrx_word' id='word_1_58' title='bbox 499 623 618 654; x_wconf 80' lang='lat' dir='ltr'><strong>Lucina</strong></span> <span class='ocrx_word' id='word_1_59' title='bbox 639 622 819 664; x_wconf 75' lang='lat' dir='ltr'>presbitero</span> <span class='ocrx_word' id='word_1_60' title='bbox 838 621 992 653; x_wconf 79' lang='lat' dir='ltr'>cardinali</span> <span class='ocrx_word' id='word_1_61' title='bbox 1011 632 1143 653; x_wconf 83' lang='lat' dir='ltr'><strong>causam</strong></span> <span class='ocrx_word' id='word_1_62' title='bbox 1159 622 1274 664; x_wconf 86' lang='lat' dir='ltr'><strong>hujus-</strong></span> <span class='ocrx_word' id='word_1_63' title='bbox 1299 639 1300 642; x_wconf 67' lang='lat'><em>=</em></span> 
     </span>
     <span class='ocr_line' id='line_1_29' title="bbox 331 678 1274 720; baseline -0.001 -9"><span class='ocrx_word' id='word_1_64' title='bbox 331 681 415 711; x_wconf 87' lang='lat' dir='ltr'><strong>modi</strong></span> <span class='ocrx_word' id='word_1_65' title='bbox 429 680 550 720; x_wconf 59' lang='lat' dir='ltr'><strong>commi}</strong></span> <span class='ocrx_word' id='word_1_66' title='bbox 563 678 685 720; x_wconf 71' lang='lat' dir='ltr'><strong>silsset,</strong></span> <span class='ocrx_word' id='word_1_67' title='bbox 702 678 817 710; x_wconf 87' lang='lat' dir='ltr'><strong>deinde</strong></span> <span class='ocrx_word' id='word_1_68' title='bbox 833 678 917 709; x_wconf 90' lang='lat' dir='ltr'><strong>idem</strong></span> <span class='ocrx_word' id='word_1_69' title='bbox 931 678 1077 710; x_wconf 81' lang='lat' dir='ltr'><strong>dominus</strong></span> <span class='ocrx_word' id='word_1_70' title='bbox 1091 679 1131 710; x_wconf 84' lang='lat' dir='ltr'><strong>ad</strong></span> <span class='ocrx_word' id='word_1_71' title='bbox 1152 679 1274 720; x_wconf 88' lang='lat' dir='ltr'><strong>suppli-</strong></span> 
     </span>
     <span class='ocr_line' id='line_1_30' title="bbox 330 734 1274 777; baseline -0.001 -9"><span class='ocrx_word' id='word_1_72' title='bbox 330 738 491 768; x_wconf 88' lang='lat' dir='ltr'><strong>cationem</strong></span> <span class='ocrx_word' id='word_1_73' title='bbox 505 736 643 777; x_wconf 89' lang='lat' dir='ltr'><strong>partium</strong></span> <span class='ocrx_word' id='word_1_74' title='bbox 659 734 838 772; x_wconf 89' lang='lat' dir='ltr'><strong>ordinandi,</strong></span> <span class='ocrx_word' id='word_1_75' title='bbox 853 734 1068 766; x_wconf 79' lang='lat' dir='ltr'><strong>statuendi&#39;ac</strong></span> <span class='ocrx_word' id='word_1_76' title='bbox 1085 734 1274 777; x_wconf 88' lang='lat' dir='ltr'><strong>disponendi</strong></span> 
     </span>
     <span class='ocr_line' id='line_1_31' title="bbox 330 792 1273 834; baseline -0.001 -10"><span class='ocrx_word' id='word_1_77' title='bbox 330 795 414 825; x_wconf 89' lang='lat' dir='ltr'><strong>inter</strong></span> <span class='ocrx_word' id='word_1_78' title='bbox 439 799 549 834; x_wconf 73' lang='lat' dir='ltr'><strong>partes</strong></span> <span class='ocrx_word' id='word_1_79' title='bbox 573 792 705 823; x_wconf 82' lang='lat' dir='ltr'><strong>easdem</strong></span> <span class='ocrx_word' id='word_1_80' title='bbox 732 801 830 832; x_wconf 88' lang='lat' dir='ltr'><strong>super</strong></span> <span class='ocrx_word' id='word_1_81' title='bbox 855 792 1032 832; x_wconf 87' lang='lat' dir='ltr'><strong>premissis.</strong></span> <span class='ocrx_word' id='word_1_82' title='bbox 1055 802 1116 832; x_wconf 91' lang='lat' dir='ltr'><strong>que</strong></span> <span class='ocrx_word' id='word_1_83' title='bbox 1137 792 1273 823; x_wconf 75' lang='lat' dir='ltr'><strong>utilitati</strong></span> 
     </span>
     <span class='ocr_line' id='line_1_32' title="bbox 330 847 1270 890; baseline -0.002 -9"><span class='ocrx_word' id='word_1_84' title='bbox 330 850 514 881; x_wconf 85' lang='lat' dir='ltr'><strong>videremus</strong></span> <span class='ocrx_word' id='word_1_85' title='bbox 527 850 669 890; x_wconf 84' lang='lat' dir='ltr'><strong>ipsarum</strong></span> <span class='ocrx_word' id='word_1_86' title='bbox 691 848 828 889; x_wconf 84' lang='lat' dir='ltr'><strong>partium</strong></span> <span class='ocrx_word' id='word_1_87' title='bbox 842 847 1010 889; x_wconf 81' lang='lat' dir='ltr'><strong>expedire,</strong></span> <span class='ocrx_word' id='word_1_88' title='bbox 1031 848 1121 879; x_wconf 89' lang='lat' dir='ltr'><strong>nobis</strong></span> <span class='ocrx_word' id='word_1_89' title='bbox 1142 849 1270 890; x_wconf 85' lang='lat' dir='ltr'>plenam</span> 
     </span>
     <span class='ocr_line' id='line_1_33' title="bbox 329 904 1274 947; baseline -0.002 -9"><span class='ocrx_word' id='word_1_90' title='bbox 329 907 491 938; x_wconf 74' lang='lat' dir='ltr'><strong>concessit</strong></span> <span class='ocrx_word' id='word_1_91' title='bbox 511 907 718 947; x_wconf 78' lang='lat' dir='ltr'><strong>potestatem.</strong></span> <span class='ocrx_word' id='word_1_92' title='bbox 743 905 807 935; x_wconf 79' lang='lat' dir='ltr'><strong>Nos</strong></span> <span class='ocrx_word' id='word_1_93' title='bbox 829 905 939 946; x_wconf 83' lang='lat' dir='ltr'><strong>igitur,</strong></span> <span class='ocrx_word' id='word_1_94' title='bbox 957 904 1169 936; x_wconf 86' lang='lat' dir='ltr'><strong>attendentes</strong></span> <span class='ocrx_word' id='word_1_95' title='bbox 1190 905 1274 945; x_wconf 86' lang='lat' dir='ltr'><strong>quod</strong></span> 
     </span>
     <span class='ocr_line' id='line_1_34' title="bbox 326 961 1300 1004; baseline -0.003 -10"><span class='ocrx_word' id='word_1_96' title='bbox 326 964 427 1004; x_wconf 87' lang='lat' dir='ltr'><strong>magis</strong></span> <span class='ocrx_word' id='word_1_97' title='bbox 451 962 595 1004; x_wconf 85' lang='lat' dir='ltr'><strong>expedit,</strong></span> <span class='ocrx_word' id='word_1_98' title='bbox 619 964 653 992; x_wconf 93' lang='lat' dir='ltr'><strong>ut</strong></span> <span class='ocrx_word' id='word_1_99' title='bbox 680 971 778 992; x_wconf 84' lang='lat' dir='ltr'><strong>causa</strong></span> <span class='ocrx_word' id='word_1_100' title='bbox 801 962 959 1002; x_wconf 86' lang='lat' dir='ltr'><strong>premissa</strong></span> <span class='ocrx_word' id='word_1_101' title='bbox 986 962 1039 992; x_wconf 85' lang='lat' dir='ltr'><strong>via</strong></span> <span class='ocrx_word' id='word_1_102' title='bbox 1061 961 1273 992; x_wconf 80' lang='lat' dir='ltr'><strong>ordinationis</strong></span> <span class='ocrx_word' id='word_1_103' title='bbox 1298 964 1300 1001; x_wconf 68' lang='grc' dir='ltr'>ξ</span> 
     </span>
     <span class='ocr_line' id='line_1_35' title="bbox 329 1017 1272 1062; baseline -0.001 -12"><span class='ocrx_word' id='word_1_104' title='bbox 329 1019 475 1062; x_wconf 76' lang='lat' dir='ltr'><strong>provide,</strong></span> <span class='ocrx_word' id='word_1_105' title='bbox 498 1019 604 1060; x_wconf 86' lang='lat' dir='ltr'><strong>potius</strong></span> <span class='ocrx_word' id='word_1_106' title='bbox 623 1028 716 1058; x_wconf 84' lang='lat' dir='ltr'><strong>quam</strong></span> <span class='ocrx_word' id='word_1_107' title='bbox 733 1017 848 1059; x_wconf 75' lang='lat' dir='ltr'><strong>judicii</strong></span> <span class='ocrx_word' id='word_1_108' title='bbox 870 1017 1049 1048; x_wconf 86' lang='lat' dir='ltr'><strong>severitate</strong></span> <span class='ocrx_word' id='word_1_109' title='bbox 1070 1027 1142 1048; x_wconf 80' lang='lat' dir='ltr'><strong>cum</strong></span> <span class='ocrx_word' id='word_1_110' title='bbox 1161 1017 1272 1049; x_wconf 82' lang='lat' dir='ltr'><strong>eccle-</strong></span> 
     </span>
     <span class='ocr_line' id='line_1_36' title="bbox 329 1066 1300 1115; baseline -0.004 -8"><span class='ocrx_word' id='word_1_111' title='bbox 329 1077 449 1108; x_wconf 89' lang='lat' dir='ltr'><strong>siarum</strong></span> <span class='ocrx_word' id='word_1_112' title='bbox 466 1074 652 1107; x_wconf 87' lang='lat' dir='ltr'><strong>earumdem</strong></span> <span class='ocrx_word' id='word_1_113' title='bbox 671 1075 808 1115; x_wconf 89' lang='lat' dir='ltr'><strong>partium</strong></span> <span class='ocrx_word' id='word_1_114' title='bbox 825 1074 991 1115; x_wconf 80' lang='lat' dir='ltr'><strong>dispendio</strong></span> <span class='ocrx_word' id='word_1_115' title='bbox 1009 1074 1211 1110; x_wconf 78' lang='lat' dir='ltr'><strong>terminetur,</strong></span> <span class='ocrx_word' id='word_1_116' title='bbox 1232 1074 1272 1105; x_wconf 93' lang='lat' dir='ltr'><strong>de</strong></span> <span class='ocrx_word' id='word_1_117' title='bbox 1298 1066 1300 1103; x_wconf 62' lang='grc' dir='ltr'>Ϊ</span> 
     </span>
     <span class='ocr_line' id='line_1_37' title="bbox 331 1129 1274 1172; baseline -0.003 -8"><span class='ocrx_word' id='word_1_118' title='bbox 331 1132 480 1164; x_wconf 88' lang='lat' dir='ltr'><strong>mandato</strong></span> <span class='ocrx_word' id='word_1_119' title='bbox 523 1131 638 1162; x_wconf 82' lang='lat' dir='ltr'><strong>domini</strong></span> <span class='ocrx_word' id='word_1_120' title='bbox 680 1141 773 1172; x_wconf 82' lang='lat' dir='ltr'><strong>pape,</strong></span> <span class='ocrx_word' id='word_1_121' title='bbox 813 1130 946 1171; x_wconf 78' lang='lat' dir='ltr'><strong>speciali</strong></span> <span class='ocrx_word' id='word_1_122' title='bbox 991 1130 1100 1160; x_wconf 77' lang='lat' dir='ltr'><strong>habito</strong></span> <span class='ocrx_word' id='word_1_123' title='bbox 1138 1129 1274 1161; x_wconf 83' lang='lat' dir='ltr'><strong>coneilio</strong></span> 
     </span>
     <span class='ocr_line' id='line_1_38' title="bbox 327 1187 1301 1231; baseline -0.001 -11"><span class='ocrx_word' id='word_1_124' title='bbox 327 1190 521 1231; x_wconf 84' lang='lat' dir='ltr'><strong>sapientum.</strong></span> <span class='ocrx_word' id='word_1_125' title='bbox 557 1188 755 1224; x_wconf 79' lang='lat' dir='ltr'><strong>ordinaums,</strong></span> <span class='ocrx_word' id='word_1_126' title='bbox 785 1188 956 1218; x_wconf 78' lang='lat' dir='ltr'><strong>statuimus</strong></span> <span class='ocrx_word' id='word_1_127' title='bbox 989 1192 1022 1218; x_wconf 90' lang='lat' dir='ltr'><strong>et</strong></span> <span class='ocrx_word' id='word_1_128' title='bbox 1059 1187 1271 1228; x_wconf 73' lang='lat' dir='ltr'><strong>disponimus,</strong></span> <span class='ocrx_word' id='word_1_129' title='bbox 1298 1196 1301 1219; x_wconf 68' lang='lat'>}</span> 
     </span>
     <span class='ocr_line' id='line_1_39' title="bbox 329 1244 1272 1286; baseline -0.003 -9"><span class='ocrx_word' id='word_1_130' title='bbox 329 1245 423 1286; x_wconf 69' lang='lat' dir='ltr'><strong>quod,</strong></span> <span class='ocrx_word' id='word_1_131' title='bbox 450 1249 588 1276; x_wconf 80' lang='lat' dir='ltr'><strong>vacante</strong></span> <span class='ocrx_word' id='word_1_132' title='bbox 607 1254 663 1286; x_wconf 85' lang='lat' dir='ltr'><strong>pro</strong></span> <span class='ocrx_word' id='word_1_133' title='bbox 693 1248 839 1284; x_wconf 87' lang='lat' dir='ltr'><strong>tempore</strong></span> <span class='ocrx_word' id='word_1_134' title='bbox 870 1244 1067 1275; x_wconf 87' lang='lat' dir='ltr'><strong>monasterio</strong></span> <span class='ocrx_word' id='word_1_135' title='bbox 1088 1244 1168 1285; x_wconf 75' lang='lat' dir='ltr'><strong>ipso,</strong></span> <span class='ocrx_word' id='word_1_136' title='bbox 1194 1254 1272 1275; x_wconf 85' lang='lat' dir='ltr'><strong>con-</strong></span> 
     </span>
     <span class='ocr_line' id='line_1_40' title="bbox 327 1300 1274 1341; baseline -0.002 -8"><span class='ocrx_word' id='word_1_137' title='bbox 327 1304 446 1333; x_wconf 89' lang='lat' dir='ltr'><strong>ventus</strong></span> <span class='ocrx_word' id='word_1_138' title='bbox 473 1301 618 1341; x_wconf 80' lang='lat' dir='ltr'><strong>ejusdem</strong></span> <span class='ocrx_word' id='word_1_139' title='bbox 648 1302 719 1341; x_wconf 87' lang='lat' dir='ltr'><strong>post</strong></span> <span class='ocrx_word' id='word_1_140' title='bbox 750 1300 885 1331; x_wconf 77' lang='lat' dir='ltr'><strong>liberam</strong></span> <span class='ocrx_word' id='word_1_141' title='bbox 907 1300 1100 1331; x_wconf 83' lang='lat' dir='ltr'><strong>electionem</strong></span> <span class='ocrx_word' id='word_1_142' title='bbox 1121 1311 1176 1331; x_wconf 89' lang='lat' dir='ltr'><strong>seu</strong></span> <span class='ocrx_word' id='word_1_143' title='bbox 1198 1310 1274 1341; x_wconf 86' lang='lat' dir='ltr'><strong>pos-</strong></span> 
     </span>
     <span class='ocr_line' id='line_1_41' title="bbox 328 1356 1300 1399; baseline -0.002 -10"><span class='ocrx_word' id='word_1_144' title='bbox 328 1358 517 1389; x_wconf 84' lang='lat' dir='ltr'><strong>tulationem</strong></span> <span class='ocrx_word' id='word_1_145' title='bbox 566 1357 793 1388; x_wconf 68' lang='lat' dir='ltr'><strong>monachorum</strong></span> <span class='ocrx_word' id='word_1_146' title='bbox 837 1359 870 1388; x_wconf 90' lang='lat' dir='ltr'><strong>et</strong></span> <span class='ocrx_word' id='word_1_147' title='bbox 912 1360 1094 1388; x_wconf 75' lang='lat' dir='ltr'><strong>conventus</strong></span> <span class='ocrx_word' id='word_1_148' title='bbox 1125 1356 1274 1398; x_wconf 90' lang='lat' dir='ltr'><strong>jamdicti</strong></span> <span class='ocrx_word' id='word_1_149' title='bbox 1298 1392 1300 1399; x_wconf 47' lang='lat'><strong>,</strong></span> 
     </span>
     <span class='ocr_line' id='line_1_42' title="bbox 327 1413 1271 1455; baseline -0.001 -10"><span class='ocrx_word' id='word_1_150' title='bbox 327 1415 530 1452; x_wconf 85' lang='lat' dir='ltr'><strong>monasterii,</strong></span> <span class='ocrx_word' id='word_1_151' title='bbox 560 1414 700 1445; x_wconf 86' lang='lat' dir='ltr'><strong>electum</strong></span> <span class='ocrx_word' id='word_1_152' title='bbox 734 1424 790 1444; x_wconf 90' lang='lat' dir='ltr'><strong>seu</strong></span> <span class='ocrx_word' id='word_1_153' title='bbox 830 1414 1025 1455; x_wconf 83' lang='lat' dir='ltr'><strong>postulatum</strong></span> <span class='ocrx_word' id='word_1_154' title='bbox 1060 1414 1089 1444; x_wconf 91' lang='lat' dir='ltr'><strong>in</strong></span> <span class='ocrx_word' id='word_1_155' title='bbox 1120 1413 1271 1445; x_wconf 83' lang='lat' dir='ltr'><strong>abbatem</strong></span> 
     </span>
     <span class='ocr_line' id='line_1_43' title="bbox 325 1469 1300 1513; baseline -0.001 -11"><span class='ocrx_word' id='word_1_156' title='bbox 325 1472 425 1513; x_wconf 88' lang='lat' dir='ltr'><strong>ipsius</strong></span> <span class='ocrx_word' id='word_1_157' title='bbox 469 1471 656 1502; x_wconf 80' lang='lat' dir='ltr'><strong>monasterii</strong></span> <span class='ocrx_word' id='word_1_158' title='bbox 696 1473 887 1512; x_wconf 77' lang='lat' dir='ltr'><strong>presentare</strong></span> <span class='ocrx_word' id='word_1_159' title='bbox 925 1471 1076 1512; x_wconf 88' lang='lat' dir='ltr'><strong>episcopo</strong></span> <span class='ocrx_word' id='word_1_160' title='bbox 1116 1469 1269 1507; x_wconf 88' lang='lat' dir='ltr'><strong>Eduensi,</strong></span> <span class='ocrx_word' id='word_1_161' title='bbox 1298 1472 1300 1481; x_wconf 81' lang='grc'><em>’</em></span> 
     </span>
     <span class='ocr_line' id='line_1_44' title="bbox 325 1526 1273 1569; baseline -0.001 -11"><span class='ocrx_word' id='word_1_162' title='bbox 325 1529 377 1568; x_wconf 92' lang='lat' dir='ltr'><strong>qui</strong></span> <span class='ocrx_word' id='word_1_163' title='bbox 401 1538 457 1569; x_wconf 92' lang='lat' dir='ltr'><strong>pro</strong></span> <span class='ocrx_word' id='word_1_164' title='bbox 487 1530 634 1568; x_wconf 88' lang='lat' dir='ltr'><strong>tempore</strong></span> <span class='ocrx_word' id='word_1_165' title='bbox 659 1527 774 1565; x_wconf 86' lang='lat' dir='ltr'><strong>-fuerit,</strong></span> <span class='ocrx_word' id='word_1_166' title='bbox 807 1528 969 1565; x_wconf 81' lang='lat' dir='ltr'><strong>teneatur,</strong></span> <span class='ocrx_word' id='word_1_167' title='bbox 992 1528 1043 1568; x_wconf 84' lang='lat' dir='ltr'><strong>qui</strong></span> <span class='ocrx_word' id='word_1_168' title='bbox 1068 1526 1273 1558; x_wconf 85' lang='lat' dir='ltr'><strong>confirmabit</strong></span> 
     </span>
     <span class='ocr_line' id='line_1_45' title="bbox 326 1582 1273 1625; baseline -0.002 -10"><span class='ocrx_word' id='word_1_169' title='bbox 326 1586 546 1625; x_wconf 80' lang='lat' dir='ltr'><strong>presentatum</strong></span> <span class='ocrx_word' id='word_1_170' title='bbox 574 1584 624 1614; x_wconf 83' lang='lat' dir='ltr'><strong>vel</strong></span> <span class='ocrx_word' id='word_1_171' title='bbox 647 1584 745 1615; x_wconf 85' lang='lat' dir='ltr'><strong>etiam</strong></span> <span class='ocrx_word' id='word_1_172' title='bbox 772 1583 957 1622; x_wconf 73' lang='lat' dir='ltr'><strong>infirmabit,</strong></span> <span class='ocrx_word' id='word_1_173' title='bbox 985 1583 1161 1615; x_wconf 87' lang='lat' dir='ltr'><strong>secundum</strong></span> <span class='ocrx_word' id='word_1_174' title='bbox 1187 1582 1273 1623; x_wconf 86' lang='lat' dir='ltr'><strong>quod</strong></span> 
     </span>
     <span class='ocr_line' id='line_1_46' title="bbox 325 1640 1271 1682; baseline -0.001 -10"><span class='ocrx_word' id='word_1_175' title='bbox 325 1641 365 1672; x_wconf 92' lang='lat' dir='ltr'><strong>de</strong></span> <span class='ocrx_word' id='word_1_176' title='bbox 377 1641 452 1682; x_wconf 85' lang='lat' dir='ltr'><strong>jure</strong></span> <span class='ocrx_word' id='word_1_177' title='bbox 471 1641 568 1671; x_wconf 86' lang='lat' dir='ltr'><strong>fuerit</strong></span> <span class='ocrx_word' id='word_1_178' title='bbox 582 1640 777 1679; x_wconf 84' lang='lat' dir='ltr'><strong>faciendum,</strong></span> <span class='ocrx_word' id='word_1_179' title='bbox 790 1643 822 1671; x_wconf 88' lang='lat' dir='ltr'><strong>et</strong></span> <span class='ocrx_word' id='word_1_180' title='bbox 834 1640 1023 1672; x_wconf 72' lang='lat' dir='ltr'><strong>confirmato</strong></span> <span class='ocrx_word' id='word_1_181' title='bbox 1037 1642 1151 1671; x_wconf 83' lang='lat' dir='ltr'><strong>munus</strong></span> <span class='ocrx_word' id='word_1_182' title='bbox 1166 1640 1271 1671; x_wconf 91' lang='lat' dir='ltr'><strong>bene-</strong></span> 
     </span>
     <span class='ocr_line' id='line_1_47' title="bbox 327 1697 1273 1739; baseline 0 -11"><span class='ocrx_word' id='word_1_183' title='bbox 327 1698 475 1729; x_wconf 81' lang='lat' dir='ltr'><strong>dictionis</strong></span> <span class='ocrx_word' id='word_1_184' title='bbox 496 1699 593 1729; x_wconf 81' lang='lat' dir='ltr'><strong>extra</strong></span> <span class='ocrx_word' id='word_1_185' title='bbox 607 1697 791 1729; x_wconf 79' lang='lat' dir='ltr'><strong>clausuram</strong></span> <span class='ocrx_word' id='word_1_186' title='bbox 804 1697 882 1729; x_wconf 81' lang='lat' dir='ltr'><strong>dieti</strong></span> <span class='ocrx_word' id='word_1_187' title='bbox 900 1698 1090 1729; x_wconf 85' lang='lat' dir='ltr'><strong>monasterii</strong></span> <span class='ocrx_word' id='word_1_188' title='bbox 1104 1698 1273 1739; x_wconf 89' lang='lat' dir='ltr'><strong>impendet</strong></span> 
     </span>
     <span class='ocr_line' id='line_1_48' title="bbox 325 1754 1276 1796; baseline 0 -11"><span class='ocrx_word' id='word_1_189' title='bbox 325 1756 357 1786; x_wconf 91' lang='lat' dir='ltr'><strong>in</strong></span> <span class='ocrx_word' id='word_1_190' title='bbox 390 1755 511 1786; x_wconf 76' lang='lat' dir='ltr'><strong>diocesi</strong></span> <span class='ocrx_word' id='word_1_191' title='bbox 543 1754 694 1786; x_wconf 82' lang='lat' dir='ltr'><strong>Eduensi.</strong></span> <span class='ocrx_word' id='word_1_192' title='bbox 735 1754 969 1786; x_wconf 77' lang='lat' dir='ltr'><strong>Beuedietione</strong></span> <span class='ocrx_word' id='word_1_193' title='bbox 1001 1757 1109 1785; x_wconf 86' lang='lat' dir='ltr'><strong>autem</strong></span> <span class='ocrx_word' id='word_1_194' title='bbox 1139 1757 1276 1796; x_wconf 89' lang='lat' dir='ltr'><strong>recepta</strong></span> 
     </span>
     <span class='ocr_line' id='line_1_49' title="bbox 327 1811 1302 1852; baseline -0.001 -10"><span class='ocrx_word' id='word_1_195' title='bbox 327 1811 424 1842; x_wconf 88' lang='lat' dir='ltr'><strong>abbas</strong></span> <span class='ocrx_word' id='word_1_196' title='bbox 456 1811 645 1842; x_wconf 84' lang='lat' dir='ltr'><strong>benedictus</strong></span> <span class='ocrx_word' id='word_1_197' title='bbox 680 1811 914 1852; x_wconf 78' lang='lat' dir='ltr'><strong>professionem</strong></span> <span class='ocrx_word' id='word_1_198' title='bbox 944 1811 1041 1842; x_wconf 83' lang='lat' dir='ltr'><strong>faciet</strong></span> <span class='ocrx_word' id='word_1_199' title='bbox 1071 1811 1102 1841; x_wconf 92' lang='lat' dir='ltr'><strong>in</strong></span> <span class='ocrx_word' id='word_1_200' title='bbox 1131 1811 1275 1842; x_wconf 88' lang='lat' dir='ltr'><strong>ecclesia</strong></span> <span class='ocrx_word' id='word_1_201' title='bbox 1301 1848 1302 1851; x_wconf 13' lang='grc' dir='ltr'><strong>Ἰ</strong></span> 
     </span>
     <span class='ocr_line' id='line_1_50' title="bbox 326 1855 1303 1909; baseline 0 -11"><span class='ocrx_word' id='word_1_202' title='bbox 326 1868 478 1907; x_wconf 82' lang='lat' dir='ltr'><strong>Eduensi,</strong></span> <span class='ocrx_word' id='word_1_203' title='bbox 502 1868 677 1899; x_wconf 80' lang='lat' dir='ltr'><strong>secundum</strong></span> <span class='ocrx_word' id='word_1_204' title='bbox 699 1867 781 1908; x_wconf 87' lang='lat' dir='ltr'><strong>quod</strong></span> <span class='ocrx_word' id='word_1_205' title='bbox 802 1878 819 1898; x_wconf 89' lang='lat' dir='ltr'><strong>a</strong></span> <span class='ocrx_word' id='word_1_206' title='bbox 839 1868 961 1899; x_wconf 86' lang='lat' dir='ltr'><strong>sanctis</strong></span> <span class='ocrx_word' id='word_1_207' title='bbox 975 1867 1120 1909; x_wconf 84' lang='lat' dir='ltr'><strong>patribus</strong></span> <span class='ocrx_word' id='word_1_208' title='bbox 1139 1869 1191 1898; x_wconf 88' lang='lat' dir='ltr'><strong>est</strong></span> <span class='ocrx_word' id='word_1_209' title='bbox 1209 1869 1276 1898; x_wconf 88' lang='lat' dir='ltr'><strong>sta-</strong></span> <span class='ocrx_word' id='word_1_210' title='bbox 1300 1855 1303 1905; x_wconf 71' lang='lat' dir='ltr'><strong>l</strong></span> 
     </span>
     <span class='ocr_line' id='line_1_51' title="bbox 325 1924 1303 1966; baseline -0.001 -10"><span class='ocrx_word' id='word_1_211' title='bbox 325 1927 441 1960; x_wconf 80' lang='lat' dir='ltr'><strong>tutum,</strong></span> <span class='ocrx_word' id='word_1_212' title='bbox 467 1924 650 1966; x_wconf 84' lang='lat' dir='ltr'><strong>hujusmodi</strong></span> <span class='ocrx_word' id='word_1_213' title='bbox 676 1924 890 1963; x_wconf 87' lang='lat' dir='ltr'><strong>ordinatione,</strong></span> <span class='ocrx_word' id='word_1_214' title='bbox 914 1927 1037 1956; x_wconf 87' lang='lat' dir='ltr'><strong>statuto</strong></span> <span class='ocrx_word' id='word_1_215' title='bbox 1065 1935 1102 1956; x_wconf 87' lang='lat' dir='ltr'><strong>ac</strong></span> <span class='ocrx_word' id='word_1_216' title='bbox 1132 1924 1272 1966; x_wconf 85' lang='lat' dir='ltr'><strong>disposi-</strong></span> <span class='ocrx_word' id='word_1_217' title='bbox 1301 1932 1303 1942; x_wconf 72' lang='lat'>⁴</span> 
     </span>
    </p>
   </div>
   <div class='ocr_carea' id='block_1_24' title="bbox 325 1981 1275 2022">
    <p class='ocr_par' dir='ltr' id='par_1_24' title="bbox 325 1981 1275 2022">
     <span class='ocr_line' id='line_1_52' title="bbox 325 1981 1275 2022; baseline 0 -10"><span class='ocrx_word' id='word_1_218' title='bbox 325 1982 412 2012; x_wconf 87' lang='lat' dir='ltr'><strong>tione</strong></span> <span class='ocrx_word' id='word_1_219' title='bbox 433 1981 552 2012; x_wconf 87' lang='lat' dir='ltr'><strong>nostris</strong></span> <span class='ocrx_word' id='word_1_220' title='bbox 578 1981 726 2022; x_wconf 74' lang='lat' dir='ltr'><strong>superius</strong></span> <span class='ocrx_word' id='word_1_221' title='bbox 746 1983 779 2012; x_wconf 88' lang='lat' dir='ltr'><strong>et</strong></span> <span class='ocrx_word' id='word_1_222' title='bbox 796 1982 933 2012; x_wconf 88' lang='lat' dir='ltr'><strong>inferius</strong></span> <span class='ocrx_word' id='word_1_223' title='bbox 955 1982 1119 2013; x_wconf 89' lang='lat' dir='ltr'><strong>contentis</strong></span> <span class='ocrx_word' id='word_1_224' title='bbox 1139 1981 1275 2012; x_wconf 86' lang='lat' dir='ltr'><strong>nichilo-</strong></span> 
     </span>
    </p>
   </div>
   <div class='ocr_carea' id='block_1_25' title="bbox 1300 1235 1306 2075">
    <p class='ocr_par' dir='ltr' id='par_1_25' title="bbox 1300 1235 1306 2075">
     <span class='ocr_line' id='line_1_53' title="bbox 1300 1235 1306 2075; baseline 0 0"><span class='ocrx_word' id='word_1_225' title='bbox 1300 1235 1306 2075; x_wconf 95' lang='lat' dir='ltr'><strong> </strong></span> 
     </span>
    </p>
   </div>
   <div class='ocr_carea' id='block_1_26' title="bbox 325 2038 1281 2983">
    <p class='ocr_par' dir='ltr' id='par_1_26' title="bbox 325 2038 1281 2983">
     <span class='ocr_line' id='line_1_54' title="bbox 328 2038 1276 2079; baseline -0.001 -11"><span class='ocrx_word' id='word_1_226' title='bbox 328 2039 431 2068; x_wconf 88' lang='lat' dir='ltr'><strong>minus</strong></span> <span class='ocrx_word' id='word_1_227' title='bbox 457 2048 587 2079; x_wconf 85' lang='lat' dir='ltr'><strong>semper</strong></span> <span class='ocrx_word' id='word_1_228' title='bbox 619 2038 730 2069; x_wconf 85' lang='lat' dir='ltr'><strong>salvis.</strong></span> <span class='ocrx_word' id='word_1_229' title='bbox 764 2038 844 2069; x_wconf 87' lang='lat' dir='ltr'><strong>Item</strong></span> <span class='ocrx_word' id='word_1_230' title='bbox 873 2038 1072 2072; x_wconf 79' lang='lat' dir='ltr'><strong>ordinamus,</strong></span> <span class='ocrx_word' id='word_1_231' title='bbox 1099 2038 1276 2069; x_wconf 81' lang='lat' dir='ltr'><strong>statuimus</strong></span> 
     </span>
     <span class='ocr_line' id='line_1_55' title="bbox 325 2094 1277 2136; baseline -0.001 -11"><span class='ocrx_word' id='word_1_232' title='bbox 325 2101 359 2125; x_wconf 91' lang='lat' dir='ltr'><strong>et</strong></span> <span class='ocrx_word' id='word_1_233' title='bbox 385 2094 596 2135; x_wconf 68' lang='lat' dir='ltr'><strong>disponimus,</strong></span> <span class='ocrx_word' id='word_1_234' title='bbox 621 2095 704 2135; x_wconf 82' lang='lat' dir='ltr'><strong>quod</strong></span> <span class='ocrx_word' id='word_1_235' title='bbox 730 2096 900 2136; x_wconf 82' lang='lat' dir='ltr'><strong>episeopus</strong></span> <span class='ocrx_word' id='word_1_236' title='bbox 930 2095 1104 2133; x_wconf 85' lang='lat' dir='ltr'><strong>Eduensis,</strong></span> <span class='ocrx_word' id='word_1_237' title='bbox 1135 2095 1188 2135; x_wconf 90' lang='lat' dir='ltr'><strong>qui</strong></span> <span class='ocrx_word' id='word_1_238' title='bbox 1220 2104 1277 2136; x_wconf 91' lang='lat' dir='ltr'><strong>pro</strong></span> 
     </span>
     <span class='ocr_line' id='line_1_56' title="bbox 328 2151 1281 2193; baseline -0.001 -11"><span class='ocrx_word' id='word_1_239' title='bbox 328 2155 474 2192; x_wconf 89' lang='lat' dir='ltr'><strong>tempore</strong></span> <span class='ocrx_word' id='word_1_240' title='bbox 504 2151 613 2189; x_wconf 86' lang='lat' dir='ltr'><strong>fuerit,</strong></span> <span class='ocrx_word' id='word_1_241' title='bbox 644 2152 896 2193; x_wconf 82' lang='lat' dir='ltr'><strong>uniuscujusque</strong></span> <span class='ocrx_word' id='word_1_242' title='bbox 928 2152 1054 2183; x_wconf 85' lang='lat' dir='ltr'><strong>abbatis</strong></span> <span class='ocrx_word' id='word_1_243' title='bbox 1087 2151 1281 2185; x_wconf 86' lang='lat' dir='ltr'><strong>monasterii</strong></span> 
     </span>
     <span class='ocr_line' id='line_1_57' title="bbox 327 2207 1276 2249; baseline 0.001 -11"><span class='ocrx_word' id='word_1_244' title='bbox 327 2207 474 2249; x_wconf 83' lang='lat' dir='ltr'><strong>jamdicti</strong></span> <span class='ocrx_word' id='word_1_245' title='bbox 506 2209 652 2249; x_wconf 88' lang='lat' dir='ltr'><strong>tempore</strong></span> <span class='ocrx_word' id='word_1_246' title='bbox 673 2219 734 2239; x_wconf 87' lang='lat' dir='ltr'><strong>una</strong></span> <span class='ocrx_word' id='word_1_247' title='bbox 773 2209 842 2239; x_wconf 79' lang='lat' dir='ltr'><strong>vice</strong></span> <span class='ocrx_word' id='word_1_248' title='bbox 871 2211 995 2240; x_wconf 85' lang='lat' dir='ltr'><strong>tantum</strong></span> <span class='ocrx_word' id='word_1_249' title='bbox 1029 2210 1103 2249; x_wconf 84' lang='lat' dir='ltr'><strong>post</strong></span> <span class='ocrx_word' id='word_1_250' title='bbox 1134 2207 1276 2239; x_wconf 85' lang='lat' dir='ltr'><strong>edictum</strong></span> 
     </span>
     <span class='ocr_line' id='line_1_58' title="bbox 328 2264 1276 2307; baseline 0.001 -13"><span class='ocrx_word' id='word_1_251' title='bbox 328 2264 509 2304; x_wconf 86' lang='lat' dir='ltr'><strong>quindecim</strong></span> <span class='ocrx_word' id='word_1_252' title='bbox 538 2264 675 2301; x_wconf 88' lang='lat' dir='ltr'><strong>dierum,</strong></span> <span class='ocrx_word' id='word_1_253' title='bbox 698 2265 824 2306; x_wconf 86' lang='lat' dir='ltr'><strong>quando</strong></span> <span class='ocrx_word' id='word_1_254' title='bbox 853 2266 882 2297; x_wconf 89' lang='lat' dir='ltr'><strong>ei</strong></span> <span class='ocrx_word' id='word_1_255' title='bbox 902 2265 1074 2307; x_wconf 81' lang='lat' dir='ltr'><strong>placuerit,</strong></span> <span class='ocrx_word' id='word_1_256' title='bbox 1096 2265 1276 2305; x_wconf 82' lang='lat' dir='ltr'><strong>inquirere,</strong></span> 
     </span>
     <span class='ocr_line' id='line_1_59' title="bbox 330 2321 1276 2363; baseline 0 -12"><span class='ocrx_word' id='word_1_257' title='bbox 330 2321 476 2358; x_wconf 86' lang='lat' dir='ltr'><strong>visitare,</strong></span> <span class='ocrx_word' id='word_1_258' title='bbox 495 2321 660 2362; x_wconf 79' lang='lat' dir='ltr'><strong>corrigere</strong></span> <span class='ocrx_word' id='word_1_259' title='bbox 680 2324 713 2353; x_wconf 88' lang='lat' dir='ltr'><strong>et</strong></span> <span class='ocrx_word' id='word_1_260' title='bbox 733 2322 912 2353; x_wconf 84' lang='lat' dir='ltr'><strong>reformare</strong></span> <span class='ocrx_word' id='word_1_261' title='bbox 932 2322 962 2353; x_wconf 92' lang='lat' dir='ltr'><strong>in</strong></span> <span class='ocrx_word' id='word_1_262' title='bbox 984 2321 1128 2363; x_wconf 89' lang='lat' dir='ltr'><strong>predicto</strong></span> <span class='ocrx_word' id='word_1_263' title='bbox 1150 2331 1276 2352; x_wconf 88' lang='lat' dir='ltr'><strong>monas-</strong></span> 
     </span>
     <span class='ocr_line' id='line_1_60' title="bbox 331 2377 1278 2418; baseline 0 -10"><span class='ocrx_word' id='word_1_264' title='bbox 331 2378 413 2409; x_wconf 88' lang='lat' dir='ltr'><strong>terio</strong></span> <span class='ocrx_word' id='word_1_265' title='bbox 438 2378 540 2418; x_wconf 84' lang='lat' dir='ltr'><strong>possit</strong></span> <span class='ocrx_word' id='word_1_266' title='bbox 566 2388 602 2408; x_wconf 84' lang='lat' dir='ltr'><strong>ac</strong></span> <span class='ocrx_word' id='word_1_267' title='bbox 630 2377 747 2410; x_wconf 84' lang='lat' dir='ltr'><strong>debeat</strong></span> <span class='ocrx_word' id='word_1_268' title='bbox 777 2378 954 2410; x_wconf 86' lang='lat' dir='ltr'><strong>secundum</strong></span> <span class='ocrx_word' id='word_1_269' title='bbox 978 2379 1150 2409; x_wconf 87' lang='lat' dir='ltr'><strong>canonicas</strong></span> <span class='ocrx_word' id='word_1_270' title='bbox 1179 2388 1278 2408; x_wconf 86' lang='lat' dir='ltr'><strong>sanc-</strong></span> 
     </span>
     <span class='ocr_line' id='line_1_61' title="bbox 328 2434 1274 2476; baseline 0 -11"><span class='ocrx_word' id='word_1_271' title='bbox 328 2434 448 2472; x_wconf 75' lang='lat' dir='ltr'><strong>tiones,</strong></span> <span class='ocrx_word' id='word_1_272' title='bbox 484 2434 529 2465; x_wconf 91' lang='lat' dir='ltr'><strong>ita</strong></span> <span class='ocrx_word' id='word_1_273' title='bbox 566 2437 672 2465; x_wconf 88' lang='lat' dir='ltr'><strong>tamen</strong></span> <span class='ocrx_word' id='word_1_274' title='bbox 712 2435 794 2476; x_wconf 90' lang='lat' dir='ltr'><strong>quod</strong></span> <span class='ocrx_word' id='word_1_275' title='bbox 835 2435 933 2467; x_wconf 84' lang='lat' dir='ltr'><strong>abbas</strong></span> <span class='ocrx_word' id='word_1_276' title='bbox 973 2437 1005 2466; x_wconf 82' lang='lat' dir='ltr'><strong>et</strong></span> <span class='ocrx_word' id='word_1_277' title='bbox 1042 2435 1274 2466; x_wconf 87' lang='lat' dir='ltr'><strong>monasterium</strong></span> 
     </span>
     <span class='ocr_line' id='line_1_62' title="bbox 330 2490 1273 2533; baseline 0.002 -12"><span class='ocrx_word' id='word_1_278' title='bbox 330 2490 549 2531; x_wconf 87' lang='lat' dir='ltr'><strong>supradictum</strong></span> <span class='ocrx_word' id='word_1_279' title='bbox 583 2492 684 2522; x_wconf 88' lang='lat' dir='ltr'><strong>semel</strong></span> <span class='ocrx_word' id='word_1_280' title='bbox 710 2492 834 2523; x_wconf 88' lang='lat' dir='ltr'><strong>visitati</strong></span> <span class='ocrx_word' id='word_1_281' title='bbox 861 2492 899 2522; x_wconf 92' lang='lat' dir='ltr'><strong>ab</strong></span> <span class='ocrx_word' id='word_1_282' title='bbox 931 2492 1081 2533; x_wconf 81' lang='lat' dir='ltr'><strong>episcopo</strong></span> <span class='ocrx_word' id='word_1_283' title='bbox 1118 2491 1273 2523; x_wconf 82' lang='lat' dir='ltr'><strong>visitante</strong></span> 
     </span>
     <span class='ocr_line' id='line_1_63' title="bbox 330 2546 1273 2589; baseline 0.001 -12"><span class='ocrx_word' id='word_1_284' title='bbox 330 2546 381 2577; x_wconf 90' lang='lat' dir='ltr'><strong>vel</strong></span> <span class='ocrx_word' id='word_1_285' title='bbox 414 2557 431 2577; x_wconf 92' lang='lat' dir='ltr'><strong>a</strong></span> <span class='ocrx_word' id='word_1_286' title='bbox 458 2547 702 2579; x_wconf 87' lang='lat' dir='ltr'><strong>successoribus</strong></span> <span class='ocrx_word' id='word_1_287' title='bbox 733 2549 800 2579; x_wconf 90' lang='lat' dir='ltr'><strong>suis</strong></span> <span class='ocrx_word' id='word_1_288' title='bbox 832 2549 980 2589; x_wconf 87' lang='lat' dir='ltr'><strong>tempore</strong></span> <span class='ocrx_word' id='word_1_289' title='bbox 1015 2548 1115 2589; x_wconf 89' lang='lat' dir='ltr'><strong>ipsius</strong></span> <span class='ocrx_word' id='word_1_290' title='bbox 1147 2547 1273 2578; x_wconf 84' lang='lat' dir='ltr'><strong>abbatis</strong></span> 
     </span>
     <span class='ocr_line' id='line_1_64' title="bbox 330 2603 1273 2646; baseline 0.001 -13"><span class='ocrx_word' id='word_1_291' title='bbox 330 2603 465 2641; x_wconf 82' lang='lat' dir='ltr'><strong>visitati,</strong></span> <span class='ocrx_word' id='word_1_292' title='bbox 477 2604 546 2645; x_wconf 89' lang='lat' dir='ltr'><strong>ipso</strong></span> <span class='ocrx_word' id='word_1_293' title='bbox 559 2603 697 2636; x_wconf 88' lang='lat' dir='ltr'><strong>durante</strong></span> <span class='ocrx_word' id='word_1_294' title='bbox 710 2605 828 2636; x_wconf 78' lang='lat' dir='ltr'><strong>abbate</strong></span> <span class='ocrx_word' id='word_1_295' title='bbox 842 2605 918 2636; x_wconf 79' lang='lat' dir='ltr'><strong>dicti</strong></span> <span class='ocrx_word' id='word_1_296' title='bbox 935 2605 1124 2636; x_wconf 84' lang='lat' dir='ltr'><strong>monasterii</strong></span> <span class='ocrx_word' id='word_1_297' title='bbox 1136 2605 1273 2646; x_wconf 89' lang='lat' dir='ltr'><strong>amplius</strong></span> 
     </span>
     <span class='ocr_line' id='line_1_65' title="bbox 330 2659 1275 2702; baseline 0.002 -13"><span class='ocrx_word' id='word_1_298' title='bbox 330 2659 457 2690; x_wconf 83' lang='lat' dir='ltr'><strong>visitari</strong></span> <span class='ocrx_word' id='word_1_299' title='bbox 467 2670 527 2691; x_wconf 90' lang='lat' dir='ltr'><strong>non</strong></span> <span class='ocrx_word' id='word_1_300' title='bbox 536 2662 689 2701; x_wconf 87' lang='lat' dir='ltr'><strong>poterunt</strong></span> <span class='ocrx_word' id='word_1_301' title='bbox 700 2672 761 2693; x_wconf 88' lang='lat' dir='ltr'><strong>nee</strong></span> <span class='ocrx_word' id='word_1_302' title='bbox 772 2661 946 2693; x_wconf 85' lang='lat' dir='ltr'><strong>debebunt.</strong></span> <span class='ocrx_word' id='word_1_303' title='bbox 955 2661 1110 2702; x_wconf 78' lang='lat' dir='ltr'><strong>Tempore</strong></span> <span class='ocrx_word' id='word_1_304' title='bbox 1120 2660 1275 2701; x_wconf 86' lang='lat' dir='ltr'><strong>siquidem</strong></span> 
     </span>
     <span class='ocr_line' id='line_1_66' title="bbox 329 2716 1273 2759; baseline 0.003 -14"><span class='ocrx_word' id='word_1_305' title='bbox 329 2716 523 2746; x_wconf 82' lang='lat' dir='ltr'><strong>visitationis</strong></span> <span class='ocrx_word' id='word_1_306' title='bbox 542 2717 646 2748; x_wconf 82' lang='lat' dir='ltr'><strong>dictus</strong></span> <span class='ocrx_word' id='word_1_307' title='bbox 663 2718 877 2759; x_wconf 86' lang='lat' dir='ltr'><strong>episcopusin</strong></span> <span class='ocrx_word' id='word_1_308' title='bbox 897 2716 1058 2755; x_wconf 76' lang='lat' dir='ltr'><strong>abbatem,</strong></span> <span class='ocrx_word' id='word_1_309' title='bbox 1076 2719 1273 2748; x_wconf 88' lang='lat' dir='ltr'><strong>conventum</strong></span> 
     </span>
     <span class='ocr_line' id='line_1_67' title="bbox 331 2773 1271 2814; baseline 0.002 -12"><span class='ocrx_word' id='word_1_310' title='bbox 331 2774 365 2802; x_wconf 91' lang='lat' dir='ltr'><strong>et</strong></span> <span class='ocrx_word' id='word_1_311' title='bbox 401 2773 575 2803; x_wconf 82' lang='lat' dir='ltr'><strong>monachos</strong></span> <span class='ocrx_word' id='word_1_312' title='bbox 613 2775 800 2805; x_wconf 88' lang='lat' dir='ltr'><strong>monasterii</strong></span> <span class='ocrx_word' id='word_1_313' title='bbox 834 2774 1004 2805; x_wconf 86' lang='lat' dir='ltr'><strong>memorati</strong></span> <span class='ocrx_word' id='word_1_314' title='bbox 1035 2774 1271 2814; x_wconf 79' lang='lat' dir='ltr'><strong>suspensionis,</strong></span> 
     </span>
     <span class='ocr_line' id='line_1_68' title="bbox 330 2828 1272 2871; baseline 0.002 -13"><span class='ocrx_word' id='word_1_315' title='bbox 330 2828 494 2859; x_wconf 76' lang='lat' dir='ltr'><strong>interdicti</strong></span> <span class='ocrx_word' id='word_1_316' title='bbox 513 2831 546 2860; x_wconf 75' lang='lat' dir='ltr'><strong>et</strong></span> <span class='ocrx_word' id='word_1_317' title='bbox 564 2831 908 2862; x_wconf 79' lang='lat' dir='ltr'><strong>excommunicationis</strong></span> <span class='ocrx_word' id='word_1_318' title='bbox 929 2830 1109 2861; x_wconf 87' lang='lat' dir='ltr'><strong>sententias</strong></span> <span class='ocrx_word' id='word_1_319' title='bbox 1131 2829 1272 2871; x_wconf 88' lang='lat' dir='ltr'><strong>promul-</strong></span> 
     </span>
     <span class='ocr_line' id='line_1_69' title="bbox 330 2885 1267 2927; baseline 0.003 -13"><span class='ocrx_word' id='word_1_320' title='bbox 330 2894 410 2924; x_wconf 87' lang='lat' dir='ltr'><strong>gare</strong></span> <span class='ocrx_word' id='word_1_321' title='bbox 429 2885 736 2925; x_wconf 79' lang='lat' dir='ltr'><strong>acjurisdictiouem</strong></span> <span class='ocrx_word' id='word_1_322' title='bbox 756 2886 933 2927; x_wconf 89' lang='lat' dir='ltr'><strong>plenariam</strong></span> <span class='ocrx_word' id='word_1_323' title='bbox 954 2895 1113 2917; x_wconf 76' lang='lat' dir='ltr'><strong>exercere</strong></span> <span class='ocrx_word' id='word_1_324' title='bbox 1133 2887 1267 2927; x_wconf 69' lang='lat' dir='ltr'><strong>poterit,</strong></span> 
     </span>
     <span class='ocr_line' id='line_1_70' title="bbox 332 2940 1272 2983; baseline 0.003 -14"><span class='ocrx_word' id='word_1_325' title='bbox 332 2940 506 2972; x_wconf 70' lang='lat' dir='ltr'><strong>secundum</strong></span> <span class='ocrx_word' id='word_1_326' title='bbox 518 2941 601 2981; x_wconf 85' lang='lat' dir='ltr'><strong>quod</strong></span> <span class='ocrx_word' id='word_1_327' title='bbox 612 2942 785 2974; x_wconf 71' lang='lat' dir='ltr'><strong>‹lietaverit</strong></span> <span class='ocrx_word' id='word_1_328' title='bbox 799 2943 877 2974; x_wconf 89' lang='lat' dir='ltr'><strong>ordo</strong></span> <span class='ocrx_word' id='word_1_329' title='bbox 886 2943 981 2983; x_wconf 88' lang='lat' dir='ltr'><strong>juris,</strong></span> <span class='ocrx_word' id='word_1_330' title='bbox 996 2946 1028 2973; x_wconf 83' lang='lat' dir='ltr'><strong>ct</strong></span> <span class='ocrx_word' id='word_1_331' title='bbox 1043 2943 1072 2972; x_wconf 91' lang='lat' dir='ltr'><strong>in</strong></span> <span class='ocrx_word' id='word_1_332' title='bbox 1086 2943 1272 2973; x_wconf 82' lang='lat' dir='ltr'><strong>visitatione</strong></span> 
     </span>
    </p>
   </div>
   <div class='ocr_carea' id='block_1_27' title="bbox 1327 356 1342 370">
    <p class='ocr_par' dir='ltr' id='par_1_27' title="bbox 1327 356 1342 370">
     <span class='ocr_line' id='line_1_71' title="bbox 1327 356 1342 370; baseline 0 0"><span class='ocrx_word' id='word_1_333' title='bbox 1327 356 1342 370; x_wconf 89' lang='grc'><strong>4(</strong></span> 
     </span>
    </p>
   </div>
   <div class='ocr_carea' id='block_1_28' title="bbox 1327 412 1342 426">
    <p class='ocr_par' dir='ltr' id='par_1_28' title="bbox 1327 412 1342 426">
     <span class='ocr_line' id='line_1_72' title="bbox 1327 412 1342 426; baseline 0 0"><span class='ocrx_word' id='word_1_334' title='bbox 1327 412 1342 426; x_wconf 66' lang='lat' dir='ltr'><strong>t(</strong></span> 
     </span>
    </p>
   </div>
   <div class='ocr_carea' id='block_1_29' title="bbox 1327 469 1340 482">
    <p class='ocr_par' dir='ltr' id='par_1_29' title="bbox 1327 469 1340 482">
     <span class='ocr_line' id='line_1_73' title="bbox 1327 469 1340 482; baseline 0.077 -1"><span class='ocrx_word' id='word_1_335' title='bbox 1327 469 1340 482; x_wconf 77' lang='lat'><strong>1(</strong></span> 
     </span>
    </p>
   </div>
   <div class='ocr_carea' id='block_1_30' title="bbox 1327 524 1340 538">
    <p class='ocr_par' dir='ltr' id='par_1_30' title="bbox 1327 524 1340 538">
     <span class='ocr_line' id='line_1_74' title="bbox 1327 524 1340 538; baseline -0.077 0"><span class='ocrx_word' id='word_1_336' title='bbox 1327 524 1340 538; x_wconf 85' lang='lat'>«</span> 
     </span>
    </p>
   </div>
   <div class='ocr_carea' id='block_1_31' title="bbox 1327 581 1341 595">
    <p class='ocr_par' dir='ltr' id='par_1_31' title="bbox 1327 581 1341 595">
     <span class='ocr_line' id='line_1_75' title="bbox 1327 581 1341 595; baseline -0.071 0"><span class='ocrx_word' id='word_1_337' title='bbox 1327 581 1341 595; x_wconf 81' lang='grc'><strong>4(</strong></span> 
     </span>
    </p>
   </div>
   <div class='ocr_carea' id='block_1_32' title="bbox 1325 638 1339 651">
    <p class='ocr_par' dir='ltr' id='par_1_32' title="bbox 1325 638 1339 651">
     <span class='ocr_line' id='line_1_76' title="bbox 1325 638 1339 651; baseline 0.071 -1"><span class='ocrx_word' id='word_1_338' title='bbox 1325 638 1339 651; x_wconf 80' lang='grc'><strong>4(</strong></span> 
     </span>
    </p>
   </div>
   <div class='ocr_carea' id='block_1_33' title="bbox 990 251 1625 307">
    <p class='ocr_par' dir='ltr' id='par_1_33' title="bbox 990 251 1625 307">
     <span class='ocr_line' id='line_1_77' title="bbox 990 251 1625 307; baseline 0.003 -2"><span class='ocrx_word' id='word_1_339' title='bbox 990 251 1223 306; x_wconf 65' lang='lat' dir='ltr'>REGISTRES</span> <span class='ocrx_word' id='word_1_340' title='bbox 1250 274 1466 307; x_wconf 66' lang='lat' dir='ltr'><strong>D&#39;ALEXAN</strong></span> <span class='ocrx_word' id='word_1_341' title='bbox 1475 276 1557 307; x_wconf 74' lang='lat' dir='ltr'><strong>DRE</strong></span> <span class='ocrx_word' id='word_1_342' title='bbox 1583 277 1625 307; x_wconf 77' lang='lat' dir='ltr'><strong>lv</strong></span> 
     </span>
    </p>
   </div>
   <div class='ocr_carea' id='block_1_34' title="bbox 1369 341 2319 666">
    <p class='ocr_par' dir='ltr' id='par_1_34' title="bbox 1369 341 2319 666">
     <span class='ocr_line' id='line_1_78' title="bbox 1370 341 2316 383; baseline 0.003 -11"><span class='ocrx_word' id='word_1_343' title='bbox 1370 342 1437 383; x_wconf 84' lang='lat' dir='ltr'><strong>ipsa</strong></span> <span class='ocrx_word' id='word_1_344' title='bbox 1466 351 1523 372; x_wconf 90' lang='lat' dir='ltr'><strong>seu</strong></span> <span class='ocrx_word' id='word_1_345' title='bbox 1550 342 1611 373; x_wconf 85' lang='lat' dir='ltr'><strong>alia</strong></span> <span class='ocrx_word' id='word_1_346' title='bbox 1638 343 1707 373; x_wconf 85' lang='lat' dir='ltr'><strong>vice</strong></span> <span class='ocrx_word' id='word_1_347' title='bbox 1730 343 1759 372; x_wconf 92' lang='lat' dir='ltr'><strong>in</strong></span> <span class='ocrx_word' id='word_1_348' title='bbox 1787 341 1900 373; x_wconf 85' lang='lat' dir='ltr'><strong>eodem</strong></span> <span class='ocrx_word' id='word_1_349' title='bbox 1934 343 2129 374; x_wconf 84' lang='lat' dir='ltr'><strong>monasterio</strong></span> <span class='ocrx_word' id='word_1_350' title='bbox 2155 343 2206 374; x_wconf 89' lang='lat' dir='ltr'><strong>vel</strong></span> <span class='ocrx_word' id='word_1_351' title='bbox 2231 344 2316 375; x_wconf 85' lang='lat' dir='ltr'><strong>infra</strong></span> 
     </span>
     <span class='ocr_line' id='line_1_79' title="bbox 1369 398 2314 440; baseline 0.002 -11"><span class='ocrx_word' id='word_1_352' title='bbox 1369 398 1552 429; x_wconf 78' lang='lat' dir='ltr'><strong>clausuram</strong></span> <span class='ocrx_word' id='word_1_353' title='bbox 1573 399 1672 440; x_wconf 85' lang='lat' dir='ltr'><strong>ipsius</strong></span> <span class='ocrx_word' id='word_1_354' title='bbox 1695 398 1883 429; x_wconf 87' lang='lat' dir='ltr'><strong>monasterii</strong></span> <span class='ocrx_word' id='word_1_355' title='bbox 1904 401 2111 440; x_wconf 86' lang='lat' dir='ltr'><strong>pernoctare,</strong></span> <span class='ocrx_word' id='word_1_356' title='bbox 2128 398 2237 431; x_wconf 87' lang='lat' dir='ltr'><strong>bibere</strong></span> <span class='ocrx_word' id='word_1_357' title='bbox 2257 410 2314 432; x_wconf 89' lang='lat' dir='ltr'><strong>seu</strong></span> 
     </span>
     <span class='ocr_line' id='line_1_80' title="bbox 1369 454 2319 496; baseline 0.003 -11"><span class='ocrx_word' id='word_1_358' title='bbox 1369 454 1543 486; x_wconf 82' lang='lat' dir='ltr'><strong>comedere</strong></span> <span class='ocrx_word' id='word_1_359' title='bbox 1573 456 1736 496; x_wconf 65' lang='lat' dir='ltr'><strong>predictus¹</strong></span> <span class='ocrx_word' id='word_1_360' title='bbox 1770 456 1942 496; x_wconf 87' lang='lat' dir='ltr'><strong>episcopus</strong></span> <span class='ocrx_word' id='word_1_361' title='bbox 1974 465 2035 486; x_wconf 91' lang='lat' dir='ltr'><strong>non</strong></span> <span class='ocrx_word' id='word_1_362' title='bbox 2061 455 2201 487; x_wconf 84' lang='lat' dir='ltr'><strong>debebit.</strong></span> <span class='ocrx_word' id='word_1_363' title='bbox 2239 457 2319 488; x_wconf 89' lang='lat' dir='ltr'><strong>Pre-</strong></span> 
     </span>
     <span class='ocr_line' id='line_1_81' title="bbox 1369 511 2311 553; baseline 0.003 -12"><span class='ocrx_word' id='word_1_364' title='bbox 1369 515 1463 542; x_wconf 87' lang='lat' dir='ltr'><strong>terea</strong></span> <span class='ocrx_word' id='word_1_365' title='bbox 1503 511 1701 544; x_wconf 84' lang='lat' dir='ltr'><strong>ordinamus.</strong></span> <span class='ocrx_word' id='word_1_366' title='bbox 1734 512 1906 542; x_wconf 83' lang='lat' dir='ltr'><strong>statuimus</strong></span> <span class='ocrx_word' id='word_1_367' title='bbox 1930 513 1964 542; x_wconf 89' lang='lat' dir='ltr'><strong>et</strong></span> <span class='ocrx_word' id='word_1_368' title='bbox 1990 511 2199 552; x_wconf 84' lang='lat' dir='ltr'><strong>disponimus,</strong></span> <span class='ocrx_word' id='word_1_369' title='bbox 2228 513 2311 553; x_wconf 91' lang='lat' dir='ltr'><strong>quod</strong></span> 
     </span>
     <span class='ocr_line' id='line_1_82' title="bbox 1370 567 2312 610; baseline 0.002 -12"><span class='ocrx_word' id='word_1_370' title='bbox 1370 567 1468 598; x_wconf 85' lang='lat' dir='ltr'><strong>abbas</strong></span> <span class='ocrx_word' id='word_1_371' title='bbox 1489 569 1522 598; x_wconf 90' lang='lat' dir='ltr'><strong>et</strong></span> <span class='ocrx_word' id='word_1_372' title='bbox 1544 572 1736 605; x_wconf 78' lang='lat' dir='ltr'><strong>conventus,</strong></span> <span class='ocrx_word' id='word_1_373' title='bbox 1759 568 1844 609; x_wconf 90' lang='lat' dir='ltr'><strong>prior</strong></span> <span class='ocrx_word' id='word_1_374' title='bbox 1868 570 1900 598; x_wconf 85' lang='lat' dir='ltr'><strong>et</strong></span> <span class='ocrx_word' id='word_1_375' title='bbox 1919 567 2143 599; x_wconf 82' lang='lat' dir='ltr'><strong>obedientiarii</strong></span> <span class='ocrx_word' id='word_1_376' title='bbox 2163 568 2312 610; x_wconf 86' lang='lat' dir='ltr'><strong>ejusdem</strong></span> 
     </span>
     <span class='ocr_line' id='line_1_83' title="bbox 1369 624 2310 666; baseline 0.002 -12"><span class='ocrx_word' id='word_1_377' title='bbox 1369 625 1557 655; x_wconf 82' lang='lat' dir='ltr'><strong>monasterii</strong></span> <span class='ocrx_word' id='word_1_378' title='bbox 1575 634 1683 655; x_wconf 85' lang='lat' dir='ltr'><strong>coram</strong></span> <span class='ocrx_word' id='word_1_379' title='bbox 1703 625 1853 665; x_wconf 88' lang='lat' dir='ltr'><strong>episeopo</strong></span> <span class='ocrx_word' id='word_1_380' title='bbox 1867 624 2080 665; x_wconf 70' lang='lat' dir='ltr'><strong>Esliieii&lt;i,qi1i</strong></span> <span class='ocrx_word' id='word_1_381' title='bbox 2094 635 2150 666; x_wconf 87' lang='lat' dir='ltr'><strong>pro</strong></span> <span class='ocrx_word' id='word_1_382' title='bbox 2164 628 2310 666; x_wconf 88' lang='lat' dir='ltr'><strong>tempore</strong></span> 
     </span>
    </p>
   </div>
   <div class='ocr_carea' id='block_1_35' title="bbox 1326 681 2317 721">
    <p class='ocr_par' dir='ltr' id='par_1_35' title="bbox 1326 681 2317 721">
     <span class='ocr_line' id='line_1_84' title="bbox 1326 681 2317 721; baseline 0.001 -9"><span class='ocrx_word' id='word_1_383' title='bbox 1326 697 1339 708; x_wconf 68' lang='lat' dir='ltr'><strong>a</strong></span> <span class='ocrx_word' id='word_1_384' title='bbox 1368 682 1478 720; x_wconf 84' lang='lat' dir='ltr'><strong>fuerit,</strong></span> <span class='ocrx_word' id='word_1_385' title='bbox 1506 681 1556 712; x_wconf 82' lang='lat' dir='ltr'><strong>vel</strong></span> <span class='ocrx_word' id='word_1_386' title='bbox 1585 681 1656 721; x_wconf 84' lang='lat' dir='ltr'><strong>ejus</strong></span> <span class='ocrx_word' id='word_1_387' title='bbox 1677 681 1819 714; x_wconf 76' lang='lat' dir='ltr'><strong>officiali.</strong></span> <span class='ocrx_word' id='word_1_388' title='bbox 1847 681 1877 712; x_wconf 94' lang='lat' dir='ltr'><strong>in</strong></span> <span class='ocrx_word' id='word_1_389' title='bbox 1898 681 2045 712; x_wconf 84' lang='lat' dir='ltr'><strong>omnibus</strong></span> <span class='ocrx_word' id='word_1_390' title='bbox 2065 682 2185 719; x_wconf 86' lang='lat' dir='ltr'><strong>causis,</strong></span> <span class='ocrx_word' id='word_1_391' title='bbox 2208 682 2317 713; x_wconf 89' lang='lat' dir='ltr'><strong>crimi-</strong></span> 
     </span>
    </p>
   </div>
   <div class='ocr_carea' id='block_1_36' title="bbox 1329 1658 1344 1671">
    <p class='ocr_par' dir='ltr' id='par_1_36' title="bbox 1329 1658 1344 1671">
     <span class='ocr_line' id='line_1_85' title="bbox 1329 1658 1344 1671; textangle 90"><span class='ocrx_word' id='word_1_392' title='bbox 1329 1658 1344 1671; x_wconf 60' lang='grc' dir='ltr'><strong>,ζ’</strong></span> 
     </span>
    </p>
   </div>
   <div class='ocr_carea' id='block_1_37' title="bbox 1331 1942 1336 1955">
    <p class='ocr_par' dir='ltr' id='par_1_37' title="bbox 1331 1942 1336 1955">
     <span class='ocr_line' id='line_1_86' title="bbox 1331 1942 1336 1955; baseline 0 0"><span class='ocrx_word' id='word_1_393' title='bbox 1331 1942 1336 1955; x_wconf 91' lang='grc'><strong>(</strong></span> 
     </span>
    </p>
   </div>
   <div class='ocr_carea' id='block_1_38' title="bbox 1332 1998 1338 2013">
    <p class='ocr_par' dir='ltr' id='par_1_38' title="bbox 1332 1998 1338 2013">
     <span class='ocr_line' id='line_1_87' title="bbox 1332 1998 1338 2013; baseline 0 0"><span class='ocrx_word' id='word_1_394' title='bbox 1332 1998 1338 2013; x_wconf 94' lang='grc'><strong>(</strong></span> 
     </span>
    </p>
   </div>
   <div class='ocr_carea' id='block_1_39' title="bbox 1333 2056 1347 2069">
    <p class='ocr_par' dir='ltr' id='par_1_39' title="bbox 1333 2056 1347 2069">
     <span class='ocr_line' id='line_1_88' title="bbox 1333 2056 1347 2069; baseline 0 0"><span class='ocrx_word' id='word_1_395' title='bbox 1333 2056 1347 2069; x_wconf 85' lang='grc'><strong>(4</strong></span> 
     </span>
    </p>
   </div>
   <div class='ocr_carea' id='block_1_40' title="bbox 1334 2111 1348 2125">
    <p class='ocr_par' dir='ltr' id='par_1_40' title="bbox 1334 2111 1348 2125">
     <span class='ocr_line' id='line_1_89' title="bbox 1334 2111 1348 2125; baseline 0 0"><span class='ocrx_word' id='word_1_396' title='bbox 1334 2111 1348 2125; x_wconf 79' lang='grc'><strong>(4</strong></span> 
     </span>
    </p>
   </div>
   <div class='ocr_carea' id='block_1_41' title="bbox 1334 2168 1347 2181">
    <p class='ocr_par' dir='ltr' id='par_1_41' title="bbox 1334 2168 1347 2181">
     <span class='ocr_line' id='line_1_90' title="bbox 1334 2168 1347 2181; baseline 0 0"><span class='ocrx_word' id='word_1_397' title='bbox 1334 2168 1347 2181; x_wconf 85' lang='grc'><strong>(4</strong></span> 
     </span>
    </p>
   </div>
   <div class='ocr_carea' id='block_1_42' title="bbox 1333 2225 1347 2240">
    <p class='ocr_par' dir='ltr' id='par_1_42' title="bbox 1333 2225 1347 2240">
     <span class='ocr_line' id='line_1_91' title="bbox 1333 2225 1347 2240; baseline -0.071 0"><span class='ocrx_word' id='word_1_398' title='bbox 1333 2225 1347 2240; x_wconf 84' lang='grc'><strong>(4</strong></span> 
     </span>
    </p>
   </div>
   <div class='ocr_carea' id='block_1_43' title="bbox 1333 2280 1347 2295">
    <p class='ocr_par' dir='ltr' id='par_1_43' title="bbox 1333 2280 1347 2295">
     <span class='ocr_line' id='line_1_92' title="bbox 1333 2280 1347 2295; baseline 0 0"><span class='ocrx_word' id='word_1_399' title='bbox 1333 2280 1347 2295; x_wconf 76' lang='grc'><strong>4(</strong></span> 
     </span>
    </p>
   </div>
   <div class='ocr_carea' id='block_1_44' title="bbox 1331 2338 1345 2353">
    <p class='ocr_par' dir='ltr' id='par_1_44' title="bbox 1331 2338 1345 2353">
     <span class='ocr_line' id='line_1_93' title="bbox 1331 2338 1345 2353; baseline -0.143 0"><span class='ocrx_word' id='word_1_400' title='bbox 1331 2338 1345 2353; x_wconf 83' lang='grc'><strong>(4</strong></span> 
     </span>
    </p>
   </div>
   <div class='ocr_carea' id='block_1_45' title="bbox 1331 2394 1345 2408">
    <p class='ocr_par' dir='ltr' id='par_1_45' title="bbox 1331 2394 1345 2408">
     <span class='ocr_line' id='line_1_94' title="bbox 1331 2394 1345 2408; baseline 0.071 -1"><span class='ocrx_word' id='word_1_401' title='bbox 1331 2394 1345 2408; x_wconf 78' lang='lat'><strong>1(</strong></span> 
     </span>
    </p>
   </div>
   <div class='ocr_carea' id='block_1_46' title="bbox 1330 2450 1343 2465">
    <p class='ocr_par' dir='ltr' id='par_1_46' title="bbox 1330 2450 1343 2465">
     <span class='ocr_line' id='line_1_95' title="bbox 1330 2450 1343 2465; baseline 0 0"><span class='ocrx_word' id='word_1_402' title='bbox 1330 2450 1343 2465; x_wconf 87' lang='grc'><strong>(4</strong></span> 
     </span>
    </p>
   </div>
   <div class='ocr_carea' id='block_1_47' title="bbox 1330 2508 1343 2521">
    <p class='ocr_par' dir='ltr' id='par_1_47' title="bbox 1330 2508 1343 2521">
     <span class='ocr_line' id='line_1_96' title="bbox 1330 2508 1343 2521; baseline 0 0"><span class='ocrx_word' id='word_1_403' title='bbox 1330 2508 1343 2521; x_wconf 79' lang='grc'><strong>(4</strong></span> 
     </span>
    </p>
   </div>
   <div class='ocr_carea' id='block_1_48' title="bbox 1330 2563 1343 2578">
    <p class='ocr_par' dir='ltr' id='par_1_48' title="bbox 1330 2563 1343 2578">
     <span class='ocr_line' id='line_1_97' title="bbox 1330 2563 1343 2578; baseline -0.077 0"><span class='ocrx_word' id='word_1_404' title='bbox 1330 2563 1343 2578; x_wconf 75' lang='lat' dir='ltr'><strong>t(</strong></span> 
     </span>
    </p>
   </div>
   <div class='ocr_carea' id='block_1_49' title="bbox 1329 2620 1343 2636">
    <p class='ocr_par' dir='ltr' id='par_1_49' title="bbox 1329 2620 1343 2636">
     <span class='ocr_line' id='line_1_98' title="bbox 1329 2620 1343 2636; baseline -0.143 0"><span class='ocrx_word' id='word_1_405' title='bbox 1329 2620 1343 2636; x_wconf 94' lang='grc'><strong>(4</strong></span> 
     </span>
    </p>
   </div>
   <div class='ocr_carea' id='block_1_50' title="bbox 1330 2676 1343 2691">
    <p class='ocr_par' dir='ltr' id='par_1_50' title="bbox 1330 2676 1343 2691">
     <span class='ocr_line' id='line_1_99' title="bbox 1330 2676 1343 2691; baseline -0.077 0"><span class='ocrx_word' id='word_1_406' title='bbox 1330 2676 1343 2691; x_wconf 84' lang='grc'><strong>(4</strong></span> 
     </span>
    </p>
   </div>
   <div class='ocr_carea' id='block_1_51' title="bbox 1329 2733 1342 2747">
    <p class='ocr_par' dir='ltr' id='par_1_51' title="bbox 1329 2733 1342 2747">
     <span class='ocr_line' id='line_1_100' title="bbox 1329 2733 1342 2747; baseline 0 0"><span class='ocrx_word' id='word_1_407' title='bbox 1329 2733 1342 2747; x_wconf 87' lang='grc'><strong>(4</strong></span> 
     </span>
    </p>
   </div>
   <div class='ocr_carea' id='block_1_52' title="bbox 1328 2790 1343 2804">
    <p class='ocr_par' dir='ltr' id='par_1_52' title="bbox 1328 2790 1343 2804">
     <span class='ocr_line' id='line_1_101' title="bbox 1328 2790 1343 2804; baseline 0.067 -1"><span class='ocrx_word' id='word_1_408' title='bbox 1328 2790 1343 2804; x_wconf 76' lang='grc' dir='ltr'><strong>ί(</strong></span> 
     </span>
    </p>
   </div>
   <div class='ocr_carea' id='block_1_53' title="bbox 1328 2846 1342 2861">
    <p class='ocr_par' dir='ltr' id='par_1_53' title="bbox 1328 2846 1342 2861">
     <span class='ocr_line' id='line_1_102' title="bbox 1328 2846 1342 2861; baseline -0.143 0"><span class='ocrx_word' id='word_1_409' title='bbox 1328 2846 1342 2861; x_wconf 84' lang='grc'><strong>(4</strong></span> 
     </span>
    </p>
   </div>
   <div class='ocr_carea' id='block_1_54' title="bbox 1327 2902 1341 2917">
    <p class='ocr_par' dir='ltr' id='par_1_54' title="bbox 1327 2902 1341 2917">
     <span class='ocr_line' id='line_1_103' title="bbox 1327 2902 1341 2917; baseline 0 0"><span class='ocrx_word' id='word_1_410' title='bbox 1327 2902 1341 2917; x_wconf 86' lang='grc'><strong>(4</strong></span> 
     </span>
    </p>
   </div>
   <div class='ocr_carea' id='block_1_55' title="bbox 1327 2959 1342 2973">
    <p class='ocr_par' dir='ltr' id='par_1_55' title="bbox 1327 2959 1342 2973">
     <span class='ocr_line' id='line_1_104' title="bbox 1327 2959 1342 2973; baseline -0.133 0"><span class='ocrx_word' id='word_1_411' title='bbox 1327 2959 1342 2973; x_wconf 68' lang='grc'><strong>(1</strong></span> 
     </span>
    </p>
   </div>
   <div class='ocr_carea' id='block_1_56' title="bbox 1366 738 2319 1797">
    <p class='ocr_par' dir='ltr' id='par_1_56' title="bbox 1366 738 2319 1797">
     <span class='ocr_line' id='line_1_105' title="bbox 1371 738 2316 779; baseline 0.001 -10"><span class='ocrx_word' id='word_1_412' title='bbox 1371 738 1493 769; x_wconf 80' lang='lat' dir='ltr'><strong>nalibus</strong></span> <span class='ocrx_word' id='word_1_413' title='bbox 1518 738 1687 769; x_wconf 81' lang='lat' dir='ltr'><strong>dumtaxat</strong></span> <span class='ocrx_word' id='word_1_414' title='bbox 1715 738 1876 779; x_wconf 82' lang='lat' dir='ltr'><strong>exeeptis,</strong></span> <span class='ocrx_word' id='word_1_415' title='bbox 1898 739 2073 769; x_wconf 75' lang='lat' dir='ltr'><strong>convenire</strong></span> <span class='ocrx_word' id='word_1_416' title='bbox 2101 740 2254 779; x_wconf 87' lang='lat' dir='ltr'><strong>poterunt</strong></span> <span class='ocrx_word' id='word_1_417' title='bbox 2279 749 2316 770; x_wconf 84' lang='lat' dir='ltr'><strong>ac</strong></span> 
     </span>
     <span class='ocr_line' id='line_1_106' title="bbox 1369 794 2314 837; baseline 0 -11"><span class='ocrx_word' id='word_1_418' title='bbox 1369 795 1467 826; x_wconf 91' lang='lat' dir='ltr'><strong>etiam</strong></span> <span class='ocrx_word' id='word_1_419' title='bbox 1487 795 1669 830; x_wconf 69' lang='lat' dir='ltr'><strong>conveniri3</strong></span> <span class='ocrx_word' id='word_1_420' title='bbox 1689 795 1718 825; x_wconf 88' lang='lat' dir='ltr'><strong>in</strong></span> <span class='ocrx_word' id='word_1_421' title='bbox 1731 794 1845 835; x_wconf 78' lang='lat' dir='ltr'><strong>quibus</strong></span> <span class='ocrx_word' id='word_1_422' title='bbox 1861 795 1980 833; x_wconf 83' lang='lat' dir='ltr'><strong>causis,</strong></span> <span class='ocrx_word' id='word_1_423' title='bbox 1998 795 2147 837; x_wconf 84' lang='lat' dir='ltr'><strong>exceptis</strong></span> <span class='ocrx_word' id='word_1_424' title='bbox 2163 795 2314 826; x_wconf 88' lang='lat' dir='ltr'><strong>crimina-</strong></span> 
     </span>
     <span class='ocr_line' id='line_1_107' title="bbox 1369 851 1464 886; baseline 0 -4"><span class='ocrx_word' id='word_1_425' title='bbox 1369 851 1464 886; x_wconf 80' lang='lat' dir='ltr'><strong>libus,</strong></span> 
     </span>
     <span class='ocr_line' id='line_1_108' title="bbox 1370 908 2310 950; baseline 0 -11"><span class='ocrx_word' id='word_1_426' title='bbox 1370 909 1531 946; x_wconf 78' lang='lat' dir='ltr'><strong>extiterit,</strong></span> <span class='ocrx_word' id='word_1_427' title='bbox 1562 918 1619 949; x_wconf 86' lang='lat' dir='ltr'><strong>per</strong></span> <span class='ocrx_word' id='word_1_428' title='bbox 1648 909 1833 950; x_wconf 79' lang='lat' dir='ltr'><strong>episcopum</strong></span> <span class='ocrx_word' id='word_1_429' title='bbox 1861 908 1912 939; x_wconf 92' lang='lat' dir='ltr'><strong>vel</strong></span> <span class='ocrx_word' id='word_1_430' title='bbox 1939 908 2108 940; x_wconf 79' lang='lat' dir='ltr'><strong>officialem</strong></span> <span class='ocrx_word' id='word_1_431' title='bbox 2147 908 2310 950; x_wconf 84' lang='lat' dir='ltr'><strong>predictos</strong></span> 
     </span>
     <span class='ocr_line' id='line_1_109' title="bbox 1369 964 2314 1006; baseline 0.001 -11"><span class='ocrx_word' id='word_1_432' title='bbox 1369 965 1489 1006; x_wconf 86' lang='lat' dir='ltr'><strong>poterit</strong></span> <span class='ocrx_word' id='word_1_433' title='bbox 1500 967 1625 996; x_wconf 84' lang='lat' dir='ltr'><strong>tantum</strong></span> <span class='ocrx_word' id='word_1_434' title='bbox 1637 965 1676 995; x_wconf 88' lang='lat' dir='ltr'><strong>ab</strong></span> <span class='ocrx_word' id='word_1_435' title='bbox 1693 965 1806 996; x_wconf 87' lang='lat' dir='ltr'><strong>altaris</strong></span> <span class='ocrx_word' id='word_1_436' title='bbox 1818 964 1926 995; x_wconf 79' lang='lat' dir='ltr'><strong>officio</strong></span> <span class='ocrx_word' id='word_1_437' title='bbox 1942 964 2114 1006; x_wconf 73' lang='lat' dir='ltr'><strong>suspendi:</strong></span> <span class='ocrx_word' id='word_1_438' title='bbox 2133 966 2314 996; x_wconf 86' lang='lat' dir='ltr'><strong>conventus</strong></span> 
     </span>
     <span class='ocr_line' id='line_1_110' title="bbox 1370 1022 2314 1063; baseline 0.002 -12"><span class='ocrx_word' id='word_1_439' title='bbox 1370 1031 1446 1052; x_wconf 77' lang='lat' dir='ltr'><strong>vero</strong></span> <span class='ocrx_word' id='word_1_440' title='bbox 1462 1022 1533 1052; x_wconf 90' lang='lat' dir='ltr'><strong>siin</strong></span> <span class='ocrx_word' id='word_1_441' title='bbox 1547 1022 1668 1052; x_wconf 86' lang='lat' dir='ltr'><strong>eisdem</strong></span> <span class='ocrx_word' id='word_1_442' title='bbox 1683 1022 1802 1059; x_wconf 69' lang='lat' dir='ltr'><strong>causis,</strong></span> <span class='ocrx_word' id='word_1_443' title='bbox 1819 1022 1969 1063; x_wconf 86' lang='lat' dir='ltr'><strong>exceptis</strong></span> <span class='ocrx_word' id='word_1_444' title='bbox 1983 1022 2217 1056; x_wconf 73' lang='lat' dir='ltr'><strong>criminalibus.</strong></span> <span class='ocrx_word' id='word_1_445' title='bbox 2235 1030 2314 1053; x_wconf 89' lang='lat' dir='ltr'><strong>con·-</strong></span> 
     </span>
     <span class='ocr_line' id='line_1_111' title="bbox 1370 1077 2319 1120; baseline 0 -12"><span class='ocrx_word' id='word_1_446' title='bbox 1370 1080 1481 1108; x_wconf 75' lang='lat' dir='ltr'><strong>tumax</strong></span> <span class='ocrx_word' id='word_1_447' title='bbox 1498 1078 1549 1109; x_wconf 90' lang='lat' dir='ltr'><strong>vel</strong></span> <span class='ocrx_word' id='word_1_448' title='bbox 1566 1078 1752 1109; x_wconf 81' lang='lat' dir='ltr'><strong>inobediens</strong></span> <span class='ocrx_word' id='word_1_449' title='bbox 1774 1078 1884 1115; x_wconf 82' lang='lat' dir='ltr'><strong>fuerit,</strong></span> <span class='ocrx_word' id='word_1_450' title='bbox 1901 1079 1932 1108; x_wconf 90' lang='lat' dir='ltr'><strong>in</strong></span> <span class='ocrx_word' id='word_1_451' title='bbox 1950 1078 2033 1109; x_wconf 80' lang='lat' dir='ltr'><strong>liunc</strong></span> <span class='ocrx_word' id='word_1_452' title='bbox 2055 1078 2182 1109; x_wconf 86' lang='lat' dir='ltr'><strong>modum</strong></span> <span class='ocrx_word' id='word_1_453' title='bbox 2197 1077 2319 1120; x_wconf 85' lang='lat' dir='ltr'><strong>poterit</strong></span> 
     </span>
     <span class='ocr_line' id='line_1_112' title="bbox 1369 1134 2314 1176; baseline 0.001 -12"><span class='ocrx_word' id='word_1_454' title='bbox 1369 1134 1536 1169; x_wconf 74' lang='lat' dir='ltr'><strong>interdici:</strong></span> <span class='ocrx_word' id='word_1_455' title='bbox 1559 1134 1712 1165; x_wconf 87' lang='lat' dir='ltr'><strong>videlicet</strong></span> <span class='ocrx_word' id='word_1_456' title='bbox 1728 1134 1810 1174; x_wconf 78' lang='lat' dir='ltr'><strong>quod</strong></span> <span class='ocrx_word' id='word_1_457' title='bbox 1831 1135 1897 1165; x_wconf 86' lang='lat' dir='ltr'><strong>alta</strong></span> <span class='ocrx_word' id='word_1_458' title='bbox 1921 1144 2002 1166; x_wconf 77' lang='lat' dir='ltr'><strong>voce</strong></span> <span class='ocrx_word' id='word_1_459' title='bbox 2023 1134 2072 1165; x_wconf 86' lang='lat' dir='ltr'><strong>vel</strong></span> <span class='ocrx_word' id='word_1_460' title='bbox 2090 1134 2314 1176; x_wconf 84' lang='lat' dir='ltr'><strong>sollempniter</strong></span> 
     </span>
     <span class='ocr_line' id='line_1_113' title="bbox 1369 1190 2317 1232; baseline 0.001 -11"><span class='ocrx_word' id='word_1_461' title='bbox 1369 1190 1477 1221; x_wconf 88' lang='lat' dir='ltr'><strong>divina</strong></span> <span class='ocrx_word' id='word_1_462' title='bbox 1508 1201 1568 1221; x_wconf 85' lang='lat' dir='ltr'><strong>non</strong></span> <span class='ocrx_word' id='word_1_463' title='bbox 1590 1191 1710 1232; x_wconf 89' lang='lat' dir='ltr'><strong>poterit</strong></span> <span class='ocrx_word' id='word_1_464' title='bbox 1728 1190 1906 1222; x_wconf 85' lang='lat' dir='ltr'><strong>celebrare.</strong></span> <span class='ocrx_word' id='word_1_465' title='bbox 1940 1191 2188 1229; x_wconf 85' lang='lat' dir='ltr'><strong>Verumtamen,</strong></span> <span class='ocrx_word' id='word_1_466' title='bbox 2207 1191 2317 1232; x_wconf 84' lang='lat' dir='ltr'><strong>januis</strong></span> 
     </span>
     <span class='ocr_line' id='line_1_114' title="bbox 1369 1246 2318 1289; baseline 0.002 -12"><span class='ocrx_word' id='word_1_467' title='bbox 1369 1247 1488 1278; x_wconf 86' lang='lat' dir='ltr'><strong>clausis</strong></span> <span class='ocrx_word' id='word_1_468' title='bbox 1507 1248 1541 1278; x_wconf 89' lang='lat' dir='ltr'><strong>et</strong></span> <span class='ocrx_word' id='word_1_469' title='bbox 1561 1257 1640 1279; x_wconf 90' lang='lat' dir='ltr'><strong>voce</strong></span> <span class='ocrx_word' id='word_1_470' title='bbox 1663 1248 1848 1282; x_wconf 78' lang='lat' dir='ltr'><strong>summissa,</strong></span> <span class='ocrx_word' id='word_1_471' title='bbox 1870 1247 2014 1278; x_wconf 89' lang='lat' dir='ltr'><strong>divinum</strong></span> <span class='ocrx_word' id='word_1_472' title='bbox 2031 1246 2176 1278; x_wconf 80' lang='lat' dir='ltr'><strong>officium</strong></span> <span class='ocrx_word' id='word_1_473' title='bbox 2196 1248 2318 1289; x_wconf 84' lang='lat' dir='ltr'><strong>poterit</strong></span> 
     </span>
     <span class='ocr_line' id='line_1_115' title="bbox 1369 1303 2319 1345; baseline 0.002 -11"><span class='ocrx_word' id='word_1_474' title='bbox 1369 1314 1541 1341; x_wconf 79' lang='lat' dir='ltr'><strong>exercere,</strong></span> <span class='ocrx_word' id='word_1_475' title='bbox 1551 1314 1589 1335; x_wconf 87' lang='lat' dir='ltr'><strong>ac</strong></span> <span class='ocrx_word' id='word_1_476' title='bbox 1602 1304 1701 1335; x_wconf 83' lang='lat' dir='ltr'><strong>etiam</strong></span> <span class='ocrx_word' id='word_1_477' title='bbox 1715 1304 1745 1335; x_wconf 90' lang='lat' dir='ltr'><strong>in</strong></span> <span class='ocrx_word' id='word_1_478' title='bbox 1757 1305 1894 1345; x_wconf 84' lang='lat' dir='ltr'><strong>quinque</strong></span> <span class='ocrx_word' id='word_1_479' title='bbox 1906 1303 2152 1341; x_wconf 80' lang='lat' dir='ltr'><strong>festivitatibus,</strong></span> <span class='ocrx_word' id='word_1_480' title='bbox 2162 1303 2319 1336; x_wconf 88' lang='lat' dir='ltr'><strong>videlicet</strong></span> 
     </span>
     <span class='ocr_line' id='line_1_116' title="bbox 1370 1360 2316 1398; baseline 0.001 -7"><span class='ocrx_word' id='word_1_481' title='bbox 1370 1360 1494 1391; x_wconf 88' lang='lat' dir='ltr'><strong>Natalis</strong></span> <span class='ocrx_word' id='word_1_482' title='bbox 1516 1360 1652 1398; x_wconf 84' lang='lat' dir='ltr'><strong>Domini,</strong></span> <span class='ocrx_word' id='word_1_483' title='bbox 1679 1361 1954 1398; x_wconf 74' lang='lat' dir='ltr'><strong>ResurrectioniS,</strong></span> <span class='ocrx_word' id='word_1_484' title='bbox 1978 1361 2195 1391; x_wconf 82' lang='lat' dir='ltr'><strong>Pentecostes</strong></span> <span class='ocrx_word' id='word_1_485' title='bbox 2223 1362 2257 1392; x_wconf 86' lang='lat' dir='ltr'><strong>et</strong></span> <span class='ocrx_word' id='word_1_486' title='bbox 2283 1361 2316 1392; x_wconf 90' lang='lat' dir='ltr'><strong>in</strong></span> 
     </span>
     <span class='ocr_line' id='line_1_117' title="bbox 1369 1416 2317 1452; baseline 0 -4"><span class='ocrx_word' id='word_1_487' title='bbox 1369 1416 1492 1448; x_wconf 86' lang='lat' dir='ltr'><strong>duabus</strong></span> <span class='ocrx_word' id='word_1_488' title='bbox 1506 1417 1742 1448; x_wconf 84' lang='lat' dir='ltr'><strong>festivitatibus</strong></span> <span class='ocrx_word' id='word_1_489' title='bbox 1757 1418 1861 1448; x_wconf 87' lang='lat' dir='ltr'><strong>sancti</strong></span> <span class='ocrx_word' id='word_1_490' title='bbox 1877 1417 2019 1452; x_wconf 73' lang='lat' dir='ltr'><strong>Martini,</strong></span> <span class='ocrx_word' id='word_1_491' title='bbox 2038 1417 2076 1447; x_wconf 94' lang='lat' dir='ltr'><strong>ob</strong></span> <span class='ocrx_word' id='word_1_492' title='bbox 2100 1417 2317 1448; x_wconf 85' lang='lat' dir='ltr'><strong>reverentiam</strong></span> 
     </span>
     <span class='ocr_line' id='line_1_118' title="bbox 1369 1472 2318 1515; baseline 0.001 -12"><span class='ocrx_word' id='word_1_493' title='bbox 1369 1473 1530 1504; x_wconf 87' lang='lat' dir='ltr'><strong>dictarum</strong></span> <span class='ocrx_word' id='word_1_494' title='bbox 1563 1474 1793 1509; x_wconf 80' lang='lat' dir='ltr'><strong>festivitatum,</strong></span> <span class='ocrx_word' id='word_1_495' title='bbox 1820 1474 1885 1505; x_wconf 87' lang='lat' dir='ltr'><strong>alta</strong></span> <span class='ocrx_word' id='word_1_496' title='bbox 1917 1484 1997 1505; x_wconf 84' lang='lat' dir='ltr'><strong>voce</strong></span> <span class='ocrx_word' id='word_1_497' title='bbox 2028 1475 2061 1505; x_wconf 87' lang='lat' dir='ltr'><strong>et</strong></span> <span class='ocrx_word' id='word_1_498' title='bbox 2095 1472 2318 1515; x_wconf 86' lang='lat' dir='ltr'><strong>sollempniter</strong></span> 
     </span>
     <span class='ocr_line' id='line_1_119' title="bbox 1369 1529 2315 1572; baseline 0 -12"><span class='ocrx_word' id='word_1_499' title='bbox 1369 1529 1477 1561; x_wconf 83' lang='lat' dir='ltr'><strong>divina</strong></span> <span class='ocrx_word' id='word_1_500' title='bbox 1515 1531 1633 1572; x_wconf 89' lang='lat' dir='ltr'><strong>poterit</strong></span> <span class='ocrx_word' id='word_1_501' title='bbox 1676 1530 1860 1562; x_wconf 76' lang='lat' dir='ltr'><strong>celebrare.</strong></span> <span class='ocrx_word' id='word_1_502' title='bbox 1903 1531 2006 1561; x_wconf 87' lang='lat' dir='ltr'><strong>Porro</strong></span> <span class='ocrx_word' id='word_1_503' title='bbox 2043 1529 2142 1560; x_wconf 88' lang='lat' dir='ltr'><strong>abbas</strong></span> <span class='ocrx_word' id='word_1_504' title='bbox 2181 1531 2214 1560; x_wconf 87' lang='lat' dir='ltr'><strong>et</strong></span> <span class='ocrx_word' id='word_1_505' title='bbox 2241 1539 2315 1561; x_wconf 88' lang='lat' dir='ltr'><strong>con-</strong></span> 
     </span>
     <span class='ocr_line' id='line_1_120' title="bbox 1370 1586 2313 1629; baseline -0.001 -12"><span class='ocrx_word' id='word_1_506' title='bbox 1370 1589 1486 1619; x_wconf 87' lang='lat' dir='ltr'><strong>ventus</strong></span> <span class='ocrx_word' id='word_1_507' title='bbox 1524 1587 1661 1628; x_wconf 85' lang='lat' dir='ltr'><strong>predicti</strong></span> <span class='ocrx_word' id='word_1_508' title='bbox 1692 1597 1750 1629; x_wconf 88' lang='lat' dir='ltr'><strong>per</strong></span> <span class='ocrx_word' id='word_1_509' title='bbox 1782 1588 1886 1628; x_wconf 91' lang='lat' dir='ltr'><strong>ipsum</strong></span> <span class='ocrx_word' id='word_1_510' title='bbox 1925 1587 2110 1628; x_wconf 83' lang='lat' dir='ltr'><strong>episcopum</strong></span> <span class='ocrx_word' id='word_1_511' title='bbox 2155 1587 2207 1617; x_wconf 89' lang='lat' dir='ltr'><strong>vel</strong></span> <span class='ocrx_word' id='word_1_512' title='bbox 2239 1586 2313 1627; x_wconf 86' lang='lat' dir='ltr'><strong>ejus</strong></span> 
     </span>
     <span class='ocr_line' id='line_1_121' title="bbox 1366 1642 2319 1685; baseline -0.001 -11"><span class='ocrx_word' id='word_1_513' title='bbox 1366 1644 1539 1675; x_wconf 83' lang='lat' dir='ltr'><strong>officialem</strong></span> <span class='ocrx_word' id='word_1_514' title='bbox 1587 1644 1688 1685; x_wconf 87' lang='lat' dir='ltr'><strong>puniri</strong></span> <span class='ocrx_word' id='word_1_515' title='bbox 1732 1644 1840 1684; x_wconf 88' lang='lat' dir='ltr'><strong>aliqua</strong></span> <span class='ocrx_word' id='word_1_516' title='bbox 1887 1654 1968 1684; x_wconf 89' lang='lat' dir='ltr'><strong>pena</strong></span> <span class='ocrx_word' id='word_1_517' title='bbox 2010 1643 2073 1674; x_wconf 84' lang='lat' dir='ltr'><strong>alia</strong></span> <span class='ocrx_word' id='word_1_518' title='bbox 2125 1653 2186 1674; x_wconf 92' lang='lat' dir='ltr'><strong>non</strong></span> <span class='ocrx_word' id='word_1_519' title='bbox 2230 1642 2319 1673; x_wconf 88' lang='lat' dir='ltr'><strong>vale-</strong></span> 
     </span>
     <span class='ocr_line' id='line_1_122' title="bbox 1367 1700 2315 1742; baseline -0.001 -11"><span class='ocrx_word' id='word_1_520' title='bbox 1367 1700 1456 1735; x_wconf 76' lang='lat' dir='ltr'><strong>bunt,</strong></span> <span class='ocrx_word' id='word_1_521' title='bbox 1484 1700 1542 1732; x_wconf 92' lang='lat' dir='ltr'><strong>sed</strong></span> <span class='ocrx_word' id='word_1_522' title='bbox 1568 1701 1667 1742; x_wconf 81' lang='lat' dir='ltr'><strong>prior,</strong></span> <span class='ocrx_word' id='word_1_523' title='bbox 1700 1700 1924 1731; x_wconf 70' lang='lat' dir='ltr'><strong>obedientiarii</strong></span> <span class='ocrx_word' id='word_1_524' title='bbox 1951 1703 1984 1731; x_wconf 85' lang='lat' dir='ltr'><strong>et</strong></span> <span class='ocrx_word' id='word_1_525' title='bbox 2011 1700 2067 1731; x_wconf 84' lang='lat' dir='ltr'><strong>alii</strong></span> <span class='ocrx_word' id='word_1_526' title='bbox 2095 1700 2315 1731; x_wconf 87' lang='lat' dir='ltr'><strong>amministra—</strong></span> 
     </span>
     <span class='ocr_line' id='line_1_123' title="bbox 1372 1756 2318 1797; baseline -0.002 -9"><span class='ocrx_word' id='word_1_527' title='bbox 1372 1757 1492 1788; x_wconf 86' lang='lat' dir='ltr'><strong>tionem</strong></span> <span class='ocrx_word' id='word_1_528' title='bbox 1516 1756 1674 1788; x_wconf 84' lang='lat' dir='ltr'><strong>habentes</strong></span> <span class='ocrx_word' id='word_1_529' title='bbox 1696 1757 1726 1787; x_wconf 89' lang='lat' dir='ltr'><strong>in</strong></span> <span class='ocrx_word' id='word_1_530' title='bbox 1748 1756 1945 1787; x_wconf 83' lang='lat' dir='ltr'><strong>monasterio</strong></span> <span class='ocrx_word' id='word_1_531' title='bbox 1966 1756 2124 1797; x_wconf 69' lang='lat' dir='ltr'><strong>predicto,</strong></span> <span class='ocrx_word' id='word_1_532' title='bbox 2154 1757 2180 1786; x_wconf 92' lang='lat' dir='ltr'><strong>si</strong></span> <span class='ocrx_word' id='word_1_533' title='bbox 2206 1756 2318 1787; x_wconf 87' lang='lat' dir='ltr'><strong>contu-</strong></span> 
     </span>
    </p>
   </div>
   <div class='ocr_carea' id='block_1_57' title="bbox 1506 851 2311 883">
    <p class='ocr_par' dir='ltr' id='par_1_57' title="bbox 1506 851 2311 883">
     <span class='ocr_line' id='line_1_124' title="bbox 1506 851 2311 883; baseline 0 -1"><span class='ocrx_word' id='word_1_534' title='bbox 1506 852 1530 882; x_wconf 88' lang='lat' dir='ltr'><strong>si</strong></span> <span class='ocrx_word' id='word_1_535' title='bbox 1569 851 1672 882; x_wconf 74' lang='lat' dir='ltr'><strong>dictus</strong></span> <span class='ocrx_word' id='word_1_536' title='bbox 1700 851 1798 882; x_wconf 85' lang='lat' dir='ltr'><strong>abbas</strong></span> <span class='ocrx_word' id='word_1_537' title='bbox 1828 851 2015 882; x_wconf 85' lang='lat' dir='ltr'><strong>inobediens</strong></span> <span class='ocrx_word' id='word_1_538' title='bbox 2052 851 2102 882; x_wconf 92' lang='lat' dir='ltr'><strong>vel</strong></span> <span class='ocrx_word' id='word_1_539' title='bbox 2134 854 2311 883; x_wconf 73' lang='lat' dir='ltr'><strong>contumax</strong></span> 
     </span>
    </p>
   </div>
   <div class='ocr_carea' id='block_1_58' title="bbox 1338 1812 2317 1854">
    <p class='ocr_par' dir='ltr' id='par_1_58' title="bbox 1338 1812 2317 1854">
     <span class='ocr_line' id='line_1_125' title="bbox 1338 1812 2317 1854; baseline -0.002 -9"><span class='ocrx_word' id='word_1_540' title='bbox 1338 1828 1344 1841; x_wconf 57' lang='grc' dir='ltr'><strong>ι’</strong></span> <span class='ocrx_word' id='word_1_541' title='bbox 1373 1824 1481 1845; x_wconf 84' lang='lat' dir='ltr'><strong>maces</strong></span> <span class='ocrx_word' id='word_1_542' title='bbox 1519 1816 1575 1844; x_wconf 88' lang='lat' dir='ltr'><strong>aut</strong></span> <span class='ocrx_word' id='word_1_543' title='bbox 1616 1813 1838 1844; x_wconf 86' lang='lat' dir='ltr'><strong>inobedientes</strong></span> <span class='ocrx_word' id='word_1_544' title='bbox 1878 1815 2030 1853; x_wconf 86' lang='lat' dir='ltr'><strong>quantum</strong></span> <span class='ocrx_word' id='word_1_545' title='bbox 2065 1812 2104 1843; x_wconf 89' lang='lat' dir='ltr'><strong>ad</strong></span> <span class='ocrx_word' id='word_1_546' title='bbox 2140 1812 2317 1854; x_wconf 85' lang='lat' dir='ltr'><strong>premissas</strong></span> 
     </span>
    </p>
   </div>
   <div class='ocr_carea' id='block_1_59' title="bbox 1368 1867 2320 2987">
    <p class='ocr_par' dir='ltr' id='par_1_59' title="bbox 1368 1867 2320 2987">
     <span class='ocr_line' id='line_1_126' title="bbox 1372 1867 2318 1911; baseline -0.002 -10"><span class='ocrx_word' id='word_1_547' title='bbox 1372 1880 1488 1902; x_wconf 83' lang='lat' dir='ltr'><strong>causas</strong></span> <span class='ocrx_word' id='word_1_548' title='bbox 1503 1870 1686 1907; x_wconf 83' lang='lat' dir='ltr'><strong>extiterint,</strong></span> <span class='ocrx_word' id='word_1_549' title='bbox 1710 1880 1727 1900; x_wconf 90' lang='lat' dir='ltr'><strong>a</strong></span> <span class='ocrx_word' id='word_1_550' title='bbox 1747 1870 1834 1900; x_wconf 76' lang='lat' dir='ltr'><strong>«licto</strong></span> <span class='ocrx_word' id='word_1_551' title='bbox 1853 1870 2002 1911; x_wconf 82' lang='lat' dir='ltr'><strong>episcopo</strong></span> <span class='ocrx_word' id='word_1_552' title='bbox 2019 1869 2071 1900; x_wconf 89' lang='lat' dir='ltr'><strong>vel</strong></span> <span class='ocrx_word' id='word_1_553' title='bbox 2091 1869 2162 1911; x_wconf 88' lang='lat' dir='ltr'><strong>ejus</strong></span> <span class='ocrx_word' id='word_1_554' title='bbox 2188 1867 2318 1900; x_wconf 83' lang='lat' dir='ltr'><strong>officiali</strong></span> 
     </span>
     <span class='ocr_line' id='line_1_127' title="bbox 1373 1926 2316 1970; baseline -0.002 -12"><span class='ocrx_word' id='word_1_555' title='bbox 1373 1926 1538 1970; x_wconf 84' lang='lat' dir='ltr'><strong>suspendi,</strong></span> <span class='ocrx_word' id='word_1_556' title='bbox 1567 1926 1716 1958; x_wconf 88' lang='lat' dir='ltr'><strong>interdici</strong></span> <span class='ocrx_word' id='word_1_557' title='bbox 1752 1926 1800 1957; x_wconf 86' lang='lat' dir='ltr'><strong>vel</strong></span> <span class='ocrx_word' id='word_1_558' title='bbox 1839 1926 2114 1957; x_wconf 79' lang='lat' dir='ltr'><strong>excommunicari</strong></span> <span class='ocrx_word' id='word_1_559' title='bbox 2149 1927 2316 1967; x_wconf 82' lang='lat' dir='ltr'><strong>poterunt,</strong></span> 
     </span>
     <span class='ocr_line' id='line_1_128' title="bbox 1375 1982 2319 2023; baseline -0.002 -8"><span class='ocrx_word' id='word_1_560' title='bbox 1375 1984 1550 2015; x_wconf 88' lang='lat' dir='ltr'><strong>secundum</strong></span> <span class='ocrx_word' id='word_1_561' title='bbox 1574 1983 1712 2014; x_wconf 87' lang='lat' dir='ltr'><strong>formam</strong></span> <span class='ocrx_word' id='word_1_562' title='bbox 1729 1983 1822 2023; x_wconf 84' lang='lat' dir='ltr'><strong>juris.</strong></span> <span class='ocrx_word' id='word_1_563' title='bbox 1850 1982 2000 2014; x_wconf 88' lang='lat' dir='ltr'><strong>Ceterum</strong></span> <span class='ocrx_word' id='word_1_564' title='bbox 2022 1983 2082 2023; x_wconf 88' lang='lat' dir='ltr'><strong>ipsi</strong></span> <span class='ocrx_word' id='word_1_565' title='bbox 2104 1982 2216 2020; x_wconf 84' lang='lat' dir='ltr'><strong>abhas,</strong></span> <span class='ocrx_word' id='word_1_566' title='bbox 2240 1992 2319 2013; x_wconf 88' lang='lat' dir='ltr'><strong>con—</strong></span> 
     </span>
     <span class='ocr_line' id='line_1_129' title="bbox 1372 2039 2320 2082; baseline -0.002 -10"><span class='ocrx_word' id='word_1_567' title='bbox 1372 2044 1500 2076; x_wconf 72' lang='lat' dir='ltr'><strong>ventus,</strong></span> <span class='ocrx_word' id='word_1_568' title='bbox 1528 2041 1615 2082; x_wconf 90' lang='lat' dir='ltr'><strong>prior</strong></span> <span class='ocrx_word' id='word_1_569' title='bbox 1635 2041 1668 2071; x_wconf 91' lang='lat' dir='ltr'><strong>et</strong></span> <span class='ocrx_word' id='word_1_570' title='bbox 1693 2039 1745 2071; x_wconf 83' lang='lat' dir='ltr'><strong>alii</strong></span> <span class='ocrx_word' id='word_1_571' title='bbox 1772 2039 1997 2070; x_wconf 83' lang='lat' dir='ltr'><strong>obedientiarii</strong></span> <span class='ocrx_word' id='word_1_572' title='bbox 2036 2039 2127 2080; x_wconf 89' lang='lat' dir='ltr'><strong>penis</strong></span> <span class='ocrx_word' id='word_1_573' title='bbox 2153 2039 2320 2081; x_wconf 82' lang='lat' dir='ltr'><strong>premissis</strong></span> 
     </span>
     <span class='ocr_line' id='line_1_130' title="bbox 1376 2095 2320 2139; baseline -0.002 -11"><span class='ocrx_word' id='word_1_574' title='bbox 1376 2097 1482 2139; x_wconf 87' lang='lat' dir='ltr'><strong>puniri</strong></span> <span class='ocrx_word' id='word_1_575' title='bbox 1515 2098 1682 2138; x_wconf 80' lang='lat' dir='ltr'><strong>poterunt,</strong></span> <span class='ocrx_word' id='word_1_576' title='bbox 1717 2095 1807 2127; x_wconf 88' lang='lat' dir='ltr'><strong>salvo</strong></span> <span class='ocrx_word' id='word_1_577' title='bbox 1842 2096 1887 2127; x_wconf 85' lang='lat' dir='ltr'><strong>eis</strong></span> <span class='ocrx_word' id='word_1_578' title='bbox 1922 2095 2070 2137; x_wconf 83' lang='lat' dir='ltr'><strong>legitime</strong></span> <span class='ocrx_word' id='word_1_579' title='bbox 2091 2095 2320 2137; x_wconf 81' lang='lat' dir='ltr'><strong>appellationis</strong></span> 
     </span>
     <span class='ocr_line' id='line_1_131' title="bbox 1376 2152 2318 2193; baseline -0.002 -9"><span class='ocrx_word' id='word_1_580' title='bbox 1376 2154 1546 2190; x_wconf 85' lang='lat' dir='ltr'><strong>beneficio,</strong></span> <span class='ocrx_word' id='word_1_581' title='bbox 1561 2154 1588 2184; x_wconf 89' lang='lat' dir='ltr'><strong>si</strong></span> <span class='ocrx_word' id='word_1_582' title='bbox 1608 2153 1772 2185; x_wconf 85' lang='lat' dir='ltr'><strong>senserint</strong></span> <span class='ocrx_word' id='word_1_583' title='bbox 1789 2162 1824 2184; x_wconf 89' lang='lat' dir='ltr'><strong>se</strong></span> <span class='ocrx_word' id='word_1_584' title='bbox 1837 2153 1979 2193; x_wconf 83' lang='lat' dir='ltr'><strong>gravari.</strong></span> <span class='ocrx_word' id='word_1_585' title='bbox 1995 2153 2097 2193; x_wconf 80' lang='lat' dir='ltr'><strong>Super</strong></span> <span class='ocrx_word' id='word_1_586' title='bbox 2112 2152 2219 2183; x_wconf 84' lang='lat' dir='ltr'><strong>causis</strong></span> <span class='ocrx_word' id='word_1_587' title='bbox 2240 2161 2318 2183; x_wconf 84' lang='lat' dir='ltr'><strong>vero</strong></span> 
     </span>
     <span class='ocr_line' id='line_1_132' title="bbox 1375 2208 2319 2250; baseline -0.003 -8"><span class='ocrx_word' id='word_1_588' title='bbox 1375 2211 1608 2247; x_wconf 82' lang='lat' dir='ltr'><strong>criminalibus,</strong></span> <span class='ocrx_word' id='word_1_589' title='bbox 1631 2210 1726 2241; x_wconf 90' lang='lat' dir='ltr'><strong>iidem</strong></span> <span class='ocrx_word' id='word_1_590' title='bbox 1748 2209 1847 2240; x_wconf 85' lang='lat' dir='ltr'><strong>abbas</strong></span> <span class='ocrx_word' id='word_1_591' title='bbox 1867 2212 1899 2240; x_wconf 82' lang='lat' dir='ltr'><strong>et</strong></span> <span class='ocrx_word' id='word_1_592' title='bbox 1920 2212 2100 2240; x_wconf 78' lang='lat' dir='ltr'><strong>conventus</strong></span> <span class='ocrx_word' id='word_1_593' title='bbox 2120 2218 2228 2240; x_wconf 81' lang='lat' dir='ltr'><strong>coram</strong></span> <span class='ocrx_word' id='word_1_594' title='bbox 2248 2208 2319 2250; x_wconf 89' lang='lat' dir='ltr'><strong>ipso</strong></span> 
     </span>
     <span class='ocr_line' id='line_1_133' title="bbox 1375 2266 2318 2309; baseline -0.003 -10"><span class='ocrx_word' id='word_1_595' title='bbox 1375 2267 1525 2309; x_wconf 85' lang='lat' dir='ltr'><strong>episeopo</strong></span> <span class='ocrx_word' id='word_1_596' title='bbox 1552 2267 1603 2298; x_wconf 80' lang='lat' dir='ltr'><strong>vel</strong></span> <span class='ocrx_word' id='word_1_597' title='bbox 1628 2267 1760 2299; x_wconf 86' lang='lat' dir='ltr'><strong>officiali</strong></span> <span class='ocrx_word' id='word_1_598' title='bbox 1781 2276 1837 2298; x_wconf 87' lang='lat' dir='ltr'><strong>suo</strong></span> <span class='ocrx_word' id='word_1_599' title='bbox 1863 2277 1923 2297; x_wconf 91' lang='lat' dir='ltr'><strong>non</strong></span> <span class='ocrx_word' id='word_1_600' title='bbox 1945 2269 2130 2301; x_wconf 78' lang='lat' dir='ltr'><strong>teneantur,</strong></span> <span class='ocrx_word' id='word_1_601' title='bbox 2153 2266 2214 2296; x_wconf 88' lang='lat' dir='ltr'><strong>nisi</strong></span> <span class='ocrx_word' id='word_1_602' title='bbox 2236 2267 2318 2297; x_wconf 88' lang='lat' dir='ltr'><strong>tem-</strong></span> 
     </span>
     <span class='ocr_line' id='line_1_134' title="bbox 1373 2321 2318 2366; baseline -0.003 -11"><span class='ocrx_word' id='word_1_603' title='bbox 1373 2334 1451 2366; x_wconf 89' lang='lat' dir='ltr'><strong>pore</strong></span> <span class='ocrx_word' id='word_1_604' title='bbox 1481 2325 1690 2358; x_wconf 78' lang='lat' dir='ltr'><strong>visitationis,</strong></span> <span class='ocrx_word' id='word_1_605' title='bbox 1714 2323 1926 2365; x_wconf 88' lang='lat' dir='ltr'><strong>respondere.</strong></span> <span class='ocrx_word' id='word_1_606' title='bbox 1959 2323 2082 2364; x_wconf 84' lang='lat' dir='ltr'><strong>Aliquis</strong></span> <span class='ocrx_word' id='word_1_607' title='bbox 2109 2332 2232 2363; x_wconf 90' lang='lat' dir='ltr'><strong>quoque</strong></span> <span class='ocrx_word' id='word_1_608' title='bbox 2267 2321 2318 2352; x_wconf 90' lang='lat' dir='ltr'><strong>vel</strong></span> 
     </span>
     <span class='ocr_line' id='line_1_135' title="bbox 1373 2379 2319 2421; baseline -0.002 -10"><span class='ocrx_word' id='word_1_609' title='bbox 1373 2381 1469 2421; x_wconf 89' lang='lat' dir='ltr'><strong>aliqui</strong></span> <span class='ocrx_word' id='word_1_610' title='bbox 1494 2380 1723 2411; x_wconf 85' lang='lat' dir='ltr'><strong>monachorum</strong></span> <span class='ocrx_word' id='word_1_611' title='bbox 1750 2380 1896 2421; x_wconf 89' lang='lat' dir='ltr'><strong>ejusdem</strong></span> <span class='ocrx_word' id='word_1_612' title='bbox 1922 2379 2110 2411; x_wconf 87' lang='lat' dir='ltr'><strong>monasterii</strong></span> <span class='ocrx_word' id='word_1_613' title='bbox 2140 2388 2198 2409; x_wconf 85' lang='lat' dir='ltr'><strong>seu</strong></span> <span class='ocrx_word' id='word_1_614' title='bbox 2217 2387 2319 2410; x_wconf 90' lang='lat' dir='ltr'><strong>mem-</strong></span> 
     </span>
     <span class='ocr_line' id='line_1_136' title="bbox 1372 2434 2319 2478; baseline -0.003 -10"><span class='ocrx_word' id='word_1_615' title='bbox 1372 2437 1500 2468; x_wconf 90' lang='lat' dir='ltr'><strong>brorum</strong></span> <span class='ocrx_word' id='word_1_616' title='bbox 1520 2438 1620 2478; x_wconf 88' lang='lat' dir='ltr'><strong>ipsius</strong></span> <span class='ocrx_word' id='word_1_617' title='bbox 1643 2437 1728 2468; x_wconf 88' lang='lat' dir='ltr'><strong>dicto</strong></span> <span class='ocrx_word' id='word_1_618' title='bbox 1749 2437 1870 2475; x_wconf 78' lang='lat' dir='ltr'><strong>abbati,</strong></span> <span class='ocrx_word' id='word_1_619' title='bbox 1893 2437 1944 2468; x_wconf 79' lang='lat' dir='ltr'><strong>vel</strong></span> <span class='ocrx_word' id='word_1_620' title='bbox 1966 2436 2064 2467; x_wconf 83' lang='lat' dir='ltr'><strong>abbas</strong></span> <span class='ocrx_word' id='word_1_621' title='bbox 2086 2434 2242 2466; x_wconf 86' lang='lat' dir='ltr'><strong>monacho</strong></span> <span class='ocrx_word' id='word_1_622' title='bbox 2261 2444 2319 2466; x_wconf 85' lang='lat' dir='ltr'><strong>seu</strong></span> 
     </span>
     <span class='ocr_line' id='line_1_137' title="bbox 1373 2491 2319 2535; baseline -0.003 -10"><span class='ocrx_word' id='word_1_623' title='bbox 1373 2494 1550 2531; x_wconf 84' lang='lat' dir='ltr'><strong>monachis,</strong></span> <span class='ocrx_word' id='word_1_624' title='bbox 1577 2504 1685 2525; x_wconf 86' lang='lat' dir='ltr'><strong>coram</strong></span> <span class='ocrx_word' id='word_1_625' title='bbox 1711 2493 1824 2525; x_wconf 86' lang='lat' dir='ltr'><strong>eodem</strong></span> <span class='ocrx_word' id='word_1_626' title='bbox 1852 2494 2005 2535; x_wconf 88' lang='lat' dir='ltr'><strong>episcopo</strong></span> <span class='ocrx_word' id='word_1_627' title='bbox 2026 2492 2076 2524; x_wconf 82' lang='lat' dir='ltr'><strong>vel</strong></span> <span class='ocrx_word' id='word_1_628' title='bbox 2103 2491 2236 2523; x_wconf 79' lang='lat' dir='ltr'><strong>officiali</strong></span> <span class='ocrx_word' id='word_1_629' title='bbox 2262 2501 2319 2522; x_wconf 91' lang='lat' dir='ltr'><strong>suo</strong></span> 
     </span>
     <span class='ocr_line' id='line_1_138' title="bbox 1371 2547 2317 2592; baseline -0.004 -11"><span class='ocrx_word' id='word_1_630' title='bbox 1371 2551 1402 2581; x_wconf 90' lang='lat' dir='ltr'><strong>in</strong></span> <span class='ocrx_word' id='word_1_631' title='bbox 1423 2550 1581 2591; x_wconf 82' lang='lat' dir='ltr'><strong>aliquibus</strong></span> <span class='ocrx_word' id='word_1_632' title='bbox 1606 2550 1713 2581; x_wconf 82' lang='lat' dir='ltr'><strong>causis</strong></span> <span class='ocrx_word' id='word_1_633' title='bbox 1733 2549 1930 2592; x_wconf 88' lang='lat' dir='ltr'><strong>respondere</strong></span> <span class='ocrx_word' id='word_1_634' title='bbox 1958 2559 2019 2580; x_wconf 92' lang='lat' dir='ltr'><strong>non</strong></span> <span class='ocrx_word' id='word_1_635' title='bbox 2049 2549 2235 2586; x_wconf 84' lang='lat' dir='ltr'><strong>teneantur,</strong></span> <span class='ocrx_word' id='word_1_636' title='bbox 2258 2547 2317 2578; x_wconf 89' lang='lat' dir='ltr'><strong>nisi</strong></span> 
     </span>
     <span class='ocr_line' id='line_1_139' title="bbox 1371 2604 2318 2648; baseline -0.002 -11"><span class='ocrx_word' id='word_1_637' title='bbox 1371 2607 1496 2648; x_wconf 90' lang='lat' dir='ltr'><strong>quando</strong></span> <span class='ocrx_word' id='word_1_638' title='bbox 1527 2607 1697 2648; x_wconf 86' lang='lat' dir='ltr'><strong>episcopus</strong></span> <span class='ocrx_word' id='word_1_639' title='bbox 1722 2607 1789 2648; x_wconf 88' lang='lat' dir='ltr'><strong>ipse</strong></span> <span class='ocrx_word' id='word_1_640' title='bbox 1822 2607 1853 2637; x_wconf 92' lang='lat' dir='ltr'><strong>in</strong></span> <span class='ocrx_word' id='word_1_641' title='bbox 1885 2606 1971 2637; x_wconf 81' lang='lat' dir='ltr'><strong>dicto</strong></span> <span class='ocrx_word' id='word_1_642' title='bbox 2001 2605 2196 2637; x_wconf 86' lang='lat' dir='ltr'><strong>monasterio</strong></span> <span class='ocrx_word' id='word_1_643' title='bbox 2221 2604 2318 2646; x_wconf 84' lang='lat' dir='ltr'><strong>juxta</strong></span> 
     </span>
     <span class='ocr_line' id='line_1_140' title="bbox 1372 2659 2319 2705; baseline -0.003 -11"><span class='ocrx_word' id='word_1_644' title='bbox 1372 2663 1507 2694; x_wconf 85' lang='lat' dir='ltr'><strong>formam</strong></span> <span class='ocrx_word' id='word_1_645' title='bbox 1530 2673 1722 2704; x_wconf 83' lang='lat' dir='ltr'><strong>expressam</strong></span> <span class='ocrx_word' id='word_1_646' title='bbox 1743 2664 1890 2705; x_wconf 85' lang='lat' dir='ltr'><strong>superius</strong></span> <span class='ocrx_word' id='word_1_647' title='bbox 1908 2662 2063 2694; x_wconf 73' lang='lat' dir='ltr'><strong>visitabit,</strong></span> <span class='ocrx_word' id='word_1_648' title='bbox 2085 2662 2220 2702; x_wconf 90' lang='lat' dir='ltr'><strong>Insuper</strong></span> <span class='ocrx_word' id='word_1_649' title='bbox 2234 2659 2319 2692; x_wconf 90' lang='lat' dir='ltr'><strong>ordi-</strong></span> 
     </span>
     <span class='ocr_line' id='line_1_141' title="bbox 1372 2716 2313 2761; baseline -0.004 -11"><span class='ocrx_word' id='word_1_650' title='bbox 1372 2729 1496 2756; x_wconf 81' lang='lat' dir='ltr'><strong>namus,</strong></span> <span class='ocrx_word' id='word_1_651' title='bbox 1527 2720 1699 2750; x_wconf 84' lang='lat' dir='ltr'><strong>statuimus</strong></span> <span class='ocrx_word' id='word_1_652' title='bbox 1727 2724 1760 2751; x_wconf 87' lang='lat' dir='ltr'><strong>et</strong></span> <span class='ocrx_word' id='word_1_653' title='bbox 1784 2720 1994 2761; x_wconf 77' lang='lat' dir='ltr'><strong>disponimus,</strong></span> <span class='ocrx_word' id='word_1_654' title='bbox 2017 2717 2099 2760; x_wconf 87' lang='lat' dir='ltr'><strong>quod</strong></span> <span class='ocrx_word' id='word_1_655' title='bbox 2121 2716 2313 2758; x_wconf 86' lang='lat' dir='ltr'><strong>jamdictum</strong></span> 
     </span>
     <span class='ocr_line' id='line_1_142' title="bbox 1371 2772 2315 2818; baseline -0.004 -11"><span class='ocrx_word' id='word_1_656' title='bbox 1371 2777 1602 2807; x_wconf 85' lang='lat' dir='ltr'><strong>monasterium</strong></span> <span class='ocrx_word' id='word_1_657' title='bbox 1625 2786 1642 2807; x_wconf 90' lang='lat' dir='ltr'><strong>a</strong></span> <span class='ocrx_word' id='word_1_658' title='bbox 1660 2777 1887 2818; x_wconf 86' lang='lat' dir='ltr'><strong>procuratione</strong></span> <span class='ocrx_word' id='word_1_659' title='bbox 1912 2775 2068 2817; x_wconf 81' lang='lat' dir='ltr'><strong>episcopi,</strong></span> <span class='ocrx_word' id='word_1_660' title='bbox 2093 2772 2315 2805; x_wconf 76' lang='lat' dir='ltr'><strong>archidiaconi</strong></span> 
     </span>
     <span class='ocr_line' id='line_1_143' title="bbox 1368 2830 2318 2874; baseline -0.005 -10"><span class='ocrx_word' id='word_1_661' title='bbox 1368 2835 1400 2864; x_wconf 87' lang='lat' dir='ltr'><strong>et</strong></span> <span class='ocrx_word' id='word_1_662' title='bbox 1419 2833 1688 2874; x_wconf 83' lang='lat' dir='ltr'><strong>archipresbiteri</strong></span> <span class='ocrx_word' id='word_1_663' title='bbox 1709 2833 1905 2864; x_wconf 89' lang='lat' dir='ltr'><strong>Eduensium</strong></span> <span class='ocrx_word' id='word_1_664' title='bbox 1922 2833 1964 2863; x_wconf 88' lang='lat' dir='ltr'><strong>sit</strong></span> <span class='ocrx_word' id='word_1_665' title='bbox 1986 2831 2114 2863; x_wconf 87' lang='lat' dir='ltr'><strong>omnino</strong></span> <span class='ocrx_word' id='word_1_666' title='bbox 2135 2832 2168 2861; x_wconf 84' lang='lat' dir='ltr'><strong>et</strong></span> <span class='ocrx_word' id='word_1_667' title='bbox 2193 2830 2225 2860; x_wconf 89' lang='lat' dir='ltr'><strong>in</strong></span> <span class='ocrx_word' id='word_1_668' title='bbox 2245 2838 2318 2872; x_wconf 90' lang='lat' dir='ltr'><strong>per-</strong></span> 
     </span>
     <span class='ocr_line' id='line_1_144' title="bbox 1370 2887 2314 2930; baseline -0.003 -11"><span class='ocrx_word' id='word_1_669' title='bbox 1370 2892 1499 2930; x_wconf 90' lang='lat' dir='ltr'><strong>petuum</strong></span> <span class='ocrx_word' id='word_1_670' title='bbox 1512 2889 1645 2920; x_wconf 86' lang='lat' dir='ltr'><strong>liberum</strong></span> <span class='ocrx_word' id='word_1_671' title='bbox 1657 2892 1691 2920; x_wconf 92' lang='lat' dir='ltr'><strong>et</strong></span> <span class='ocrx_word' id='word_1_672' title='bbox 1703 2890 1856 2926; x_wconf 78' lang='lat' dir='ltr'><strong>immune,</strong></span> <span class='ocrx_word' id='word_1_673' title='bbox 1868 2893 1901 2920; x_wconf 90' lang='lat' dir='ltr'><strong>et</strong></span> <span class='ocrx_word' id='word_1_674' title='bbox 1915 2888 1996 2929; x_wconf 88' lang='lat' dir='ltr'><strong>quod</strong></span> <span class='ocrx_word' id='word_1_675' title='bbox 2008 2887 2314 2928; x_wconf 75' lang='lat' dir='ltr'><strong>dictusepiseopus,</strong></span> 
     </span>
     <span class='ocr_line' id='line_1_145' title="bbox 1368 2941 2316 2987; baseline -0.004 -11"><span class='ocrx_word' id='word_1_676' title='bbox 1368 2945 1401 2976; x_wconf 89' lang='lat' dir='ltr'><strong>in</strong></span> <span class='ocrx_word' id='word_1_677' title='bbox 1417 2947 1613 2977; x_wconf 86' lang='lat' dir='ltr'><strong>monasterio</strong></span> <span class='ocrx_word' id='word_1_678' title='bbox 1643 2947 1724 2987; x_wconf 89' lang='lat' dir='ltr'><strong>ipso.</strong></span> <span class='ocrx_word' id='word_1_679' title='bbox 1758 2947 1826 2976; x_wconf 80' lang='lat' dir='ltr'><strong>sive</strong></span> <span class='ocrx_word' id='word_1_680' title='bbox 1867 2945 1952 2976; x_wconf 88' lang='lat' dir='ltr'><strong>infra</strong></span> <span class='ocrx_word' id='word_1_681' title='bbox 1987 2944 2171 2975; x_wconf 73' lang='lat' dir='ltr'><strong>clausuram</strong></span> <span class='ocrx_word' id='word_1_682' title='bbox 2206 2941 2316 2973; x_wconf 85' lang='lat' dir='ltr'><strong>Sancti</strong></span> 
     </span>
    </p>
   </div>
  </div>
 </body>
</html>
