2477 3512
1001 257 1241 297 SEPTIEME
1266 254 1434 293 ANNEE
2214 258 2277 291 135

241 375 329 402 3226
585 372 635 398 Au
658 371 788 403 Latran,
811 370 829 397 4
851 370 974 403 janvier
996 369 1083 396 1261.

198 436 318 464 Abbati
343 437 374 462 et
399 433 570 461 conventui
596 433 704 460 Sancti
730 433 815 460 Petri
843 432 1027 459 Gloverniae
1054 430 1166 457 confir-

159 483 226 508 mat
255 479 417 507 ecelesiam
444 479 482 505 de
508 478 619 509 Covra,
647 477 884 504 Herefordensis
911 476 1051 507 diocesis,
1078 474 1167 507 cujus

159 526 367 560 patronatum
392 523 467 557 ipsis
493 523 623 549 dederat
647 521 825 548 Bernardus
846 521 883 547 de
907 521 997 546 Novo
1019 519 1168 549 Mercat0‚

159 569 327 597 accedente
364 566 500 601 episcopi
537 568 569 593 et
603 565 733 600 capituli
766 572 929 592 consensu.
953 564 1079 598 (Pinus,
1097 562 1168 588 Bib.

158 615 225 641 nat.
244 620 301 640 ms.
319 612 375 639 lat.
394 611 472 638 4038
488 611 525 642 B,
542 611 564 637 f.
582 610 611 642 3,
629 617 655 637 c.
674 610 736 643 11.)

207 724 220 740 «
249 736 269 742 ..
299 709 414 742 abbati
443 711 472 741 et
499 709 676 741 conventui
706 708 823 740 Sancti
855 707 948 738 Petri
983 705 1167 742 Glooernie,

159 764 294 796 ordinis
333 762 450 795 Sancti
488 761 676 799 Benedicti,
718 759 970 801 Wiyorniensis
1015 759 1168 790 diocesis.

161 817 258 849 Solet
283 826 437 848 annuere
464 815 570 847 Sedes
594 833 649 846 ——.
677 814 760 845 Dat.
789 812 967 849 Laterani,
999 812 1031 843 II
1059 821 1170 842 nonas

158 870 324 912 januarii,
350 879 443 900 anno
467 868 630 910 septimo.
657 880 669 895 »

241 1045 331 1071 3227
588 1045 638 1071 Au
661 1044 790 1075 Latran,
814 1043 831 1070 3
853 1042 977 1076 Janvier
999 1042 1088 1069 1261.

200 1107 326 1133 Eisdem
345 1107 514 1133 confirmat
532 1106 695 1133 ecclesiam
714 1105 821 1132 Sancti
840 1103 1002 1131 Laurentii
1020 1104 1058 1130 de
1079 1103 1171 1129 Toin-

160 1153 247 1184 tona,
273 1151 512 1178 Herefordensis
537 1150 678 1182 diocesis,
703 1157 722 1176 a
746 1149 875 1175 Matilde
894 1149 931 1175 de
955 1147 1093 1174 Wattele
1118 1147 1172 1173 da-

158 1197 236 1222 tam.
253 1196 380 1230 (PAms,
394 1195 464 1222 Bib.
480 1197 546 1222 nat.
563 1202 620 1221 ms.
636 1194 691 1221 lat.
708 1194 786 1220 4038
800 1193 837 1225 B,
852 1193 874 1219 f.
890 1193 919 1225 3,
938 1192 976 1226 [c.
994 1192 1029 1218 11
1048 1191 1133 1225 bisl.)

206 1307 219 1323 «
240 1293 392 1325 Eisdem.
417 1292 513 1325 Solet
535 1302 689 1324 annuere
712 1294 778 1323 ete.
802 1310 857 1322 —.
882 1291 966 1322 Dat.
990 1289 1169 1327 Laterani,

163 1347 217 1379 III
236 1356 350 1378 nonas
367 1346 532 1388 Januarii‚
553 1355 646 1377 anno
666 1345 829 1387 septimo.
852 1357 864 1373 »

242 1514 331 1540 3228
568 1514 618 1539 Au
642 1513 772 1544 Latran,
795 1512 834 1538 25
855 1511 980 1545 J'anvier
1003 1511 1090 1537 1261.

200 1575 323 1602 Abbati
347 1576 378 1602 et
402 1574 574 1601 conventui
597 1572 780 1600 monasterii
805 1571 1007 1599 Ferreriensis
1030 1571 1174 1604 indulget

161 1621 207 1652 ut,
229 1620 399 1654 praetextu
419 1618 599 1646 litterarum
621 1618 661 1645 ab
687 1616 871 1644 Innocentio
892 1623 977 1650 papa
998 1617 1110 1642 eontra
1124 1615 1175 1641 lit-

163 1666 304 1691 terarum
335 1662 580 1698 apostolicarum
615 1662 763 1689 abusores
797 1661 966 1693 editarum,
991 1667 1097 1686 coram
1122 1658 1177 1686 ali-

163 1708 277 1743 quibus
300 1707 542 1742 archiepiscopis
564 1707 614 1734 vel
638 1705 791 1741 episcopis
814 1706 871 1732 aut
894 1704 1084 1739 quibusdam
1108 1703 1175 1730 aliis

162 1752 323 1780 conveniri
351 1752 481 1779 minime
510 1751 649 1778 valeant.
679 1750 805 1785 (PAms,
833 1749 904 1776 Bib.
933 1750 1000 1776 nat.
1031 1755 1088 1775 ms.
1118 1747 1174 1775 lat.

162 1796 242 1824 4038
254 1796 292 1829 Β,
305 1797 327 1824 f.
342 1797 371 1830 3,
385 1804 411 1824 c.
427 1796 489 1830 12.)

210 1908 223 1924 «
251 1920 270 1926 ..
299 1894 415 1926 abbati
443 1895 471 1925 et
499 1893 677 1925 conventui
704 1891 903 1924 monasterii
931 1890 1171 1926 Ferrcriensis,

162 1948 206 1980 ad
238 1948 430 1980 Romanam
463 1946 652 1978 Ecclesiam
684 1945 779 1978 nullo
812 1944 922 1977 medio
954 1943 1170 1985 pertinentis,

163 2001 295 2032 ordinis
322 2000 439 2033 Sancti
464 1999 652 2036 Benedicti,
684 1998 896 2031 Senonensis
921 1997 1074 2029 diocesis.
1106 1996 1174 2027 De-

163 2054 297 2085 sideriis
328 2053 457 2085 vestris
488 2053 524 2084 in
555 2072 611 2084 —.
646 2053 730 2084 Dat.
765 2051 944 2087 Laterani,
979 2050 1069 2082 VIII
1102 2050 1171 2081 kal.

162 2107 341 2144 februarii,
369 2116 461 2138 anno
488 2106 651 2148 septimo.
680 2118 692 2134 »

248 2285 336 2311 3229
583 2284 633 2310 Au
656 2283 786 2315 Latran,
808 2283 847 2310 23
869 2283 983 2310 sevrier
1006 2283 1092 2309 1261.

209 2348 373 2375 Guilielino
391 2347 521 2373 Arnaldi
539 2347 577 2373 de
594 2347 682 2373 Mora
699 2346 868 2373 confirmat
885 2345 1176 2373 archidiaconatum

166 2393 376 2424 Blaviensein‚
406 2399 499 2425 quem
529 2391 587 2425 ipsi
617 2391 815 2417 Gualhardus
845 2391 985 2421 Dornon,
1014 2390 1177 2416 thesaura-

167 2438 230 2464 rius
261 2439 292 2463 et
323 2436 457 2463 vicarius
488 2435 619 2469 capituli
649 2435 795 2461 ecclesiae
824 2435 1074 2468 Burdegalensis,
1105 2434 1177 2460 sede

165 2481 390 2514 Burdegalensi
423 2482 569 2511 vacante,
604 2481 810 2506 concesserat.
845 2479 971 2513 (PAms,
1005 2479 1074 2504 Bib.
1111 2480 1177 2504 nat.

168 2534 225 2554 ms.
242 2522 295 2552 ¹at.
309 2525 387 2552 4038
400 2525 436 2557 B,
450 2525 470 2551 f.
485 2525 513 2557 3,
528 2532 553 2551 c.
569 2524 630 2558 13.)

214 2637 226 2653 «
261 2623 440 2656 Guillelmo
468 2622 619 2654 Arnaldi
647 2622 686 2653 de
713 2621 829 2658 Mora,
859 2621 1034 2663 capellano
1066 2621 1178 2652 dilecti

168 2677 239 2718 sitii
266 2677 373 2708 nostri
403 2676 439 2708 Ο.
470 2675 591 2707 Sancte
618 2674 736 2706 Ntarie
765 2675 800 2705 in
837 2674 899 2706 Via
926 2674 1012 2705 Lata
1040 2674 1177 2705 diaconi

170 2729 369 2767 cardinalis,
412 2728 653 2760 archidiacono
695 2727 924 2759 Beivacensi1
965 2727 999 2759 in
1042 2727 1178 2758 ecclesia

169 2782 429 2824 Burdeyalensi,
457 2782 590 2813 ordinis
618 2781 736 2812 Sancti
764 2780 968 2821 Augustini.
1000 2781 1178 2811 Indueunt

172 2845 235 2867 nos
256 2835 459 2867 devotionis
481 2854 533 2866 ——.
557 2834 640 2865 Dat.
664 2833 842 2870 Laterani,
864 2832 935 2865 VII
956 2832 1025 2865 kal.
1049 2833 1178 2870 martii,

171 2899 264 2920 anno
287 2889 449 2930 septimo.
473 2902 486 2918 ›>

205 2990 225 3010 1.
244 2989 295 3013 Sic,
311 2989 369 3009 lisez
386 2995 391 3010 :
408 2989 542 3010 Blaviensi.

1360 366 1451 391 3230
1695 365 1743 391 Au
1767 365 1894 396 Latran,
1919 365 1955 391 15
1977 365 2089 391 sevrier
2113 365 2199 391 1261.

1312 430 1499 456 Abbatissac
1536 431 1566 455 et
1603 428 1773 455 conventui
1809 430 1989 455 monasterIi
2015 430 2051 455 de
2081 430 2162 455 Coeli
2186 430 2281 456 Porta

1272 475 1439 500 confirmat
1459 474 1509 506 J‘us
1531 474 1718 506 patronatus
1740 473 1885 498 ecclesiae
1907 472 2013 499 Sancti
2029 473 2223 506 Vuenceslay
2242 474 2279 500 de

1272 518 1480 544 Thusnawrez
1495 518 1567 551 ipsis
1582 525 1599 543 a
1614 517 1774 550 quondam
1788 517 1984 548 Constantia,
1999 518 2103 549 regina
2117 518 2281 544 nomime,

1274 562 1394 589 datum.
1419 562 1544 595 (Pams,
1568 561 1636 587 Bib.
1662 563 1726 587 nat.
1752 568 1808 586 ωε.
1834 561 1887 586 lat.
1913 561 1990 587 4038
2013 561 2048 592 B,
2073 561 2093 587 f.
2118 562 2146 592 3,
2171 569 2195 587 c.
2223 562 2281 593 14;

1275 607 1457 639 ΡοτΊἩΑε-Γ,
1478 606 1600 639 18046.)

1322 709 1333 724 a
1353 721 1372 727 ..
1392 695 1561 726 abbatisse
1579 696 1607 725 et
1625 693 1802 725 conventui
1821 693 2017 724 monasterii
2037 694 2074 724 de
2095 693 2278 734 Celiporta,

1278 748 1511 780 (Iistercicnsis
1540 747 1683 783 ordinis,
1716 746 1948 778 Olomucensis
1978 746 2134 777 diocesis.
2167 747 2284 777 Devo-

1279 802 1382 833 tionis
1412 803 1644 842 augmentum
1674 800 1775 830 nobis
1805 818 1858 829 —.
1892 799 1976 829 Dat.
2009 799 2184 835 Laterani,
2218 799 2284 830 XV

1278 855 1346 886 kal.
1367 854 1496 891 martii,
1517 863 1610 885 anno
1629 852 1793 894 septimo.
1814 864 1826 879 »

1360 1034 1446 1060 3231
1707 1033 1756 1059 Au
1780 1033 1909 1063 Latran,
1932 1032 1949 1057 4
1973 1031 2097 1065 janvier
2120 1031 2207 1057 1261.

1319 1096 1486 1122 Priorissae
1509 1097 1540 1121 et
1564 1094 1734 1121 conventui
1757 1094 1940 1121 monasterii
1963 1094 2096 1121 Sanctae
2120 1093 2225 1119 Crucis
2249 1093 2286 1118 de

1279 1140 1505 1171 Nurexnberch,
1527 1139 1666 1172 regulam
1688 1139 1794 1165 Sancti
1816 1138 1985 1172 Augustini
2006 1138 2178 1164 secundum
2200 1137 2288 1163 insti-

1279 1185 1351 1210 tuta
1371 1184 1506 1210 fratrum
1528 1184 1785 1210 Praedicatoruin
1806 1191 1901 1217 quain
1922 1191 1939 1209 a
1960 1182 2071 1215 viginti
2092 1182 2181 1208 annis
2202 1189 2289 1215 prae-

1276 1228 1377 1255 teritis
1395 1228 1553 1262 professae
1571 1230 1656 1259 sunt,
1675 1228 1853 1259 confirmat,
1873 1227 2045 1253 concedens
2064 1228 2099 1252 ut
2117 1225 2287 1259 privilegiis

1278 1275 1308 1299 et
1324 1272 1527 1306 indulgentiis
1543 1272 1644 1298 eidem
1660 1272 1761 1298 ordini
1777 1272 2035 1298 Praedicatorum
2051 1271 2089 1297 ab
2106 1270 2288 1303 Apostoliea

1278 1317 1356 1344 Sede
1376 1317 1529 1343 concessis
1549 1317 1596 1343 uti
1615 1318 1647 1343 et
1665 1317 1800 1350 gaudere
1819 1316 1958 1347 valeant,
1978 1315 2135 1342 diocesani
2153 1313 2291 1348 episcopi

1275 1361 1345 1395 jure
1369 1362 1466 1388 salvo.
1492 1361 1618 1394 (PAms,
1642 1361 1711 1387 Bib.
1738 1362 1803 1387 nat.
1828 1368 1885 1387 ms.
1911 1360 1966 1387 lat.
1992 1359 2071 1386 4038
2094 1359 2131 1391 Β,
2156 1359 2178 1385 f.
2203 1358 2221 1385 3
2241 1362 2289 1390 νῦ,

1277 1413 1302 1432 c.
1323 1406 1384 1440 15.)

1325 1508 1337 1523 «
1362 1520 1381 1526 ..
1406 1494 1570 1536 priorisse
1593 1496 1621 1525 et
1645 1493 1822 1525 conventui
1846 1493 2051 1525 monialium
2076 1492 2286 1524 inclusarum

1279 1548 1476 1579 monasterii
1509 1548 1630 1579 Sancte
1663 1547 1783 1579 Crucis
1814 1547 1852 1578 de
1883 1546 2124 1583 Nuremberch,
2158 1545 2289 1577 ordinis

1281 1601 1398 1632 Sancti
1437 1600 1641 1641 Auyustini,
1680 1600 1944 1641 Bamberqensis
1982 1599 2134 1635 diocesis,
2173 1608 2290 1630 secun-

1280 1654 1360 1685 dum
1405 1653 1560 1685 instituta
1601 1653 1747 1694 fratrum
1789 1653 2046 1684 Predicalorurn
2088 1651 2288 1682 viventibus,

1282 1707 1491 1738 Devotionis
1519 1709 1753 1747 augmentum
1782 1705 1884 1737 vobis
1912 1724 1966 1736 —.
1998 1705 2081 1735 Dat.
2112 1703 2289 1740 Laterani,

1284 1760 1317 1791 11
1345 1769 1456 1791 nonas
1480 1759 1645 1800 januarIi,
1674 1768 1767 1790 anno
1793 1758 1956 1800 septimo.
1985 1770 1997 1785 υ

1363 1937 1455 1963 3232
1700 1936 1750 1962 Au
1774 1936 1903 1967 Latran,
1928 1935 1964 1961 14
1987 1934 2100 1960 sevrier
2123 1933 2210 1959 1261.

1320 1999 1463 2025 Priorum
1498 1999 1530 2024 et
1564 1997 1765 2030 collegiorum
1801 1996 2002 2023 ecclesiarum
2037 1993 2289 2027 subscriptarum

1279 2043 1420 2077 regulam
1447 2042 1537 2076 cujus
1566 2043 1657 2068 tenor
1684 2041 1832 2068 inseritur
1859 2040 2037 2067 confirmat.
2066 2039 2192 2072 (PAms,
2220 2037 2293 2064 Bib.

1280 2089 1345 2114 nat.
1363 2095 1419 2114 ms.
1437 2087 1491 2114 lat.
1509 2086 1587 2113 4038
1603 2086 1638 2118 Β,
1656 2086 1676 2112 f.
1694 2086 1796 2113 3»νο-4
1812 2089 1859 2117 v⁰‚
1875 2092 1901 2111 c.
1919 2084 1980 2117 16.)

1326 2189 1338 2205 ι(
1360 2176 1543 2208 Prioribus
1567 2178 1594 2206 et
1617 2174 1768 2216 collcyiis
1792 2174 2008 2206 ecclesiarum
2034 2171 2151 2203 Sancti
2175 2170 2293 2202 *Marci

1280 2229 1319 2261 de
1356 2229 1518 2265 Mantua,
1560 2228 1677 2259 Sancti
1718 2227 1872 2269 Spiritus
1910 2226 1948 2257 de
1991 2225 2133 2261 Verona,
2173 2224 2292 2255 domus

1281 2282 1459 2324 reliqionis
1483 2282 1522 2313 dc
1549 2282 1686 2317 Parma,
1714 2281 1834 2312 Sancte
1861 2280 2023 2321 Perpetue
2048 2278 2086 2309 de
2111 2277 2289 2312 Faventia,

1283 2336 1400 2368 Sancti
1429 2335 1573 2366 Eusebii
1602 2335 1640 2365 de
1670 2334 1828 2368 Seratico,
1864 2333 1980 2364 Sancti
2013 2331 2136 2362 Thome
2164 2330 2202 2361 dc
2236 2330 2293 2361 Vi-

1282 2389 1401 2425 centia,
1432 2388 1549 2420 Sancti
1583 2388 1651 2418 vin·
1680 2387 1718 2418 de
1746 2387 1906 2419 Mantua,
1937 2386 2057 2415 Sancte
2085 2383 2201 2414 Marte
2228 2383 2293 2413 oir-

1284 2442 1403 2483 qinuin
1434 2442 1472 2473 de
1508 2440 1667 2475 Veneliis,
1701 2440 1822 2471 Sancte
1856 2438 2037 2469 Trinitatis
2068 2437 2106 2468 de
2136 2436 2291 2469 sslntina,

1285 2495 1401 2527 Sancti
1426 2493 1650 2525 Bartliolemei
1674 2493 1712 2524 de
1741 2492 1905 2529 Vicentia,
1931 2490 2049 2523 Sancti
2074 2488 2292 2531 Apollenaris

1283 2549 1321 2580 de
1356 2547 1537 2584 Gambara,
1569 2547 1691 2579 Sancte
1720 2545 1873 2586 Pellaqie
1901 2545 1940 2576 de
1969 2544 2144 2577 Cremona,
2176 2541 2294 2573 Sancti

1284 2600 1430 2633 Antonii
1449 2601 1487 2632 de
1507 2599 1700 2641 Coneylano
1718 2601 1746 2630 et
1766 2599 1882 2631 Sancti
1902 2596 2070 2629 Leonardi
2089 2596 2126 2626 de
2151 2594 2291 2629 Verona,

1284 2654 1416 2686 ordinis
1448 2653 1565 2685 Sancti
1596 2652 1713 2684 Atarci
1742 2652 1781 2683 de
1809 2652 1961 2682 litantua
1990 2652 2017 2681 et
2047 2647 2204 2679 omnibus
2236 2645 2293 2686 qui

1284 2718 1318 2739 se
1338 2707 1372 2739 in
1391 2707 1547 2748 suturam
1567 2706 1675 2737 eidem
1695 2705 1808 2736 ordini
1829 2704 1957 2735 sociare
1981 2701 2155 2733 voluerint.
2180 2699 2293 2730 Jusiis

1286 2760 1483 2802 petentium
1502 2762 1568 2791 etc.
1588 2778 1641 2790 ῳ.
1662 2759 1744 2789 Dat.
1765 2757 1941 2793 Laterani,
1963 2755 2067 2786 XVII
2085 2753 2098 2773 ²
2117 2753 2183 2784 kal.
2205 2761 2293 2783 inar-

1286 2814 1336 2850 tii,
1360 2824 1453 2844 anno
1475 2812 1638 2854 septimo.
1663 2824 1675 2840 υ

1319 2915 1341 2935 1.
1359 2914 1409 2935 Sic.
1423 2914 1450 2935 L.
1464 2914 1580 2934 Demsm
1592 2914 1660 2938 note,
1672 2918 1734 2934 avec
1746 2912 1837 2935 raison,
1850 2911 1927 2937 qu'on
1939 2917 1953 2931 a
1967 2910 2041 2930 voulu
2054 2908 2125 2933 apres
2137 2911 2202 2931 coup
2217 2910 2296 2926 annu-

1286 2950 1322 2971 ler
1334 2950 1356 2970 le
1370 2950 1468 2970 dernier
1483 2950 1493 2970 1
1507 2954 1571 2974 pour
1584 2954 1697 2969 ramener
1710 2954 1737 2968 ce
1751 2948 1838 2967 chistre
1852 2947 1866 2967 a
1883 2946 1950 2966 xvi.
1968 2946 2005 2965 En
2020 2945 2079 2964 estet
2094 2942 2109 2962 il
2124 2942 2166 2966 n'y
2180 2947 2194 2961 a
2209 2946 2252 2966 pas
2266 2940 2296 2960 (le

1290 2985 1363 3006 XVII
1376 2985 1419 3005 des
1431 2985 1545 3005 calendes
1557 2984 1588 3005 de
1601 2990 1674 3004 mars.
