2477 3512
295 249 362 280 654

293 372 381 404 vobis
405 373 547 403 totaliter
580 374 787 413 remittendo,
810 378 844 407 et
872 376 910 407 ab
938 387 1047 409 eorum
1082 381 1280 420 prestatione

293 439 348 459 vos
370 429 528 460 immunes
565 440 637 461 esse
675 434 708 461 et
743 431 860 463 liberos
894 433 1110 474 decernendo,
1135 439 1229 477 prout
1248 438 1279 469 in

293 484 412 525 litteris
434 485 506 515 inde
528 487 686 517 consectis
707 493 737 517 et
765 488 835 528 ejus
864 489 970 529 sigillo
998 492 1127 523 munitis
1153 492 1279 534 plenius
1304 505 1305 513 ¹

288 541 484 572 continetur.
512 542 575 572 Nos
594 543 712 583 itaque,
734 545 852 575 vestris
875 546 1164 587 supplicationibus
1185 550 1277 581 ineli-

291 597 369 633 nati,
393 597 475 637 quod
496 599 666 638 superhoc
689 601 874 631 factumest
894 605 997 634 ratum
1019 607 1052 635 et
1074 607 1201 644 gratum
1223 606 1276 637 ha-

290 653 405 684 bentes
427 664 462 684 ac
503 656 690 696 supplentes
713 657 877 688 defectum
899 659 929 689 in
951 660 1021 698 hoc,
1049 662 1075 692 si
1110 663 1178 702 quis
1216 664 1276 695 suit
1301 680 1302 685 ι

285 721 324 741 ex
346 722 396 748 eo,
425 711 505 751 quod
544 712 701 743 Remense
739 714 912 754 capitulum
942 726 1002 747 non
1024 719 1201 757 consensit,
1235 720 1273 751 do

287 833 409 854 mamus
435 829 467 855 et
506 826 667 865 presentis
688 827 800 868 scripti
829 830 1007 869 patrocinio
1028 834 1270 864 communimus.

285 879 441 910 'l'enorem
468 881 655 912 earumdem
679 882 859 914 litterarum
887 885 984 925 ipsius
1005 887 1124 917 'l‘bome
1145 889 1273 919 archie-
1298 912 1299 916 ι

285 936 406 977 piscopi
450 936 490 967 de
536 937 633 969 verbo
672 938 710 969 ad
755 940 887 971 verbum
927 943 1131 982 presentibus
1174 945 1271 976 inseri

285 992 458 1029 facientes,
477 994 529 1034 qui
550 995 625 1025 talis
646 999 695 1026 est
713 1005 718 1026 z

988 1101 1104 1126 Fevrier
1122 1103 1197 1128 1255.

328 1196 339 1207 ιι
370 1182 519 1219 Thomas,
561 1182 616 1213 Dei
649 1183 753 1223 gratia
787 1184 956 1215 Hennensis
992 1186 1266 1228 archiepiscopus,

281 1252 294 1264 ιι
325 1238 481 1268 universis
502 1243 673 1279 presentes
694 1239 820 1270 litteras
850 1241 979 1279 visuris,
1002 1242 1032 1272 in
1052 1243 1185 1275 Domino
1217 1255 1268 1275 sa-

283 1307 296 1320 «
326 1294 436 1324 lutem.
464 1295 619 1325 Noverint
639 1296 779 1327 universi
803 1296 897 1336 quod,
915 1308 985 1328 cum
1007 1308 1063 1329 nos
1088 1299 1117 1329 in
1140 1310 1267 1331 monas-
1292 1311 1293 1320 ι

283 1364 297 1377 ιι
324 1351 405 1381 terio
422 1351 532 1381 Sancti
549 1351 690 1382 Nichasii
705 1353 873 1384 Hemensis
891 1356 996 1385 ettam
1012 1355 1160 1396 incapite
1173 1366 1266 1396 quain

282 1421 295 1435 «
324 1407 355 1437 in
377 1407 527 1438 membris
539 1408 617 1439 dicti
639 1411 826 1440 monasterii
848 1411 935 1451 gista
960 1415 993 1442 et
1022 1414 1266 1453 procurationes
1290 1429 1291 1432 ¹

1290 1442 1291 1447 ¹
1320 1443 1324 1455 (

279 1477 294 1490 ιι
324 1469 522 1505 peteremus,
547 1465 644 1495 abbas
683 1468 716 1497 et
747 1470 926 1498 conventus
954 1468 1029 1499 dicti
1052 1469 1123 1501 loci.
1156 1480 1264 1501 coram
1289 1478 1291 1497 ι

279 1535 292 1547 ιι
322 1520 412 1551 nobis
429 1522 560 1562 propter
579 1515 637 1552 boc
660 1523 839 1560 constituti,
868 1524 1023 1556 dixerunt
1057 1536 1091 1556 se
1112 1526 1151 1557 ad
1178 1526 1265 1558 dicta
1289 1540 1291 1552 ι

280 1590 293 1603 ιι
324 1577 409 1615 gista
450 1582 483 1607 et
514 1580 761 1618 procurationes
801 1581 1032 1621 persolvendas
1061 1582 1264 1622 aliquatenus

283 1646 297 1659 «
325 1643 385 1663 non
406 1634 512 1664 teneri
526 1637 559 1664 et
579 1635 617 1665 ad
634 1635 869 1667 immunitatem
909 1639 941 1668 et
961 1637 1145 1669 libertatem
1175 1649 1265 1670 suam

277 1703 290 1716 ιι
320 1700 417 1730 super
438 1690 603 1730 premissis
625 1691 879 1723 obstendcndam
901 1694 1018 1724 multas
1031 1695 1175 1726 rationes
1193 1706 1265 1736 pro-
1289 1694 1290 1712 ³

277 1757 291 1773 a
321 1748 509 1786 posuerunt.
542 1747 628 1778 luter
648 1748 709 1778 alia
737 1748 956 1781 exhibuerunt
977 1761 1084 1781 coram
1117 1751 1204 1782 nobis
1225 1752 1264 1782 ad
1288 1770 1289 1773 ι

277 1816 283 1829 (

275 1872 281 1885 ι
319 1858 398 1889 bone
415 1860 571 1890 memorie
589 1861 708 1891 juhelli
727 1863 760 1891 et
777 1862 922 1893 Renandi
941 1864 1101 1903 quondam
1126 1865 1263 1895 Remen-

272 1929 286 1942 «
315 1915 396 1946 sium
432 1916 749 1958 archiepiscoporum
779 1921 1025 1951 antecessorum
1063 1922 1258 1959 nostrorum,

273 1985 279 1997 ί

311 1982 445 2012 quarum
467 1974 560 2003 tenor
578 1973 651 2004 talis
677 1976 727 2005 est
744 1984 750 2005 ῖ

1024 2074 1089 2099 Juin
1110 2075 1185 2099 1249.

316 2171 330 2183 ιι
358 2156 506 2187 juhellus
540 2156 597 2186 Dei
634 2156 739 2197 gratia
793 2157 964 2187 immensis
996 2158 1258 2200 archiepiscopus

273 2227 286 2240 «
316 2213 476 2243 universis
496 2218 665 2253 presentes
684 2212 813 2243 litteras
842 2213 1038 2254 inspecturis
1067 2214 1095 2244 in
1127 2215 1258 2246 Domino

272 2282 285 2295 ιι
315 2269 466 2300 salutem.
482 2269 638 2300 Noverint
660 2270 800 2299 universi
820 2269 914 2310 quod,
929 2280 1000 2300 cum
1018 2280 1075 2300 nos
1093 2271 1125 2301 in
1134 2281 1259 2302 monas·

271 2339 285 2352 «
314 2326 395 2356 terio
417 2326 527 2356 Sancti
558 2326 700 2356 Nichasii
731 2326 901 2357 Remensis
931 2328 964 2357 et
994 2330 1057 2357 tam
1083 2327 1112 2357 in
1151 2328 1258 2369 capite

269 2397 283 2409 ιι
312 2392 404 2422 qnam
426 2382 455 2412 in
479 2382 632 2412 membris
653 2382 728 2412 dicti
751 2382 939 2413 monasterii
965 2383 1066 2422 gistas
1087 2385 1120 2414 et
1142 2394 1256 2424 procu-

270 2451 283 2464 «
313 2438 455 2468 rationes
472 2442 698 2479 peterenms,..
718 2437 816 2468 abbas
834 2442 868 2468 et
887 2440 1066 2470 conventus
1083 2439 1162 2470 dicti
1180 2439 1255 2478 loci,

272 2507 286 2520 ιι
314 2504 421 2525 coram
439 2494 528 2525 nobis
546 2498 677 2535 propter
699 2494 756 2524 boc
778 2494 956 2533 constituti,
983 2494 1136 2526 dixerunt
1155 2506 1190 2527 se
1217 2496 1257 2527 ad

272 2563 285 2578 ιι
314 2550 417 2581 dictas
447 2551 550 2591 gislas
585 2552 618 2581 et
653 2551 896 2591 procurationes
934 2551 1165 2592 persolvendas
1198 2552 1257 2583 ali-

272 2620 285 2633 ιι
314 2609 472 2646 quatenus
494 2616 554 2637 non
576 2607 693 2643 teneri,
709 2609 741 2637 et
762 2606 801 2637 ad
823 2607 1058 2637 immunitatem
1080 2612 1113 2638 et
1129 2608 1257 2639 liberta—

271 2676 285 2688 «
314 2666 379 2693 tem
393 2672 483 2693 suam
503 2673 600 2704 super
615 2663 782 2704 premissis
802 2662 1035 2693 ostendendam
1059 2664 1174 2695 multas
1203 2675 1256 2695 ra-

271 2732 285 2745 «
311 2719 414 2749 tiones
444 2722 689 2759 proposuemint.
714 2719 802 2749 Inter
824 2719 886 2750 alia
910 2719 1127 2751 exhibuerunt
1147 2731 1254 2751 coram

272 2788 285 2801 «
314 2774 403 2805 nobis
419 2774 457 2805 ad
476 2774 682 2806 defensiones
703 2785 777 2805 suas
799 2785 896 2816 super
909 2776 1076 2816 premissis
1101 2776 1255 2817 quasdam

269 2842 283 2857 «
311 2830 438 2861 litteras
452 2830 532 2861 bone
552 2832 703 2861 memorie
726 2831 870 2862 Henaudi
887 2831 1047 2872 quondam
1083 2833 1254 2864 Remensis

267 2887 551 2928 «archiepiscopi,
589 2888 810 2918 antecessoris
844 2889 956 2924 nostri,
991 2898 1121 2928 quarum
1163 2892 1255 2921 tenor

267 2956 280 2969 ιι
310 2942 385 2973 talis
403 2945 452 2974 est
476 2952 481 2974 :

320 1802 528 1833 defensiones
549 1814 624 1835 suas
643 1815 741 1845 super
761 1806 940 1846 premissis,
963 1807 1115 1846 quasdam
1136 1807 1262 1839 litteras
1287 1828 1289 1861 ᾖ
1316 1839 1329 1853 ‹ae
1359 1825 1496 1866 prefatis
1509 1824 1651 1865 querelis
1667 1824 1788 1855 libel-03
1805 1824 2009 1855 &immunes
2019 1833 2091 1854 esse
2106 1823 2301 1854 decrevi¹et

1284 2010 1286 2025 ι
1313 2008 1327 2023 ιι
1356 1995 1490 2035 Signum
1516 1994 1664 2035 Hugonis
1689 1993 1920 2024 archidiaconi.

998 254 1231 287 REGISTRES
1257 255 1559 289 D‘ALEXANDRE
1585 258 1625 289 IV

293 318 396 348 tiones
425 322 455 347 et
496 318 597 358 gistas
618 318 762 357 easdem,
785 320 809 350 si
831 320 912 361 quod
927 322 982 362 jus
1014 323 1154 355 babebat
1183 325 1211 355 in
1233 326 1281 356 eis
1306 328 1309 356 ζ

2058 328 2154 355 neims
2172 332 2248 357 1229.

1380 428 1392 438 »
1423 412 1602 442 l'astoralis
1622 422 1710 448 cura,
1735 422 1827 453 qnam
1865 413 1929 444 Deo
1958 413 2150 454 disponente
2177 416 2320 457 suscepi—

1333 482 1345 494 ιι
1375 478 1455 505 mus,
1471 478 1529 499 nos
1545 469 1770 500 indesinenter
1788 474 1950 500 ammonet
1971 471 2134 512 oppressis
2146 471 2318 503 subvenire

1331 538 1343 551 ιι
1369 528 1401 555 et
1440 524 1634 565 quibuslibet
1671 525 1892 556 anxietatibus
1926 526 2048 557 attritis
2084 528 2318 568 compassionis

1330 595 1344 607 ιι
1374 592 1500 612 manum
1519 582 1701 622 porrigere.
1725 582 1793 622 Ego
1810 582 1916 622 itaque
1939 583 2125 619 Renaudus,
2149 584 2319 615 Remensis

1330 652 1342 664 ιι
1372 638 1513 669 ecclesie
1534 637 1683 679 indignus
1704 638 2092 675 sacerdos,considerans
2106 639 2317 682 fratreslquil
2360 639 2365 643 '

1329 708 1341 721 ιι
1371 695 1401 725 in
1424 695 1621 725 monasterio
1650 695 1741 725 Beati
1777 695 1920 725 Nic-hasii
1946 696 2089 726 martiris
2109 695 2244 737 degunt,
2265 697 2317 728 die

286 767 488 807 plenitudine
507 769 694 808 potestatis,
709 769 738 800 id
753 772 949 803 auctoritate
961 774 1138 814 apostolica
1160 776 1274 807 confir·
1328 764 1341 778 ⁴⁴
1371 753 1534 792 [uultuque
1557 751 1622 782 Deo
1643 750 1851 787 desmiauoes'
1874 751 2020 792 plurmus
2042 762 2117 793 angl
2138 755 2316 785 necessa&

1328 821 1341 834 «
1367 808 1463 845 tibus,
1488 807 1693 838 universitati
1727 813 1876 849 preterea
1908 808 2046 839 fidelium
2065 812 2174 840 nolum
2204 810 2315 842 facere

1327 876 1340 891 «
1369 864 1499 903 dignum
1517 864 1611 899 duco,
1626 863 1720 904 quod,
1737 874 1807 894 cum
1823 863 1972 895 abbatem
1987 868 2019 895 et
2042 865 2160 896 fratres
2175 865 2315 898 ecclesie

1326 934 1339 947 ιι
1369 921 1478 952 Sancti
1493 921 1636 951 Nicbasii
1660 921 1833 951 Remensis
1851 921 2052 962 impetissem
2069 932 2165 963 super
2185 921 2315 963 quibus-

1325 990 1339 1002 ιι
1368 977 1452 1013 dam,
1477 988 1536 1018 que
1564 978 1603 1008 ad
1633 978 1687 1018 jus
1710 987 1815 1008 meum
1837 980 1988 1019 spectare
2009 978 2195 1015 credebam,
2219 979 2314 1021 gistis

1325 1047 1338 1060 ιι
1367 1033 1523 1064 videlicet
1544 1036 1575 1064 et
1597 1034 1887 1074 procurationibus,
1902 1036 1966 1065 tam
1983 1035 2012 1065 in
2030 1035 2157 1075 prefata
2171 1035 2314 1066 ecelesia

1295 1096 1296 1114 ι
1324 1103 1337 1116 ιι
1367 1100 1459 1130 quam
1478 1090 1509 1120 in
1523 1090 1594 1130 ejus
1608 1089 1773 1128 membris,
1787 1089 1923 1130 predicti
1942 1090 2061 1121 fratres
2076 1091 2150 1122 nulli
2164 1093 2313 1123 anteces-

1323 1160 1336 1173 «
1366 1156 1473 1177 sorum
1509 1156 1650 1177 meorum
1689 1146 1754 1177 tale
1789 1146 1862 1186 quid
1899 1156 1932 1177 se
1962 1157 2099 1187 unquam
2133 1148 2312 1179 reddidisse

1322 1215 1336 1228 ιι
1364 1202 1529 1232 dixerunt.
1559 1202 1694 1242 Insuper
1723 1204 1757 1232 et
1782 1201 1988 1243 privilegium
2015 1202 2186 1234 reverendi
2211 1204 2313 1244 patris

1293 1269 1295 1291 J
1322 1272 1335 1285 ιι
1364 1259 1467 1289 nostri
1487 1258 1662 1289 Alexandri
1676 1268 1757 1299 pape
1773 1257 1905 1289 secundi
1919 1268 2016 1300 snper
2027 1258 2208 1299 hujusmodi
2218 1259 2313 1291 liber-

1316 1321 1334 1342 '«
1364 1317 1430 1346 tate
1453 1317 1485 1346 et
1520 1315 1734 1352 immunitate,
1758 1324 1882 1345 necnon
1914 1317 1946 1345 et
1974 1315 2095 1356 scripta
2115 1315 2312 1347 venerabilis

1320 1386 1334 1399 «
1363 1372 1607 1413 predecessoris
1625 1371 1775 1401 Gervasii
1797 1371 1968 1401 Remorum
1990 1371 2238 1413 archiepiscopi,
2261 1373 2312 1412 qui

1357 1428 1552 1470 janulictain
1586 1427 1761 1458 ecclesiam
1790 1430 1998 1465 extruxerat,
2032 1427 2089 1458 sed
2117 1428 2150 1458 et
2181 1427 2311 1459 litteras

1318 1499 1332 1513 ιι
1360 1485 1478 1516 domini
1511 1484 1650 1525 Philippi
1689 1483 1823 1515 illustris
1856 1484 2053 1515 Francorum
2088 1484 2176 1525 regis
2214 1494 2312 1526 super

1317 1556 1331 1570 ιι
1360 1541 1470 1573 cadem
1486 1541 1638 1572 libertate
1655 1541 1751 1571 michi
1764 1541 1953 1571 attuleruut.
1976 1541 2043 1582 Ego
2061 1551 2150 1579 vero,
2166 1541 2310 1582 inspecto

1289 1620 1290 1627 ι
1319 1612 1333 1626 ιι
1362 1602 1475 1630 tenore
1496 1597 1719 1639 predictorum
1741 1597 1933 1638 scriptorum
1953 1603 1986 1628 et
2006 1598 2115 1628 notata
2134 1607 2174 1628 ex
2200 1606 2309 1628 eorum

1320 1669 1333 1683 «
1358 1656 1472 1686 notitia
1491 1655 1616 1696 prefate
1631 1654 1772 1685 ecclesie
1789 1653 1952 1687 libertate.
1970 1654 2009 1684 de
2028 1654 2208 1695 sapientum
2223 1654 2310 1685 viro-

1317 1726 1331 1740 ιι
1361 1722 1428 1742 rum
1446 1711 1596 1745 consilio,
1619 1711 1848 1752 calumpniam,
1865 1720 1958 1750 quam
1976 1710 2133 1741 adversus
2146 1710 2308 1751 prenomi-

1317 1782 1330 1797 ιι
1360 1772 1452 1799 natos
1474 1768 1593 1798 fratres
1631 1767 1801 1804 habebam,
1831 1767 1877 1798 eis
1911 1767 2036 1797 omnino
2069 1767 2179 1798 remisi
2217 1771 2249 1797 et
2284 1777 2303 1797 a

1315 1896 1329 1909 ιι
1358 1884 1392 1912 ut
1420 1880 1616 1921 malignandi
1657 1880 1761 1911 locum
1800 1879 2042 1911 successoribus
2077 1879 2156 1911 meis
2181 1879 2301 1910 nullum

1313 1952 1327 1965 «
1355 1938 1546 1978 relinquam,
1566 1937 1712 1978 presenti
1734 1937 1850 1978 pagine
1881 1937 2027 1967 inserere
2051 1936 2182 1977 dignum
2209 1935 2298 1966 duxi.

1963 1993 2095 2033 Signum
2135 1992 2300 2024 Frederici

1312 2065 1325 2079 ιι
1355 2051 1520 2092 prepositi.
1563 2051 1695 2091 Signum
1737 2050 1881 2091 Hugonis
1920 2049 2126 2080 thesaurarii.
2165 2048 2297 2090 Signum

1311 2122 1325 2135 «
1357 2109 1469 2139 Leonis
1491 2107 1644 2138 cantoris.
1669 2107 1800 2149 Signum
1817 2106 1930 2141 Adam,
1955 2106 2080 2145 signum
2103 2105 2296 2143 Ermanrici,

1311 2178 1325 2192 ιι
1354 2165 1480 2205 signum
1501 2164 1638 2201 Alberti,
1666 2164 1792 2203 signum
1827 2162 1980 2199 Oddonis,
2011 2163 2139 2202 signum
2168 2161 2298 2193 Henrici

1311 2235 1324 2249 «
1353 2221 1617 2262 presbiterorum.
1651 2221 1780 2262 Signum
1808 2220 1967 2256 Gervasii,
1998 2219 2124 2259 signum
2145 2218 2294 2256 Gerardi,

1311 2290 1325 2305 ιι
1353 2278 1481 2318 signum
1502 2277 1666 2315 Guidonis,
1688 2276 1814 2318 signum
1840 2276 1970 2313 Raneri‚
1994 2276 2120 2316 signum
2148 2275 2294 2313 Bosonis,

1311 2348 1326 2362 «
1349 2334 1475 2375 signum
1521 2334 1676 2365 Johannis
1722 2333 1942 2364 diaconorum.
1985 2332 2116 2370 Signum
2159 2331 2294 2369 Albrici,

1311 2403 1323 2417 «
1353 2391 1479 2431 signum
1504 2390 1706 2427 Ammalrici,
1735 2390 1860 2429 signum
1886 2389 1988 2426 Petri,
2011 2388 2136 2429 signum
2160 2386 2295 2418 Gerardi

1310 2460 1323 2474 ιι
1349 2446 1504 2478 Guidonis
1525 2446 1805 2477 subdiaconorum.
1839 2447 1952 2476 Actum
1987 2445 2110 2482 Remis,
2141 2454 2222 2474 anno
2249 2444 2295 2474 in—

1309 2516 1323 2531 ιι
1351 2505 1475 2534 carnati
1498 2504 1596 2534 Verbi
1609 2503 1650 2534 M.
1668 2502 1727 2534 (Ὃ.
1744 2502 2052 2540 XXIX,indicti0ue
2065 2501 2296 2542 VLregnante

1310 2574 1323 2587 ιι
1354 2560 1514 2591 Ludovico
1544 2570 1622 2601 rege
1645 2560 1853 2591 Francorum.
1875 2568 1958 2589 anno
1980 2559 2075 2597 regni
2105 2557 2177 2598 ejus
2199 2557 2292 2591 XIX.

1309 2629 1323 2643 «
1352 2616 1650 2658 archiepiscopatus
1676 2618 1780 2646 autem
1803 2615 1920 2645 domini
1943 2613 2101 2651 steinaldi,
2124 2623 2205 2644 anno
2226 2614 2293 2643 ter—

1309 2686 1323 2701 «
1351 2673 1406 2703 tio.
1425 2673 1603 2704 Fulcradus
1623 2672 1839 2703 cancellarius
1860 2671 1990 2712 scripsit
2004 2672 2037 2702 et
2050 2669 2242 2710 subscripsit
2261 2683 2289 2700 υ,

1352 2743 1365 2755 ιι
1398 2730 1461 2759 Nos
1478 2739 1568 2766 vere,
1581 2728 1744 2770 predictas
1759 2728 1883 2759 litteras
1904 2738 1921 2758 a
1942 2727 2028 2758 dicto
2042 2726 2198 2758 Renaudo
2217 2736 2291 2767 pre-

1308 2799 1321 2813 «
1350 2785 1416 2816 sate
1437 2785 1576 2816 ecclesie
1602 2794 1776 2816 concessas
1804 2784 1983 2821 laudamus,
2021 2782 2233 2823 approbamus
2258 2786 2291 2813 et

1307 2855 1321 2869 «
1349 2840 1588 2879 confirmamus,
1612 2844 1644 2872 et
1654 2841 1758 2872 dictos
1773 2841 1892 2871 fratres
1910 2850 1927 2870 a
1943 2839 2037 2870 dictis
2054 2838 2148 2879 gistis
2169 2841 2201 2869 et
2217 2848 2291 2879 pro-

1338 2966 1358 2988 l.
1379 2964 1426 2987 Ms.
1443 2972 1447 2986 ;
1465 2964 1572 2989 dicrevi.
