2477 3512
948 288 1219 335 CINQUIEME
1245 288 1412 326 ANNEE
2194 297 2238 330 23

120 406 183 438 «in
238 404 392 448 presenti
448 404 670 436 ordinatione
726 403 893 445 predictis
949 402 1121 444 priorisse,

119 458 339 490 «conventui
366 460 401 489 et
429 457 643 489 monasterio
671 455 919 492 Andeciarum,
948 465 988 486 ac
1015 454 1123 486 etiam

118 511 294 544 «obtenta
320 513 355 542 et
381 510 575 542 obtinenda
602 510 646 541 ab
672 509 720 541 eis
745 508 926 541 occasione
952 507 1124 550 presentis

119 563 389 600 «ordinationis,
415 563 544 595 nullius
566 562 701 594 roboris
723 561 779 594 vel
802 561 931 593 valoris
954 560 1122 596 existant,

118 617 173 649 «si
212 627 274 659 per
312 617 455 648 easdem
494 616 696 658 priorissam
736 618 771 647 et
811 616 1028 646 conventum
1068 612 1124 644 vel

118 682 131 699 «
145 670 253 702 alium
282 679 342 701 seu
372 669 468 706 alios,
500 669 585 710 ipsis
614 668 887 710 procurantibus
915 677 975 698 seu
1004 668 1123 697 ratum

117 723 370 759 «habentibus,
396 722 535 753 steterit
560 721 750 763 quominus
774 720 859 752 dicti
884 720 1124 751 Molismenses

117 776 199 807 «vel
229 774 318 807 alius
347 785 407 806 seu
437 774 495 806 alii
524 784 646 806 eorum
676 773 828 811 nominc,
860 773 994 804 dictam
1023 781 1125 813 gran—

116 828 237 870 «giam
262 831 298 860 et
321 828 397 869 ejus
418 827 497 869 jura
521 830 556 859 et
580 826 813 869 pertinentias
836 836 875 858 ac
899 829 1021 862 terras,
1046 835 1125 866 pos-

117 881 324 918 «sessiones‚
362 881 455 913 bona
490 883 526 912 et
560 880 639 922 jura
674 890 737 922 pro
774 879 877 911 dictis
912 879 1124 920 assignanda

118 934 344 966 «redditibus
371 933 462 966 infra
492 933 627 965 dictum
656 932 848 964 terminum
877 942 896 964 a
925 931 1026 963 nobis
1054 934 1126 963 sta-

118 987 319 1019 «tuendum
354 986 545 1018 habuerint
580 989 615 1018 et
651 985 798 1028 pacifice
834 985 1054 1027 possederint
1089 987 1124 1016 et

117 1040 284 1082 «quiete;
310 1039 494 1082 completis
536 1042 656 1071 autem
699 1038 864 1071 omnibus
904 1041 940 1070 et
981 1037 1125 1079 singulis

118 1103 214 1135 «que
244 1093 337 1126 dicte
369 1092 532 1135 priorissa
563 1095 599 1124 et
629 1094 828 1124 conventus
859 1092 990 1123 debent
1022 1091 1124 1123 dictis

118 1159 130 1175 «
146 1146 428 1181 Molismensibus
447 1146 560 1178 facere
579 1146 774 1177 secundum
793 1145 945 1176 formam
964 1145 1125 1186 superius

117 1200 365 1237 «denotatam,
394 1199 512 1231 omnia
539 1202 576 1231 et
602 1199 739 1240 singula
767 1208 932 1230 concessa
960 1208 1021 1239 per
1048 1208 1124 1239 pre-

117 1255 281 1284 «sentem
315 1252 575 1284 ordinationem
608 1255 643 1283 et
676 1252 858 1284 occasione
892 1251 1124 1283 ordinationis

117 1306 349 1347 «hujusmodi
378 1306 604 1338 concedenda
636 1305 738 1337 dictis
768 1305 940 1346 priorisse,
971 1315 1125 1336 conven-

116 1359 197 1391 «tui
230 1361 267 1391 et
300 1358 514 1391 monasterio
548 1358 787 1390 Andeciarum
820 1368 863 1389 ex
896 1361 982 1389 tunc
1016 1358 1123 1389 robur

117 1412 331 1444 «obtineant
369 1414 538 1454 perpetue
576 1411 769 1442 firmitatis.
808 1411 898 1442 Acta
938 1413 1022 1442 sunt
1059 1410 1122 1442 hec

117 1465 314 1506 «Anagnie‚
343 1464 379 1496 in
409 1465 514 1496 domo
545 1473 652 1505 quam
682 1473 744 1495 nos
773 1463 882 1495 frater
911 1463 956 1495 H.
986 1463 1124 1495 inhabi-

117 1520 263 1550 «tamus
296 1518 340 1550 ad
375 1527 540 1560 presens;
575 1517 798 1559 presentibus
831 1516 939 1548 fratre
971 1516 1122 1547 Bartho-

117 1570 268 1608 «lomeo,
301 1569 494 1602 venerabili
525 1569 688 1612 episcopo
720 1569 918 1606 Vicentin0‚
952 1569 1120 1610 magistro

117 1624 300 1656 «Radulfo
339 1624 381 1655 de
418 1623 588 1660 Sacraria,
628 1622 761 1654 domini
798 1632 888 1664 pape
925 1621 1119 1664 capellano,

117 1677 286 1709 «domino
326 1676 472 1708 Alberto
512 1676 650 1708 Aczarii
690 1676 733 1707 de
772 1676 911 1712 Parma,
953 1675 1122 1717 magistro

117 1743 130 1759 «
144 1729 276 1772 Angelo
299 1730 473 1766 Romano,
495 1729 664 1761 canonico
686 1729 972 1765 Cathalaunensi,
995 1728 1122 1770 magis-

116 1786 198 1815 «tro
231 1783 398 1815 Gervasio
430 1783 472 1814 de
500 1782 637 1824 Brugis,
669 1782 838 1823 magistro
871 1782 1047 1823 Raynerio
1080 1782 1122 1813 de

115 1837 313 1873 «Paisiaco,
350 1835 518 1868 Michaele
554 1836 596 1867 de
630 1835 820 1872 Aurevilla,
858 1835 1042 1867 Guillelmo
1079 1836 1121 1867 de

118 1890 297 1921 «Vivariis
323 1892 358 1921 et
385 1889 535 1930 Hogerio
563 1889 605 1920 de
631 1888 786 1924 Virtuto,
814 1888 956 1925 clericis,
985 1891 1019 1919 et
1047 1887 1122 1920 aliis

118 1942 305 1985 «pluribus
348 1942 498 1974 testibus
541 1942 583 1973 ad
627 1942 786 1984 predicta
828 1941 976 1973 vocatis.
1020 1942 1121 1973 Anno

117 1996 288 2028 «Domini
322 1995 548 2032 MCCLVIII,
594 1995 790 2026 indictione
840 1995 884 2031 II,
932 1995 1005 2025 XII
1051 1995 1121 2026 kal.

117 2049 306 2091 «januarii,
332 2048 564 2090 pontificatus
587 2048 747 2089 ejusdem
772 2047 904 2079 domini
929 2047 1121 2079 Alexandri

117 2112 234 2145 «pape
263 2102 380 2144 quarti
408 2111 500 2134 anno
529 2101 666 2143 quinto.
696 2114 708 2130 »

611 2211 747 2245 Anagnl,
769 2211 787 2238 2
808 2211 932 2245 janvter
955 2211 1042 2238 1259.

165 2279 178 2295 «
197 2266 260 2304 lbi,
277 2266 511 2298 incontinenti
528 2266 561 2297 in
579 2266 755 2308 presentia
772 2265 948 2297 dictorum
963 2265 1122 2301 testium,

118 2319 294 2362 «predicti
319 2322 564 2362 procuratores
588 2319 744 2361 partium
770 2319 1064 2360 approbaverunt
1087 2319 1124 2349 et

117 2375 424 2415 «acceptaverunt
459 2372 663 2414 supradicta
700 2372 817 2403 omnia
854 2381 974 2404 coram
1010 2371 1122 2403 nobis.

118 2426 390 2462 «Postmodum,
423 2425 496 2456 IIII
525 2435 635 2457 nonas
661 2425 825 2466 januarii,
855 2435 947 2457 anno
975 2434 995 2456 a
1023 2423 1125 2456 Nati-

117 2479 258 2510 «vitate
297 2479 440 2510 Domini
478 2478 723 2515 MCCLVIIII,
763 2478 967 2515 indictione,
1007 2477 1124 2519 ponti-

119 2532 256 2564 «ficatu
291 2534 327 2563 et
361 2531 436 2563 loco
472 2531 648 2573 predictis,
687 2541 748 2563 nos
784 2531 978 2573 supradicti
1013 2531 1123 2562 frater

118 2584 192 2617 «H.
222 2587 257 2617 et
288 2585 327 2616 O.
357 2585 562 2621 cardinales,
594 2585 636 2616 de
665 2585 847 2621 mandam,
879 2587 1058 2626 potestate
1088 2586 1124 2615 et

119 2638 361 2670 «auctoritate
398 2638 555 2679 prefatis,
593 2638 797 2679 supradicto
836 2638 1004 2677 magistro
1039 2637 1123 2669 Gui-

119 2691 240 2728 «doni,
276 2691 416 2722 nomine
451 2691 626 2722 dictarum
660 2691 821 2732 priorisse
856 2694 891 2722 et
926 2693 1123 2722 conventus

119 2744 394 2780 «Andeciarum,
439 2746 474 2775 et
519 2744 602 2785 ipsis
646 2744 806 2785 priorisse
851 2747 885 2775 ct
931 2743 1123 2775 conventui

118 2807 206 2839 «per
237 2807 328 2834 eum,
363 2807 472 2838 usquc
506 2797 550 2828 ad
583 2797 783 2838 proximum
816 2797 946 2828 festum
980 2800 1122 2838 aposto-

118 2850 258 2882 «lorum
283 2850 377 2882 Petri
402 2853 437 2882 et
462 2849 562 2881 Pauli
586 2850 777 2881 terminum
801 2850 1005 2887 statuimus,
1031 2850 1120 2881 infra

119 2912 251 2945 «quem
281 2913 325 2935 ex
354 2906 454 2945 parte
485 2903 641 2944 ipsarum
671 2903 832 2945 priorisse
861 2905 896 2935 et
926 2906 1123 2935 conventus

119 2956 332 2993 «concessio,
354 2956 544 2997 assignatio
564 2958 597 2987 et
618 2956 685 2987 alia
704 2956 822 2987 omnia
842 2966 909 2997 que
929 2956 1121 2988 secundum

117 3009 340 3051 «predictam
370 3009 629 3040 ordinationem
660 3011 818 3040 nostram
848 3009 961 3041 facere
991 3009 1122 3041 debent

1233 401 1543 434 «Molismensibus
1581 403 1794 444 supradictis
1834 403 1953 435 taliter
1992 405 2237 446 compleantur

1233 467 1245 483 ‹<
1260 457 1295 485 et
1313 455 1413 487 fiant.
1434 456 1478 486 Et
1498 456 1542 487 ad
1560 456 1759 487 faciendam
1777 457 2045 489 extimationem
2065 459 2106 489 de
2124 459 2236 490 omni-

1233 508 1326 539 «bus
1354 511 1389 539 et
1417 508 1561 549 singulis
1589 519 1657 550 que
1685 509 1891 540 extimanda
1921 513 2014 547 sunt,
2044 512 2236 543 secundum

1234 560 1370 601 «ipsius
1416 561 1648 593 ordinationis
1693 562 1855 598 formam,
1904 563 2071 594 discretos
2118 564 2236 596 viros..

1234 614 1518 646 «Arremarensis
1547 615 1761 651 monasterii,
1791 615 1980 651 Trecensis,
2010 619 2069 647 ct..
2099 627 2237 648 monas-

1234 678 1246 694 <t
1261 667 1339 698 terii
1375 668 1502 699 Sancte
1536 667 1643 698 Marie
1679 668 1720 698 de
1754 667 1908 704 virtuto,
1945 669 2238 701 (Iathalaunensis

1234 719 1451 751 «diocesium
1478 721 1637 757 abbates,
1665 730 1704 751 ac
1732 720 1919 752 officialem
1947 725 2107 753 nostrum
2135 722 2174 754 O.
2202 723 2236 754 in

1234 773 1550 804 «archidiaconatu
1579 776 1700 804 nostro
1730 773 1906 810 Remensi,
1935 774 2114 815 juraturos
2142 776 2236 816 quod

1235 826 1531 858 «extimationem
1566 826 1769 867 hujusmodi
1804 826 1956 858 fideliter
1990 828 2131 864 facient,
2167 839 2236 860 non

1234 880 1440 920 «sequendo
1471 879 1629 911 assisiam
1661 879 1863 920 Campanie,
1896 881 1955 911 sed
1988 890 2109 912 verum
2140 881 2236 913 valo-

1234 941 1334 963 «rem
1362 932 1521 964 omnium
1547 932 1836 964 extimandorum
1861 932 1964 973 juxta
1990 943 2113 965 eorum
2140 944 2238 967 cons—

1234 985 1419 1023 «cientias,
1451 986 1493 1017 de
1524 995 1667 1017 assensu
1699 985 1939 1027 predictorum
1970 989 2239 1028 procuratorum

1234 1038 1418 1079 «partium
1490 1039 1715 1080 deputamus.
1778 1038 1831 1069 Ita
1894 1039 2000 1080 quod,
2070 1039 2097 1070 si
2167 1049 2237 1071 non

1234 1101 1383 1122 «omnes
1442 1092 1486 1122 ad
1539 1091 1652 1133 ipsam
1711 1091 1982 1123 extimationem
2040 1092 2239 1124 faciendam

1234 1145 1443 1186 «potuerint
1490 1144 1668 1181 interesse,
1717 1145 1785 1176 duo
1833 1144 1988 1186 ipsorum
2037 1145 2239 1186 hujusmodi

1234 1197 1504 1229 «extimationis
1549 1198 1729 1239 negotium
1773 1198 2021 1229 nichilominus
2063 1208 2239 1240 exequan-

1233 1253 1329 1282 «tur.
1360 1250 1533 1282 Nolumus
1562 1254 1681 1282 autem
1711 1252 1805 1292 quod
1834 1261 1896 1293 per
1924 1252 2121 1293 predictam
2149 1252 2240 1283 ordi-

1233 1304 1442 1336 «nationem
1477 1304 1546 1345 juri
1582 1304 1732 1345 alicujus
1767 1304 1944 1346 prioratus
1980 1305 2065 1336 dicti
2101 1315 2239 1337 monas-

1233 1357 1338 1389 «terii
1361 1357 1594 1389 Molismensis
1617 1357 1851 1399 prejudicium
1875 1357 2017 1399 aliquod
2041 1361 2237 1399 generetur.

1233 1411 1488 1442 «Presentibus
1513 1410 1705 1442 venerabili
1732 1414 1833 1452 patre
1859 1411 2054 1448 Leonardo‚
2083 1411 2239 1443 Cretensi

1233 1464 1534 1506 «archiepiscopo,
1581 1464 1745 1495 Johanne
1790 1464 2021 1501 Leccacorvo,
2068 1465 2238 1496 canonico

1233 1517 1477 1553 «Placentino,
1502 1517 1744 1554 Cacciaconte,
1768 1517 1912 1549 Aretine
1934 1518 2080 1549 diocesis
2102 1517 2236 1555 clerico,

1233 1580 1300 1601 «ac
1338 1570 1508 1612 magistro
1544 1570 1678 1611 Angelo
1716 1573 1752 1602 et
1790 1570 1940 1611 Rogerio
1978 1571 2237 1612 suprascriptis,

1233 1623 1412 1654 «testibus
1448 1624 1492 1654 ad
1528 1623 1594 1654 hoc
1629 1623 1777 1654 vocatis.
1819 1623 1857 1654 In
1893 1633 2045 1665 quorum
2081 1623 2239 1655 omnium

1233 1676 1546 1718 «supradictorum
1580 1676 1825 1708 testimonium
1858 1679 1895 1708 et
1928 1677 2035 1708 robur
2068 1679 2239 1718 perpetuo

1232 1729 1465 1766 «valiturum,
1504 1729 1662 1771 predicta
1700 1729 1817 1761 omnia
1855 1729 1957 1761 scribi
1995 1732 2030 1761 et
2067 1729 2239 1771 publicari

1233 1782 1410 1814 «facimus
1443 1792 1504 1824 per
1536 1782 1758 1814 Gifredinum
1790 1783 1831 1814 de
1864 1782 2016 1819 Vezano,
2051 1782 2231 1815 notarium

1233 1847 1245 1863 «
1259 1838 1293 1866 et
1321 1835 1449 1867 nostris
1476 1835 1603 1866 muniri
1629 1836 1759 1875 sigillis.
1783 1848 1795 1864 >³

1278 1900 1290 1916 «
1322 1888 1396 1929 Ego
1429 1888 1630 1920 Gifredinus
1662 1889 1851 1930 predictus,
1884 1888 2057 1930 imperiali
2088 1889 2240 1921 auctori-

1232 1943 1335 1972 «tate
1366 1941 1523 1972 notarius
1554 1941 1743 1983 prolationi
1774 1942 1976 1983 supradicte
2008 1942 2239 1974 ordinationis

1231 1994 1414 2031 «interfui,
1437 1997 1472 2026 et
1494 1995 1536 2026 de
1559 1995 1729 2026 mandato
1752 1995 1991 2036 predictorum
2015 1995 2239 2027 dominorum

1231 2047 1305 2078 «H.
1328 2050 1363 2078 et
1386 2048 1426 2079 O.
1449 2047 1693 2084 cardinalium,
1717 2047 1839 2089 scripsi
1862 2050 1897 2079 et
1920 2048 2098 2090 publicavi
2120 2048 2239 2080 omnia

1230 2100 1474 2142 «supradicta.
1509 2114 1520 2129 »

1277 2153 1372 2184 Nulli
1400 2156 1519 2185 nostre
1546 2154 1828 2185 confirmationis
1855 2156 1922 2186 etc.
1958 2155 2041 2186 Dat.
2079 2155 2239 2195 Anagnie

1232 2207 1266 2238 X
1290 2206 1359 2238 kal.
1384 2206 1561 2244 februarii,
1586 2217 1678 2238 anno
1704 2207 1840 2249 quinto.
1866 2220 1878 2235 »

1311 2473 1402 2500 2835
1715 2474 1850 2509 Anagni,
1874 2474 1911 2502 16
1933 2474 2047 2502 few-ier
2070 2475 2156 2503 1259.

1270 2527 1379 2554 Electo
1404 2527 1568 2554 Leodiensi
1591 2528 1724 2555 mandat
1747 2530 1783 2555 ut
1808 2529 1934 2555 Liberto
1959 2529 2043 2555 dicto
2068 2529 2224 2556 Limereas

1231 2572 1351 2604 clerico,
1379 2573 1417 2599 de
1443 2572 1548 2606 aliquo
1576 2572 1728 2599 beneficio
1755 2573 1963 2600 ecclesiastico
1991 2581 2062 2600 cum
2089 2581 2162 2600 cura
2188 2573 2237 2600 vel

1230 2616 1296 2643 sine
1325 2624 1399 2644 cura
1427 2616 1459 2643 in
1488 2617 1618 2644 civitate
1647 2617 1696 2643 vel
1726 2617 1839 2643 diocesi
1869 2617 2032 2644 Leodiensi
2060 2618 2235 2651 provideat.

1230 2661 1328 2695 (REO.
1346 2661 1395 2693 25,
1413 2661 1432 2687 f.
1453 2661 1509 2687 198
1527 2665 1572 2693 v0,
1590 2669 1639 2688 an.
1658 2662 1695 2693 V,
1713 2670 1738 2688 e.
1757 2662 1794 2688 69
1810 2660 1845 2695 l.)

1276 2782 1288 2798 «
1310 2794 1329 2801 ..
1351 2769 1447 2801 electo
1467 2769 1658 2807 Leodiensi,
1681 2769 1905 2802 Constitutus
1925 2769 1960 2800 in
1982 2768 2156 2810 presentia
2178 2785 2232 2799 --.

1231 2822 1314 2854 Dat.
1342 2822 1513 2864 Anagnie,
1542 2822 1656 2854 XIIII
1684 2822 1752 2854 kal.
1781 2822 1910 2859 martii,
1939 2832 2031 2853 anno
2058 2821 2194 2862 quinto.
2223 2832 2236 2849 »

1262 2951 1283 2972 1.
1304 2951 1323 2972 ΙΙ
1336 2952 1377 2977 n'y
1391 2958 1406 2972 a
1418 2958 1463 2977 pas
1476 2952 1506 2973 de
1519 2958 1540 2973 c.
1553 2952 1592 2977 64,
1605 2952 1644 2977 65,
1657 2952 1696 2977 66,
1709 2953 1748 2977 67,
1761 2953 1800 2974 68.
1820 2953 1892 2979 Ἀργὼ
1904 2953 1926 2974 le
1938 2959 1958 2974 c.
1972 2953 2002 2973 63
2015 2958 2072 2973 sous
2084 2949 2165 2977 lequel
2177 2950 2233 2970 sont

1228 2986 1334 3007 Inscrces
1353 2987 1474 3012 plusieurs
1493 2989 1578 3008 autres
1596 2988 1691 3012 lettres,
1712 2989 1780 3009 vient
1800 2988 2014 3009 immedIatement
2033 2988 2060 3013 (1.
2083 2986 2127 3008 198
2145 2984 2193 3010 V⁰)·
2212 2985 2233 3005 ¹0

1229 3026 1250 3043 e.
1266 3021 1304 3042 69.
