<?xml version="1.0" encoding="UTF-8"?>
<!DOCTYPE html PUBLIC "-//W3C//DTD XHTML 1.0 Transitional//EN"
    "http://www.w3.org/TR/xhtml1/DTD/xhtml1-transitional.dtd">
<html xmlns="http://www.w3.org/1999/xhtml" xml:lang="en" lang="en">
 <head>
  <title>
</title>
<meta http-equiv="Content-Type" content="text/html;charset=utf-8" />
  <meta name='ocr-system' content='tesseract 3.04.00' />
  <meta name='ocr-capabilities' content='ocr_page ocr_carea ocr_par ocr_line ocrx_word'/>
</head>
<body>
  <div class='ocr_page' id='page_1' title='image "./lesregistresdegr02cathuoft_0151.png"; bbox 0 0 2477 3512; ppageno 0'>
   <div class='ocr_carea' id='block_1_1' title="bbox 945 282 1345 321">
    <p class='ocr_par' dir='ltr' id='par_1_1' title="bbox 945 282 1345 321">
     <span class='ocr_line' id='line_1_1' title="bbox 945 282 1345 321; baseline 0.003 -1"><span class='ocrx_word' id='word_1_1' title='bbox 945 282 1175 321; x_wconf 80' lang='lat' dir='ltr'>TROISIEME</span> <span class='ocrx_word' id='word_1_2' title='bbox 1199 283 1345 321; x_wconf 74' lang='lat' dir='ltr'>ANNEE</span> 
     </span>
    </p>
   </div>
   <div class='ocr_carea' id='block_1_2' title="bbox 204 358 1045 390">
    <p class='ocr_par' dir='ltr' id='par_1_2' title="bbox 204 358 1045 390">
     <span class='ocr_line' id='line_1_2' title="bbox 204 358 1045 390; baseline -0.004 -4"><span class='ocrx_word' id='word_1_3' title='bbox 204 360 305 386; x_wconf 75' lang='lat'><strong>2026</strong></span> <span class='ocrx_word' id='word_1_4' title='bbox 697 358 822 384; x_wconf 75' lang='lat' dir='ltr'>Viterbe,</span> <span class='ocrx_word' id='word_1_5' title='bbox 843 360 872 383; x_wconf 80' lang='lat'>12</span> <span class='ocrx_word' id='word_1_6' title='bbox 885 358 951 390; x_wconf 72' lang='lat' dir='ltr'>juin</span> <span class='ocrx_word' id='word_1_7' title='bbox 971 359 1045 383; x_wconf 74' lang='lat'><strong>1257.</strong></span> 
     </span>
    </p>
   </div>
   <div class='ocr_carea' id='block_1_3' title="bbox 167 444 1117 479">
    <p class='ocr_par' dir='ltr' id='par_1_3' title="bbox 167 444 1117 479">
     <span class='ocr_line' id='line_1_3' title="bbox 167 444 1117 479; baseline -0.004 -5"><span class='ocrx_word' id='word_1_8' title='bbox 167 449 278 479; x_wconf 85' lang='lat' dir='ltr'>Eidem,</span> <span class='ocrx_word' id='word_1_9' title='bbox 296 449 323 473; x_wconf 84' lang='lat' dir='ltr'>in</span> <span class='ocrx_word' id='word_1_10' title='bbox 347 447 485 474; x_wconf 88' lang='lat' dir='ltr'>eumdem</span> <span class='ocrx_word' id='word_1_11' title='bbox 503 447 632 473; x_wconf 83' lang='lat' dir='ltr'>modum.</span> <span class='ocrx_word' id='word_1_12' title='bbox 645 446 722 479; x_wconf 71' lang='lat' dir='ltr'>(flac.</span> <span class='ocrx_word' id='word_1_13' title='bbox 740 445 783 476; x_wconf 76' lang='lat'>25,</span> <span class='ocrx_word' id='word_1_14' title='bbox 800 452 825 470; x_wconf 78' lang='lat' dir='ltr'>a.</span> <span class='ocrx_word' id='word_1_15' title='bbox 845 445 890 470; x_wconf 89' lang='grc' dir='ltr'><strong>ΙΙΙ.</strong></span> <span class='ocrx_word' id='word_1_16' title='bbox 909 444 1033 473; x_wconf 68' lang='lat' dir='ltr'>c.407.f.</span> <span class='ocrx_word' id='word_1_17' title='bbox 1049 444 1117 470; x_wconf 64' lang='grc'><strong>53“.1</strong></span> 
     </span>
    </p>
   </div>
   <div class='ocr_carea' id='block_1_4' title="bbox 132 533 1145 680">
    <p class='ocr_par' dir='ltr' id='par_1_4' title="bbox 132 533 1145 680">
     <span class='ocr_line' id='line_1_4' title="bbox 178 533 1145 576; baseline -0.004 -8"><span class='ocrx_word' id='word_1_18' title='bbox 178 551 191 565; x_wconf 87' lang='lat'>«</span> <span class='ocrx_word' id='word_1_19' title='bbox 216 535 347 568; x_wconf 78' lang='lat' dir='ltr'>Eidem.</span> <span class='ocrx_word' id='word_1_20' title='bbox 375 537 521 568; x_wconf 80' lang='lat' dir='ltr'><strong>Dilectus</strong></span> <span class='ocrx_word' id='word_1_21' title='bbox 539 535 621 566; x_wconf 86' lang='lat' dir='ltr'>filius</span> <span class='ocrx_word' id='word_1_22' title='bbox 643 535 761 576; x_wconf 81' lang='lat' dir='ltr'>Symon</span> <span class='ocrx_word' id='word_1_23' title='bbox 781 534 920 565; x_wconf 72' lang='lat' dir='ltr'>clericus</span> <span class='ocrx_word' id='word_1_24' title='bbox 940 534 1045 565; x_wconf 87' lang='lat' dir='ltr'>dictus</span> <span class='ocrx_word' id='word_1_25' title='bbox 1077 533 1117 564; x_wconf 90' lang='lat' dir='ltr'>de</span> <span class='ocrx_word' id='word_1_26' title='bbox 1143 546 1145 571; x_wconf 58' lang='lat'><em>1</em></span> 
     </span>
     <span class='ocr_line' id='line_1_5' title="bbox 133 577 1145 631; baseline -0.004 -7"><span class='ocrx_word' id='word_1_27' title='bbox 133 593 348 631; x_wconf 75' lang='lat' dir='ltr'>claromonte,</span> <span class='ocrx_word' id='word_1_28' title='bbox 371 598 404 624; x_wconf 87' lang='lat' dir='ltr'>ut</span> <span class='ocrx_word' id='word_1_29' title='bbox 430 593 461 623; x_wconf 90' lang='lat' dir='ltr'>in</span> <span class='ocrx_word' id='word_1_30' title='bbox 489 592 562 629; x_wconf 84' lang='lat' dir='ltr'>alia,</span> <span class='ocrx_word' id='word_1_31' title='bbox 591 591 631 622; x_wconf 86' lang='lat' dir='ltr'>de</span> <span class='ocrx_word' id='word_1_32' title='bbox 651 590 750 622; x_wconf 78' lang='lat' dir='ltr'>verbo</span> <span class='ocrx_word' id='word_1_33' title='bbox 777 590 816 620; x_wconf 79' lang='lat' dir='ltr'>ad</span> <span class='ocrx_word' id='word_1_34' title='bbox 842 591 986 626; x_wconf 79' lang='lat' dir='ltr'>verbum,</span> <span class='ocrx_word' id='word_1_35' title='bbox 1019 599 1119 629; x_wconf 89' lang='lat' dir='ltr'>usque</span> <span class='ocrx_word' id='word_1_36' title='bbox 1143 577 1145 587; x_wconf 39' lang='lat'><strong>¹</strong></span> 
     </span>
     <span class='ocr_line' id='line_1_6' title="bbox 132 650 330 680; baseline -0.005 0"><span class='ocrx_word' id='word_1_37' title='bbox 132 650 163 680; x_wconf 93' lang='lat' dir='ltr'>in</span> <span class='ocrx_word' id='word_1_38' title='bbox 184 650 290 680; x_wconf 83' lang='lat' dir='ltr'>finem.</span> <span class='ocrx_word' id='word_1_39' title='bbox 317 664 330 676; x_wconf 72' lang='grc' dir='ltr'>υ</span> 
     </span>
    </p>
   </div>
   <div class='ocr_carea' id='block_1_5' title="bbox 204 785 1145 814">
    <p class='ocr_par' dir='ltr' id='par_1_5' title="bbox 204 785 1145 814">
     <span class='ocr_line' id='line_1_7' title="bbox 204 785 1145 814; baseline -0.005 0"><span class='ocrx_word' id='word_1_40' title='bbox 204 787 304 814; x_wconf 74' lang='lat'>2027</span> <span class='ocrx_word' id='word_1_41' title='bbox 655 786 768 813; x_wconf 56' lang='lat' dir='ltr'>Latrim,</span> <span class='ocrx_word' id='word_1_42' title='bbox 792 787 823 811; x_wconf 78' lang='lat'>28</span> <span class='ocrx_word' id='word_1_43' title='bbox 849 785 1046 810; x_wconf 74' lang='lat' dir='ltr'>l&#39;evrier1257.</span> <span class='ocrx_word' id='word_1_44' title='bbox 1144 802 1145 814; x_wconf 59' lang='grc'>,</span> 
     </span>
    </p>
   </div>
   <div class='ocr_carea' id='block_1_6' title="bbox 1143 364 1146 893">
    <p class='ocr_par' dir='ltr' id='par_1_6' title="bbox 1143 364 1146 893">
     <span class='ocr_line' id='line_1_8' title="bbox 1143 364 1146 893; baseline 0 0"><span class='ocrx_word' id='word_1_45' title='bbox 1143 364 1146 893; x_wconf 95' lang='lat' dir='ltr'> </span> 
     </span>
    </p>
   </div>
   <div class='ocr_carea' id='block_1_7' title="bbox 132 873 1144 1003">
    <p class='ocr_par' dir='ltr' id='par_1_7' title="bbox 132 873 1144 1003">
     <span class='ocr_line' id='line_1_9' title="bbox 167 873 1118 908; baseline -0.006 -3"><span class='ocrx_word' id='word_1_46' title='bbox 167 879 272 905; x_wconf 81' lang='lat' dir='ltr'>Jacobo</span> <span class='ocrx_word' id='word_1_47' title='bbox 292 877 327 903; x_wconf 89' lang='lat' dir='ltr'>de</span> <span class='ocrx_word' id='word_1_48' title='bbox 349 876 546 907; x_wconf 77' lang='lat' dir='ltr'>claromonte,</span> <span class='ocrx_word' id='word_1_49' title='bbox 567 876 710 902; x_wconf 83' lang='lat' dir='ltr'>canonico</span> <span class='ocrx_word' id='word_1_50' title='bbox 736 875 866 904; x_wconf 68' lang='lat' dir='ltr'>Metensiv</span> <span class='ocrx_word' id='word_1_51' title='bbox 885 875 969 908; x_wconf 75' lang='lat' dir='ltr'>cujus</span> <span class='ocrx_word' id='word_1_52' title='bbox 988 873 1118 908; x_wconf 73' lang='lat' dir='ltr'>receptio</span> 
     </span>
     <span class='ocr_line' id='line_1_10' title="bbox 132 921 1117 960; baseline -0.006 -8"><span class='ocrx_word' id='word_1_53' title='bbox 132 934 183 960; x_wconf 87' lang='lat' dir='ltr'>per</span> <span class='ocrx_word' id='word_1_54' title='bbox 197 925 321 952; x_wconf 81' lang='lat' dir='ltr'>eandem</span> <span class='ocrx_word' id='word_1_55' title='bbox 334 923 577 950; x_wconf 83' lang='lat' dir='ltr'>constitutionem</span> <span class='ocrx_word' id='word_1_56' title='bbox 594 926 638 948; x_wconf 90' lang='lat' dir='ltr'>est</span> <span class='ocrx_word' id='word_1_57' title='bbox 651 924 773 954; x_wconf 72' lang='lat' dir='ltr'>cassata,</span> <span class='ocrx_word' id='word_1_58' title='bbox 784 922 832 955; x_wconf 80' lang='lat' dir='ltr'>jus</span> <span class='ocrx_word' id='word_1_59' title='bbox 849 921 1040 947; x_wconf 83' lang='lat' dir='ltr'>canonicatus</span> <span class='ocrx_word' id='word_1_60' title='bbox 1056 928 1117 946; x_wconf 85' lang='lat' dir='ltr'>res-</span> 
     </span>
     <span class='ocr_line' id='line_1_11' title="bbox 133 969 1144 1003; baseline -0.007 -4"><span class='ocrx_word' id='word_1_61' title='bbox 133 973 218 1000; x_wconf 79' lang='lat' dir='ltr'>tituit.</span> <span class='ocrx_word' id='word_1_62' title='bbox 237 972 314 998; x_wconf 67' lang='lat' dir='ltr'>(Rae.</span> <span class='ocrx_word' id='word_1_63' title='bbox 329 973 371 1003; x_wconf 66' lang='lat'>25,</span> <span class='ocrx_word' id='word_1_64' title='bbox 389 979 414 997; x_wconf 84' lang='lat' dir='ltr'>a.</span> <span class='ocrx_word' id='word_1_65' title='bbox 433 971 479 1002; x_wconf 85' lang='grc' dir='ltr'><strong>ΙΙΙ,</strong></span> <span class='ocrx_word' id='word_1_66' title='bbox 492 979 517 996; x_wconf 82' lang='lat' dir='ltr'>c.</span> <span class='ocrx_word' id='word_1_67' title='bbox 533 972 594 1002; x_wconf 76' lang='lat'>408,</span> <span class='ocrx_word' id='word_1_68' title='bbox 610 970 627 996; x_wconf 79' lang='lat' dir='ltr'>f.</span> <span class='ocrx_word' id='word_1_69' title='bbox 646 971 709 996; x_wconf 39' lang='lat'>53&amp;</span> <span class='ocrx_word' id='word_1_70' title='bbox 1143 969 1144 992; x_wconf 71' lang='grc'>1</span> 
     </span>
    </p>
   </div>
   <div class='ocr_carea' id='block_1_8' title="bbox 1168 288 2160 734">
    <p class='ocr_par' dir='ltr' id='par_1_8' title="bbox 1168 288 2160 734">
     <span class='ocr_line' id='line_1_12' title="bbox 2091 288 2156 320; baseline -0.015 0"><span class='ocrx_word' id='word_1_71' title='bbox 2091 288 2156 320; x_wconf 68' lang='grc'>623</span> 
     </span>
     <span class='ocr_line' id='line_1_13' title="bbox 1171 355 2158 398; baseline -0.003 -10"><span class='ocrx_word' id='word_1_72' title='bbox 1171 358 1212 388; x_wconf 89' lang='lat' dir='ltr'>tis</span> <span class='ocrx_word' id='word_1_73' title='bbox 1247 357 1409 398; x_wconf 84' lang='lat' dir='ltr'>obsequiis</span> <span class='ocrx_word' id='word_1_74' title='bbox 1444 357 1687 388; x_wconf 76' lang='lat' dir='ltr'>defraudantur.</span> <span class='ocrx_word' id='word_1_75' title='bbox 1722 356 1812 388; x_wconf 85' lang='lat' dir='ltr'>Unde</span> <span class='ocrx_word' id='word_1_76' title='bbox 1848 355 2027 386; x_wconf 82' lang='lat' dir='ltr'>venerabili</span> <span class='ocrx_word' id='word_1_77' title='bbox 2064 356 2158 386; x_wconf 78' lang='lat' dir='ltr'>fratri</span> 
     </span>
     <span class='ocr_line' id='line_1_14' title="bbox 1169 411 2158 454; baseline -0.003 -10"><span class='ocrx_word' id='word_1_78' title='bbox 1169 420 1307 445; x_wconf 88' lang='lat' dir='ltr'>nostro..</span> <span class='ocrx_word' id='word_1_79' title='bbox 1339 414 1477 445; x_wconf 86' lang='lat' dir='ltr'>Metensi</span> <span class='ocrx_word' id='word_1_80' title='bbox 1499 413 1650 454; x_wconf 87' lang='lat' dir='ltr'>episcopo</span> <span class='ocrx_word' id='word_1_81' title='bbox 1689 412 1806 443; x_wconf 83' lang='lat' dir='ltr'>nostris</span> <span class='ocrx_word' id='word_1_82' title='bbox 1839 411 1951 442; x_wconf 84' lang='lat' dir='ltr'>damus</span> <span class='ocrx_word' id='word_1_83' title='bbox 1980 411 2100 442; x_wconf 84' lang='lat' dir='ltr'>litteris</span> <span class='ocrx_word' id='word_1_84' title='bbox 2127 412 2158 441; x_wconf 93' lang='lat' dir='ltr'>in</span> 
     </span>
     <span class='ocr_line' id='line_1_15' title="bbox 1168 467 2160 509; baseline -0.003 -9"><span class='ocrx_word' id='word_1_85' title='bbox 1168 470 1340 507; x_wconf 81' lang='lat' dir='ltr'>mandatis,</span> <span class='ocrx_word' id='word_1_86' title='bbox 1358 473 1404 507; x_wconf 89' lang='lat' dir='ltr'>ut,</span> <span class='ocrx_word' id='word_1_87' title='bbox 1427 470 1454 500; x_wconf 88' lang='lat' dir='ltr'>si</span> <span class='ocrx_word' id='word_1_88' title='bbox 1474 472 1523 500; x_wconf 87' lang='lat' dir='ltr'>est</span> <span class='ocrx_word' id='word_1_89' title='bbox 1540 469 1596 502; x_wconf 74' lang='lat' dir='ltr'>ita,</span> <span class='ocrx_word' id='word_1_90' title='bbox 1621 469 1718 509; x_wconf 65' lang='lat' dir='ltr'>ipsos,</span> <span class='ocrx_word' id='word_1_91' title='bbox 1736 468 1799 498; x_wconf 87' lang='lat' dir='ltr'>illis</span> <span class='ocrx_word' id='word_1_92' title='bbox 1815 468 1867 508; x_wconf 87' lang='lat' dir='ltr'>qni</span> <span class='ocrx_word' id='word_1_93' title='bbox 1882 467 2001 498; x_wconf 87' lang='lat' dir='ltr'>nostris</span> <span class='ocrx_word' id='word_1_94' title='bbox 2018 467 2073 498; x_wconf 74' lang='lat' dir='ltr'>vel</span> <span class='ocrx_word' id='word_1_95' title='bbox 2091 467 2160 498; x_wconf 82' lang='lat' dir='ltr'>fra-</span> 
     </span>
     <span class='ocr_line' id='line_1_16' title="bbox 1169 523 2159 556; baseline -0.002 0"><span class='ocrx_word' id='word_1_96' title='bbox 1169 532 1254 556; x_wconf 89' lang='lat' dir='ltr'>trum</span> <span class='ocrx_word' id='word_1_97' title='bbox 1304 531 1489 556; x_wconf 84' lang='lat' dir='ltr'>nostrorum</span> <span class='ocrx_word' id='word_1_98' title='bbox 1543 525 1685 555; x_wconf 79' lang='lat' dir='ltr'>servitiis</span> <span class='ocrx_word' id='word_1_99' title='bbox 1732 525 1944 555; x_wconf 86' lang='lat' dir='ltr'>immorantur</span> <span class='ocrx_word' id='word_1_100' title='bbox 1988 523 2159 554; x_wconf 76' lang='lat' dir='ltr'>dumtaxat</span> 
     </span>
     <span class='ocr_line' id='line_1_17' title="bbox 1170 580 2156 624; baseline -0.002 -11"><span class='ocrx_word' id='word_1_101' title='bbox 1170 583 1328 623; x_wconf 73' lang='lat' dir='ltr'>exceptis,</span> <span class='ocrx_word' id='word_1_102' title='bbox 1352 582 1437 624; x_wconf 83' lang='lat' dir='ltr'>quod</span> <span class='ocrx_word' id='word_1_103' title='bbox 1451 582 1482 612; x_wconf 90' lang='lat' dir='ltr'>in</span> <span class='ocrx_word' id='word_1_104' title='bbox 1499 581 1647 612; x_wconf 77' lang='lat' dir='ltr'>ecclesiis</span> <span class='ocrx_word' id='word_1_105' title='bbox 1663 581 1740 621; x_wconf 56' lang='lat' dir='ltr'>ipsisv</span> <span class='ocrx_word' id='word_1_106' title='bbox 1759 580 1923 610; x_wconf 71' lang='lat' dir='ltr'>resideant</span> <span class='ocrx_word' id='word_1_107' title='bbox 1938 586 1971 610; x_wconf 92' lang='lat' dir='ltr'>ut</span> <span class='ocrx_word' id='word_1_108' title='bbox 1992 582 2156 618; x_wconf 87' lang='lat' dir='ltr'>tenentur,</span> 
     </span>
     <span class='ocr_line' id='line_1_18' title="bbox 1170 635 2159 679; baseline -0.001 -11"><span class='ocrx_word' id='word_1_109' title='bbox 1170 638 1346 669; x_wconf 84' lang='lat' dir='ltr'>monitione</span> <span class='ocrx_word' id='word_1_110' title='bbox 1365 639 1532 679; x_wconf 85' lang='lat' dir='ltr'>premissa,</span> <span class='ocrx_word' id='word_1_111' title='bbox 1552 647 1610 678; x_wconf 90' lang='lat' dir='ltr'>per</span> <span class='ocrx_word' id='word_1_112' title='bbox 1624 636 1877 666; x_wconf 76' lang='lat' dir='ltr'>subtractionem</span> <span class='ocrx_word' id='word_1_113' title='bbox 1888 635 2075 667; x_wconf 86' lang='lat' dir='ltr'>eorumdem</span> <span class='ocrx_word' id='word_1_114' title='bbox 2088 646 2159 676; x_wconf 88' lang='lat' dir='ltr'>pro—</span> 
     </span>
     <span class='ocr_line' id='line_1_19' title="bbox 1170 692 2158 734; baseline 0 -11"><span class='ocrx_word' id='word_1_115' title='bbox 1170 700 1324 724; x_wconf 77' lang='lat' dir='ltr'>ventuum</span> <span class='ocrx_word' id='word_1_116' title='bbox 1340 694 1557 734; x_wconf 79' lang='lat' dir='ltr'>appellatione</span> <span class='ocrx_word' id='word_1_117' title='bbox 1575 698 1701 723; x_wconf 86' lang='lat' dir='ltr'>remota</span> <span class='ocrx_word' id='word_1_118' title='bbox 1718 692 1902 731; x_wconf 61' lang='lat' dir='ltr'>ctnnpellat,</span> <span class='ocrx_word' id='word_1_119' title='bbox 1928 702 1985 721; x_wconf 90' lang='lat' dir='ltr'>non</span> <span class='ocrx_word' id='word_1_120' title='bbox 2008 692 2158 723; x_wconf 86' lang='lat' dir='ltr'>obstante</span> 
     </span>
    </p>
   </div>
   <div class='ocr_carea' id='block_1_9' title="bbox 1172 748 2157 790">
    <p class='ocr_par' dir='ltr' id='par_1_9' title="bbox 1172 748 2157 790">
     <span class='ocr_line' id='line_1_20' title="bbox 1172 748 2157 790; baseline -0.002 -9"><span class='ocrx_word' id='word_1_121' title='bbox 1172 751 1197 781; x_wconf 89' lang='lat' dir='ltr'>si</span> <span class='ocrx_word' id='word_1_122' title='bbox 1211 750 1258 781; x_wconf 90' lang='lat' dir='ltr'>eis</span> <span class='ocrx_word' id='word_1_123' title='bbox 1284 762 1301 780; x_wconf 80' lang='lat' dir='ltr'>a</span> <span class='ocrx_word' id='word_1_124' title='bbox 1323 750 1405 781; x_wconf 78' lang='lat' dir='ltr'>Sede</span> <span class='ocrx_word' id='word_1_125' title='bbox 1424 750 1612 790; x_wconf 79' lang='lat' dir='ltr'>Apostolica</span> <span class='ocrx_word' id='word_1_126' title='bbox 1637 749 1688 779; x_wconf 86' lang='lat' dir='ltr'>vel</span> <span class='ocrx_word' id='word_1_127' title='bbox 1722 748 1843 788; x_wconf 76' lang='lat' dir='ltr'>legatis</span> <span class='ocrx_word' id='word_1_128' title='bbox 1880 748 1979 788; x_wconf 74' lang='lat' dir='ltr'>ipsius</span> <span class='ocrx_word' id='word_1_129' title='bbox 2001 748 2157 779; x_wconf 88' lang='lat' dir='ltr'>indultum</span> 
     </span>
    </p>
   </div>
   <div class='ocr_carea' id='block_1_10' title="bbox 1144 803 2158 846">
    <p class='ocr_par' dir='ltr' id='par_1_10' title="bbox 1144 803 2158 846">
     <span class='ocr_line' id='line_1_21' title="bbox 1144 803 2158 846; baseline -0.004 -9"><span class='ocrx_word' id='word_1_130' title='bbox 1144 820 1145 846; x_wconf 50' lang='grc'>1</span> <span class='ocrx_word' id='word_1_131' title='bbox 1169 806 1304 843; x_wconf 81' lang='lat' dir='ltr'>existat,</span> <span class='ocrx_word' id='word_1_132' title='bbox 1327 806 1409 846; x_wconf 90' lang='lat' dir='ltr'>quod</span> <span class='ocrx_word' id='word_1_133' title='bbox 1434 807 1464 836; x_wconf 95' lang='lat' dir='ltr'>in</span> <span class='ocrx_word' id='word_1_134' title='bbox 1492 805 1641 836; x_wconf 70' lang='lat' dir='ltr'>ecclesiis</span> <span class='ocrx_word' id='word_1_135' title='bbox 1674 803 1830 845; x_wconf 73' lang='lat' dir='ltr'>predictis</span> <span class='ocrx_word' id='word_1_136' title='bbox 1860 804 2004 834; x_wconf 85' lang='lat' dir='ltr'>residere</span> <span class='ocrx_word' id='word_1_137' title='bbox 2029 804 2158 834; x_wconf 83' lang='lat' dir='ltr'>minime</span> 
     </span>
    </p>
   </div>
   <div class='ocr_carea' id='block_1_11' title="bbox 1170 861 2159 902">
    <p class='ocr_par' dir='ltr' id='par_1_11' title="bbox 1170 861 2159 902">
     <span class='ocr_line' id='line_1_22' title="bbox 1170 861 2159 902; baseline -0.002 -9"><span class='ocrx_word' id='word_1_138' title='bbox 1170 864 1355 900; x_wconf 84' lang='lat' dir='ltr'>teneantur,</span> <span class='ocrx_word' id='word_1_139' title='bbox 1381 862 1432 893; x_wconf 81' lang='lat' dir='ltr'>vel</span> <span class='ocrx_word' id='word_1_140' title='bbox 1464 862 1547 902; x_wconf 78' lang='lat' dir='ltr'>quod</span> <span class='ocrx_word' id='word_1_141' title='bbox 1577 874 1593 891; x_wconf 70' lang='lat' dir='ltr'>a</span> <span class='ocrx_word' id='word_1_142' title='bbox 1627 870 1785 901; x_wconf 86' lang='lat' dir='ltr'>quoquam</span> <span class='ocrx_word' id='word_1_143' title='bbox 1823 861 1894 902; x_wconf 83' lang='lat' dir='ltr'>cogi</span> <span class='ocrx_word' id='word_1_144' title='bbox 1928 864 2088 900; x_wconf 74' lang='lat' dir='ltr'>nequeant</span> <span class='ocrx_word' id='word_1_145' title='bbox 2121 861 2159 891; x_wconf 87' lang='lat' dir='ltr'>ad</span> 
     </span>
    </p>
   </div>
   <div class='ocr_carea' id='block_1_12' title="bbox 1143 916 2159 1017">
    <p class='ocr_par' dir='ltr' id='par_1_12' title="bbox 1143 916 2159 1017">
     <span class='ocr_line' id='line_1_23' title="bbox 1143 916 2159 960; baseline -0.003 -10"><span class='ocrx_word' id='word_1_146' title='bbox 1143 938 1144 959; x_wconf 77' lang='lat'>1</span> <span class='ocrx_word' id='word_1_147' title='bbox 1169 919 1381 951; x_wconf 87' lang='lat' dir='ltr'>residentiam</span> <span class='ocrx_word' id='word_1_148' title='bbox 1402 918 1585 960; x_wconf 81' lang='lat' dir='ltr'>hujusmodi</span> <span class='ocrx_word' id='word_1_149' title='bbox 1615 917 1808 948; x_wconf 79' lang='lat' dir='ltr'>faciendam.</span> <span class='ocrx_word' id='word_1_150' title='bbox 1840 916 1997 953; x_wconf 74' lang='lat' dir='ltr'>Quocirca</span> <span class='ocrx_word' id='word_1_151' title='bbox 2031 917 2159 947; x_wconf 82' lang='lat' dir='ltr'>manda-</span> 
     </span>
     <span class='ocr_line' id='line_1_24' title="bbox 1143 972 2153 1017; baseline -0.004 -10"><span class='ocrx_word' id='word_1_152' title='bbox 1143 998 1144 1017; x_wconf 57' lang='lat'>3</span> <span class='ocrx_word' id='word_1_153' title='bbox 1170 987 1250 1011; x_wconf 76' lang='lat' dir='ltr'>mus,</span> <span class='ocrx_word' id='word_1_154' title='bbox 1270 976 1420 1016; x_wconf 76' lang='lat' dir='ltr'>quatinus</span> <span class='ocrx_word' id='word_1_155' title='bbox 1439 976 1466 1006; x_wconf 86' lang='lat' dir='ltr'>si</span> <span class='ocrx_word' id='word_1_156' title='bbox 1490 975 1567 1006; x_wconf 81' lang='lat' dir='ltr'>dicti</span> <span class='ocrx_word' id='word_1_157' title='bbox 1587 974 1701 1005; x_wconf 87' lang='lat' dir='ltr'>clerici</span> <span class='ocrx_word' id='word_1_158' title='bbox 1729 984 1764 1004; x_wconf 83' lang='lat' dir='ltr'>ac</span> <span class='ocrx_word' id='word_1_159' title='bbox 1797 983 1934 1014; x_wconf 83' lang='lat' dir='ltr'>persone</span> <span class='ocrx_word' id='word_1_160' title='bbox 1967 972 2004 1003; x_wconf 83' lang='lat' dir='ltr'>ab</span> <span class='ocrx_word' id='word_1_161' title='bbox 2039 973 2153 1003; x_wconf 86' lang='lat' dir='ltr'>eodem</span> 
     </span>
    </p>
   </div>
   <div class='ocr_carea' id='block_1_13' title="bbox 1143 1029 2161 1074">
    <p class='ocr_par' dir='ltr' id='par_1_13' title="bbox 1143 1029 2161 1074">
     <span class='ocr_line' id='line_1_25' title="bbox 1143 1029 2161 1074; baseline -0.004 -11"><span class='ocrx_word' id='word_1_162' title='bbox 1143 1063 1144 1073; x_wconf 16' lang='grc' dir='ltr'>γ</span> <span class='ocrx_word' id='word_1_163' title='bbox 1169 1033 1320 1074; x_wconf 84' lang='lat' dir='ltr'>episcopo</span> <span class='ocrx_word' id='word_1_164' title='bbox 1347 1034 1574 1073; x_wconf 81' lang='lat' dir='ltr'>competenter</span> <span class='ocrx_word' id='word_1_165' title='bbox 1603 1031 1727 1062; x_wconf 81' lang='lat' dir='ltr'>moniti.</span> <span class='ocrx_word' id='word_1_166' title='bbox 1758 1031 1788 1060; x_wconf 91' lang='lat' dir='ltr'>in</span> <span class='ocrx_word' id='word_1_167' title='bbox 1825 1029 1978 1061; x_wconf 82' lang='lat' dir='ltr'>ecclesiis</span> <span class='ocrx_word' id='word_1_168' title='bbox 2007 1029 2161 1069; x_wconf 71' lang='lat' dir='ltr'>predictis</span> 
     </span>
    </p>
   </div>
   <div class='ocr_carea' id='block_1_14' title="bbox 129 1103 1146 1251">
    <p class='ocr_par' dir='ltr' id='par_1_14' title="bbox 129 1103 1146 1251">
     <span class='ocr_line' id='line_1_26' title="bbox 131 1103 1144 1140; baseline -0.002 -2"><span class='ocrx_word' id='word_1_169' title='bbox 131 1117 135 1119; x_wconf 62' lang='grc'><strong><em>’</em></strong></span> <span class='ocrx_word' id='word_1_170' title='bbox 175 1121 189 1134; x_wconf 88' lang='lat'>«</span> <span class='ocrx_word' id='word_1_171' title='bbox 216 1106 338 1138; x_wconf 81' lang='lat' dir='ltr'>Jacobo</span> <span class='ocrx_word' id='word_1_172' title='bbox 365 1105 406 1136; x_wconf 69' lang='lat' dir='ltr'>(le</span> <span class='ocrx_word' id='word_1_173' title='bbox 428 1104 654 1137; x_wconf 70' lang='lat' dir='ltr'>claromonte.</span> <span class='ocrx_word' id='word_1_174' title='bbox 679 1104 839 1136; x_wconf 66' lang='lat' dir='ltr'>canonico</span> <span class='ocrx_word' id='word_1_175' title='bbox 865 1103 1017 1135; x_wconf 40' lang='lat' dir='ltr'>illetensi.</span> <span class='ocrx_word' id='word_1_176' title='bbox 1039 1105 1119 1140; x_wconf 83' lang='lat' dir='ltr'>Quia</span> <span class='ocrx_word' id='word_1_177' title='bbox 1143 1128 1144 1136; x_wconf 40' lang='lat'>1</span> 
     </span>
     <span class='ocr_line' id='line_1_27' title="bbox 129 1150 1146 1222; baseline -0.004 -28"><span class='ocrx_word' id='word_1_178' title='bbox 129 1163 247 1194; x_wconf 91' lang='lat' dir='ltr'>dudum</span> <span class='ocrx_word' id='word_1_179' title='bbox 262 1163 292 1193; x_wconf 93' lang='lat' dir='ltr'>in</span> <span class='ocrx_word' id='word_1_180' title='bbox 313 1163 474 1204; x_wconf 88' lang='lat' dir='ltr'>plerisque</span> <span class='ocrx_word' id='word_1_181' title='bbox 494 1180 546 1191; x_wconf 84' lang='lat'>-.</span> <span class='ocrx_word' id='word_1_182' title='bbox 571 1162 643 1192; x_wconf 88' lang='lat' dir='ltr'>Dat.</span> <span class='ocrx_word' id='word_1_183' title='bbox 673 1161 835 1193; x_wconf 79' lang='lat' dir='ltr'>Laterani.</span> <span class='ocrx_word' id='word_1_184' title='bbox 856 1161 881 1191; x_wconf 90' lang='grc'>11</span> <span class='ocrx_word' id='word_1_185' title='bbox 899 1160 964 1191; x_wconf 83' lang='lat' dir='ltr'>kal.</span> <span class='ocrx_word' id='word_1_186' title='bbox 996 1150 1116 1197; x_wconf 71' lang='lat' dir='ltr'>martii,</span> <span class='ocrx_word' id='word_1_187' title='bbox 1143 1177 1146 1222; x_wconf 41' lang='lat'><strong>1</strong></span> 
     </span>
     <span class='ocr_line' id='line_1_28' title="bbox 130 1220 381 1251; baseline -0.008 0"><span class='ocrx_word' id='word_1_188' title='bbox 130 1230 214 1251; x_wconf 88' lang='lat' dir='ltr'>anno</span> <span class='ocrx_word' id='word_1_189' title='bbox 229 1220 340 1250; x_wconf 83' lang='lat' dir='ltr'>tertio.</span> <span class='ocrx_word' id='word_1_190' title='bbox 368 1233 381 1245; x_wconf 71' lang='grc' dir='ltr'><strong>υ</strong></span> 
     </span>
    </p>
   </div>
   <div class='ocr_carea' id='block_1_15' title="bbox 199 1354 1046 1389">
    <p class='ocr_par' dir='ltr' id='par_1_15' title="bbox 199 1354 1046 1389">
     <span class='ocr_line' id='line_1_29' title="bbox 199 1354 1046 1389; baseline -0.002 -7"><span class='ocrx_word' id='word_1_191' title='bbox 199 1356 301 1382; x_wconf 60' lang='lat'>202⁸</span> <span class='ocrx_word' id='word_1_192' title='bbox 684 1355 806 1382; x_wconf 69' lang='lat' dir='ltr'>i&#39;iterbe.</span> <span class='ocrx_word' id='word_1_193' title='bbox 827 1357 841 1380; x_wconf 71' lang='lat'>5</span> <span class='ocrx_word' id='word_1_194' title='bbox 855 1354 953 1389; x_wconf 64' lang='lat' dir='ltr'>juillet</span> <span class='ocrx_word' id='word_1_195' title='bbox 972 1357 1046 1380; x_wconf 77' lang='lat'>1257.</span> 
     </span>
    </p>
   </div>
   <div class='ocr_carea' id='block_1_16' title="bbox 128 1441 1149 1663">
    <p class='ocr_par' dir='ltr' id='par_1_16' title="bbox 128 1441 1149 1663">
     <span class='ocr_line' id='line_1_30' title="bbox 163 1441 1122 1477; baseline -0.003 -8"><span class='ocrx_word' id='word_1_196' title='bbox 163 1444 358 1477; x_wconf 75' lang='lat' dir='ltr'>infrascriptis</span> <span class='ocrx_word' id='word_1_197' title='bbox 373 1443 527 1469; x_wconf 78' lang='lat' dir='ltr'>abbatibus</span> <span class='ocrx_word' id='word_1_198' title='bbox 543 1442 674 1474; x_wconf 81' lang='lat' dir='ltr'>mandat,</span> <span class='ocrx_word' id='word_1_199' title='bbox 686 1445 833 1476; x_wconf 82' lang='lat' dir='ltr'>quatenus</span> <span class='ocrx_word' id='word_1_200' title='bbox 847 1442 960 1467; x_wconf 80' lang='lat' dir='ltr'>fructus</span> <span class='ocrx_word' id='word_1_201' title='bbox 978 1441 1122 1475; x_wconf 83' lang='lat' dir='ltr'>praeben-</span> 
     </span>
     <span class='ocr_line' id='line_1_31' title="bbox 130 1489 1123 1523; baseline -0.004 -5"><span class='ocrx_word' id='word_1_202' title='bbox 130 1492 235 1518; x_wconf 86' lang='lat' dir='ltr'>darum</span> <span class='ocrx_word' id='word_1_203' title='bbox 251 1491 418 1517; x_wconf 84' lang='lat' dir='ltr'>subtractos</span> <span class='ocrx_word' id='word_1_204' title='bbox 429 1490 553 1522; x_wconf 77' lang='lat' dir='ltr'>clericis,</span> <span class='ocrx_word' id='word_1_205' title='bbox 575 1490 624 1523; x_wconf 86' lang='lat' dir='ltr'>qui</span> <span class='ocrx_word' id='word_1_206' title='bbox 642 1489 670 1515; x_wconf 92' lang='lat' dir='ltr'>in</span> <span class='ocrx_word' id='word_1_207' title='bbox 692 1489 835 1517; x_wconf 76' lang='lat' dir='ltr'>ecclesiis,</span> <span class='ocrx_word' id='word_1_208' title='bbox 853 1489 880 1514; x_wconf 93' lang='lat' dir='ltr'>in</span> <span class='ocrx_word' id='word_1_209' title='bbox 906 1489 1013 1523; x_wconf 87' lang='lat' dir='ltr'>quibus</span> <span class='ocrx_word' id='word_1_210' title='bbox 1036 1489 1123 1520; x_wconf 62' lang='lat' dir='ltr'>bene,</span> 
     </span>
     <span class='ocr_line' id='line_1_32' title="bbox 129 1537 1149 1571; baseline -0.003 -6"><span class='ocrx_word' id='word_1_211' title='bbox 129 1539 194 1565; x_wconf 75' lang='lat' dir='ltr'>ficia</span> <span class='ocrx_word' id='word_1_212' title='bbox 209 1538 355 1569; x_wconf 80' lang='lat' dir='ltr'>obtinent,</span> <span class='ocrx_word' id='word_1_213' title='bbox 367 1537 558 1565; x_wconf 81' lang='lat' dir='ltr'>residentiam</span> <span class='ocrx_word' id='word_1_214' title='bbox 571 1545 630 1563; x_wconf 86' lang='lat' dir='ltr'>non</span> <span class='ocrx_word' id='word_1_215' title='bbox 645 1537 780 1569; x_wconf 80' lang='lat' dir='ltr'>fecerint,</span> <span class='ocrx_word' id='word_1_216' title='bbox 798 1537 947 1571; x_wconf 81' lang='lat' dir='ltr'>colligant,</span> <span class='ocrx_word' id='word_1_217' title='bbox 966 1540 994 1563; x_wconf 80' lang='lat' dir='ltr'>et</span> <span class='ocrx_word' id='word_1_218' title='bbox 1008 1537 1122 1563; x_wconf 78' lang='grc'><strong>11150111-</strong></span> <span class='ocrx_word' id='word_1_219' title='bbox 1147 1551 1149 1568; x_wconf 71' lang='lat'>;</span> 
     </span>
     <span class='ocr_line' id='line_1_33' title="bbox 128 1582 1148 1612; baseline -0.001 0"><span class='ocrx_word' id='word_1_220' title='bbox 128 1587 239 1612; x_wconf 86' lang='lat' dir='ltr'>tionem</span> <span class='ocrx_word' id='word_1_221' title='bbox 263 1586 430 1612; x_wconf 84' lang='lat' dir='ltr'>debitorum</span> <span class='ocrx_word' id='word_1_222' title='bbox 454 1585 596 1611; x_wconf 87' lang='lat' dir='ltr'>ecclesiae</span> <span class='ocrx_word' id='word_1_223' title='bbox 614 1585 750 1610; x_wconf 85' lang='lat' dir='ltr'>Metensis</span> <span class='ocrx_word' id='word_1_224' title='bbox 770 1587 954 1610; x_wconf 83' lang='lat' dir='ltr'>ronvertant.</span> <span class='ocrx_word' id='word_1_225' title='bbox 978 1585 1056 1610; x_wconf 66' lang='lat' dir='ltr'>(Rae.</span> <span class='ocrx_word' id='word_1_226' title='bbox 1076 1587 1121 1612; x_wconf 73' lang='lat'>25,</span> <span class='ocrx_word' id='word_1_227' title='bbox 1147 1582 1148 1607; x_wconf 73' lang='grc'>1</span> 
     </span>
     <span class='ocr_line' id='line_1_34' title="bbox 129 1633 442 1663; baseline -0.01 -4"><span class='ocrx_word' id='word_1_228' title='bbox 129 1642 153 1659; x_wconf 88' lang='lat' dir='ltr'>a.</span> <span class='ocrx_word' id='word_1_229' title='bbox 169 1634 216 1660; x_wconf 84' lang='lat'>111.</span> <span class='ocrx_word' id='word_1_230' title='bbox 233 1641 256 1659; x_wconf 82' lang='lat' dir='ltr'>e.</span> <span class='ocrx_word' id='word_1_231' title='bbox 272 1634 333 1663; x_wconf 64' lang='lat'>409,</span> <span class='ocrx_word' id='word_1_232' title='bbox 352 1633 368 1658; x_wconf 77' lang='lat' dir='ltr'>i&#39;.</span> <span class='ocrx_word' id='word_1_233' title='bbox 386 1635 442 1659; x_wconf 28' lang='lat' dir='ltr'>MN</span> 
     </span>
    </p>
   </div>
   <div class='ocr_carea' id='block_1_17' title="bbox 174 1721 1145 1761">
    <p class='ocr_par' dir='ltr' id='par_1_17' title="bbox 174 1721 1145 1761">
     <span class='ocr_line' id='line_1_35' title="bbox 174 1721 1145 1761; baseline 0 -9"><span class='ocrx_word' id='word_1_234' title='bbox 174 1736 185 1749; x_wconf 73' lang='lat'>1·</span> <span class='ocrx_word' id='word_1_235' title='bbox 208 1747 228 1752; x_wconf 89' lang='lat'>..</span> <span class='ocrx_word' id='word_1_236' title='bbox 249 1721 448 1761; x_wconf 71' lang='lat' dir='ltr'>senonensi,</span> <span class='ocrx_word' id='word_1_237' title='bbox 462 1721 580 1753; x_wconf 77' lang='lat' dir='ltr'>Sancti</span> <span class='ocrx_word' id='word_1_238' title='bbox 591 1721 776 1754; x_wconf 71' lang='lat' dir='ltr'>Benedicti.</span> <span class='ocrx_word' id='word_1_239' title='bbox 791 1729 848 1753; x_wconf 79' lang='lat' dir='ltr'>et..</span> <span class='ocrx_word' id='word_1_240' title='bbox 868 1721 986 1753; x_wconf 66' lang='lat' dir='ltr'>Sancti</span> <span class='ocrx_word' id='word_1_241' title='bbox 999 1721 1118 1753; x_wconf 81' lang='lat' dir='ltr'>Salva·</span> <span class='ocrx_word' id='word_1_242' title='bbox 1144 1728 1145 1757; x_wconf 70' lang='grc'>1</span> 
     </span>
    </p>
   </div>
   <div class='ocr_carea' id='block_1_18' title="bbox 128 1763 1145 1820">
    <p class='ocr_par' dir='ltr' id='par_1_18' title="bbox 128 1763 1145 1820">
     <span class='ocr_line' id='line_1_36' title="bbox 128 1763 1145 1820; baseline -0.003 -11"><span class='ocrx_word' id='word_1_243' title='bbox 128 1777 221 1816; x_wconf 69' lang='lat' dir='ltr'>toris,</span> <span class='ocrx_word' id='word_1_244' title='bbox 236 1777 356 1810; x_wconf 76' lang='lat' dir='ltr'>Sancti</span> <span class='ocrx_word' id='word_1_245' title='bbox 374 1777 560 1820; x_wconf 72' lang='lat' dir='ltr'>Auqustini</span> <span class='ocrx_word' id='word_1_246' title='bbox 581 1777 739 1809; x_wconf 75' lang='lat' dir='ltr'>ordinum</span> <span class='ocrx_word' id='word_1_247' title='bbox 760 1777 1041 1809; x_wconf 75' lang='lat' dir='ltr'>monasteriorum</span> <span class='ocrx_word' id='word_1_248' title='bbox 1060 1777 1118 1808; x_wconf 76' lang='lat' dir='ltr'>ab·</span> <span class='ocrx_word' id='word_1_249' title='bbox 1143 1763 1145 1806; x_wconf 64' lang='grc'>1</span> 
     </span>
    </p>
   </div>
   <div class='ocr_carea' id='block_1_19' title="bbox 126 1833 1143 2713">
    <p class='ocr_par' dir='ltr' id='par_1_19' title="bbox 126 1833 1143 1988">
     <span class='ocr_line' id='line_1_37' title="bbox 129 1833 1143 1893; baseline 0 -29"><span class='ocrx_word' id='word_1_250' title='bbox 129 1833 271 1872; x_wconf 74' lang='lat' dir='ltr'>batibus,</span> <span class='ocrx_word' id='word_1_251' title='bbox 297 1833 457 1865; x_wconf 68' lang='lat' dir='ltr'>Tzellensis</span> <span class='ocrx_word' id='word_1_252' title='bbox 486 1833 640 1866; x_wconf 71' lang='lat' dir='ltr'>diocesis.</span> <span class='ocrx_word' id='word_1_253' title='bbox 664 1833 909 1875; x_wconf 53' lang='lat' dir='ltr'>Importabilils]</span> <span class='ocrx_word' id='word_1_254' title='bbox 936 1834 1116 1865; x_wconf 89' lang='lat' dir='ltr'>debitorum</span> <span class='ocrx_word' id='word_1_255' title='bbox 1141 1853 1143 1893; x_wconf 43' lang='lat' dir='ltr'>j</span> 
     </span>
     <span class='ocr_line' id='line_1_38' title="bbox 128 1890 1142 1932; baseline 0 -11"><span class='ocrx_word' id='word_1_256' title='bbox 128 1892 268 1928; x_wconf 75' lang='lat' dir='ltr'>sarcina,</span> <span class='ocrx_word' id='word_1_257' title='bbox 282 1890 393 1932; x_wconf 88' lang='lat' dir='ltr'>quibus</span> <span class='ocrx_word' id='word_1_258' title='bbox 403 1894 506 1922; x_wconf 86' lang='lat' dir='ltr'>mater</span> <span class='ocrx_word' id='word_1_259' title='bbox 515 1891 660 1922; x_wconf 79' lang='lat' dir='ltr'>Ecclesia</span> <span class='ocrx_word' id='word_1_260' title='bbox 674 1894 900 1932; x_wconf 77' lang='lat' dir='ltr'>pregravatur,</span> <span class='ocrx_word' id='word_1_261' title='bbox 915 1891 1114 1932; x_wconf 82' lang='lat' dir='ltr'>propensiori</span> <span class='ocrx_word' id='word_1_262' title='bbox 1141 1903 1142 1928; x_wconf 64' lang='grc'>1</span> 
     </span>
     <span class='ocr_line' id='line_1_39' title="bbox 126 1947 1115 1988; baseline -0.001 -10"><span class='ocrx_word' id='word_1_263' title='bbox 126 1957 184 1978; x_wconf 87' lang='lat' dir='ltr'>nos</span> <span class='ocrx_word' id='word_1_264' title='bbox 199 1958 278 1977; x_wconf 87' lang='lat' dir='ltr'>cura</span> <span class='ocrx_word' id='word_1_265' title='bbox 289 1947 442 1984; x_wconf 73' lang='lat' dir='ltr'>solicitat,</span> <span class='ocrx_word' id='word_1_266' title='bbox 456 1950 491 1978; x_wconf 88' lang='lat' dir='ltr'>ut</span> <span class='ocrx_word' id='word_1_267' title='bbox 504 1948 590 1978; x_wconf 85' lang='lat' dir='ltr'>inter</span> <span class='ocrx_word' id='word_1_268' title='bbox 603 1947 665 1977; x_wconf 86' lang='lat' dir='ltr'>alia</span> <span class='ocrx_word' id='word_1_269' title='bbox 686 1952 796 1978; x_wconf 83' lang='lat' dir='ltr'>nostre</span> <span class='ocrx_word' id='word_1_270' title='bbox 814 1947 981 1988; x_wconf 80' lang='lat' dir='ltr'>vigilantie</span> <span class='ocrx_word' id='word_1_271' title='bbox 996 1948 1115 1978; x_wconf 87' lang='lat' dir='ltr'>incum-</span> 
     </span>
    </p>

    <p class='ocr_par' dir='ltr' id='par_1_20' title="bbox 128 2003 1116 2045">
     <span class='ocr_line' id='line_1_40' title="bbox 128 2003 1116 2045; baseline 0 -11"><span class='ocrx_word' id='word_1_272' title='bbox 128 2003 247 2041; x_wconf 86' lang='lat' dir='ltr'>bentia,</span> <span class='ocrx_word' id='word_1_273' title='bbox 267 2003 306 2034; x_wconf 87' lang='lat' dir='ltr'>de</span> <span class='ocrx_word' id='word_1_274' title='bbox 331 2004 431 2045; x_wconf 86' lang='lat' dir='ltr'>ipsius</span> <span class='ocrx_word' id='word_1_275' title='bbox 447 2004 594 2034; x_wconf 82' lang='lat' dir='ltr'>Ecclesie</span> <span class='ocrx_word' id='word_1_276' title='bbox 616 2003 802 2045; x_wconf 75' lang='lat' dir='ltr'>specialiter</span> <span class='ocrx_word' id='word_1_277' title='bbox 831 2005 1012 2045; x_wconf 71' lang='lat' dir='ltr'>cogitemus</span> <span class='ocrx_word' id='word_1_278' title='bbox 1043 2003 1116 2034; x_wconf 87' lang='lat' dir='ltr'>sub-</span> 
     </span>
    </p>

    <p class='ocr_par' dir='ltr' id='par_1_21' title="bbox 129 2059 1142 2713">
     <span class='ocr_line' id='line_1_41' title="bbox 129 2059 1142 2101; baseline 0.001 -12"><span class='ocrx_word' id='word_1_279' title='bbox 129 2059 216 2091; x_wconf 89' lang='lat' dir='ltr'>sidiis</span> <span class='ocrx_word' id='word_1_280' title='bbox 243 2067 276 2090; x_wconf 88' lang='lat' dir='ltr'>et</span> <span class='ocrx_word' id='word_1_281' title='bbox 304 2060 434 2091; x_wconf 78' lang='lat' dir='ltr'>auxiliis</span> <span class='ocrx_word' id='word_1_282' title='bbox 463 2060 644 2101; x_wconf 69' lang='lat' dir='ltr'>oportunis,</span> <span class='ocrx_word' id='word_1_283' title='bbox 672 2060 786 2100; x_wconf 83' lang='lat' dir='ltr'>quibus</span> <span class='ocrx_word' id='word_1_284' title='bbox 813 2062 847 2091; x_wconf 89' lang='lat' dir='ltr'>et</span> <span class='ocrx_word' id='word_1_285' title='bbox 869 2060 908 2091; x_wconf 86' lang='lat' dir='ltr'>ab</span> <span class='ocrx_word' id='word_1_286' title='bbox 933 2060 1115 2101; x_wconf 90' lang='lat' dir='ltr'>hujusmodi</span> <span class='ocrx_word' id='word_1_287' title='bbox 1140 2068 1142 2079; x_wconf 71' lang='lat'>³</span> 
     </span>
     <span class='ocr_line' id='line_1_42' title="bbox 129 2115 1116 2158; baseline 0.001 -12"><span class='ocrx_word' id='word_1_288' title='bbox 129 2115 309 2147; x_wconf 88' lang='lat' dir='ltr'>debitorum</span> <span class='ocrx_word' id='word_1_289' title='bbox 330 2117 468 2147; x_wconf 83' lang='lat' dir='ltr'>relevari</span> <span class='ocrx_word' id='word_1_290' title='bbox 483 2117 586 2158; x_wconf 80' lang='lat' dir='ltr'>possit</span> <span class='ocrx_word' id='word_1_291' title='bbox 606 2116 769 2154; x_wconf 86' lang='lat' dir='ltr'>oneribus,</span> <span class='ocrx_word' id='word_1_292' title='bbox 787 2122 820 2148; x_wconf 89' lang='lat' dir='ltr'>et</span> <span class='ocrx_word' id='word_1_293' title='bbox 833 2117 918 2147; x_wconf 88' lang='lat' dir='ltr'>inter</span> <span class='ocrx_word' id='word_1_294' title='bbox 930 2117 1116 2158; x_wconf 81' lang='lat' dir='ltr'>angustian—</span> 
     </span>
     <span class='ocr_line' id='line_1_43' title="bbox 131 2172 1116 2215; baseline 0.002 -13"><span class='ocrx_word' id='word_1_295' title='bbox 131 2177 182 2202; x_wconf 87' lang='lat' dir='ltr'>tes</span> <span class='ocrx_word' id='word_1_296' title='bbox 210 2172 295 2203; x_wconf 90' lang='lat' dir='ltr'>illam</span> <span class='ocrx_word' id='word_1_297' title='bbox 335 2182 502 2204; x_wconf 83' lang='lat' dir='ltr'>usurarum</span> <span class='ocrx_word' id='word_1_298' title='bbox 531 2174 700 2214; x_wconf 76' lang='lat' dir='ltr'>angustias</span> <span class='ocrx_word' id='word_1_299' title='bbox 729 2174 905 2215; x_wconf 86' lang='lat' dir='ltr'>respirare.</span> <span class='ocrx_word' id='word_1_300' title='bbox 936 2173 1013 2205; x_wconf 89' lang='lat' dir='ltr'>Cum</span> <span class='ocrx_word' id='word_1_301' title='bbox 1038 2184 1116 2214; x_wconf 84' lang='lat' dir='ltr'>ergo</span> 
     </span>
     <span class='ocr_line' id='line_1_44' title="bbox 131 2227 1118 2270; baseline 0.003 -12"><span class='ocrx_word' id='word_1_302' title='bbox 131 2227 245 2258; x_wconf 86' lang='lat' dir='ltr'>eadem</span> <span class='ocrx_word' id='word_1_303' title='bbox 261 2229 417 2260; x_wconf 88' lang='lat' dir='ltr'>Metensis</span> <span class='ocrx_word' id='word_1_304' title='bbox 431 2230 463 2260; x_wconf 91' lang='lat' dir='ltr'>in</span> <span class='ocrx_word' id='word_1_305' title='bbox 484 2239 619 2270; x_wconf 88' lang='lat' dir='ltr'>corpore</span> <span class='ocrx_word' id='word_1_306' title='bbox 634 2230 829 2261; x_wconf 85' lang='lat' dir='ltr'>universalis</span> <span class='ocrx_word' id='word_1_307' title='bbox 851 2230 998 2261; x_wconf 83' lang='lat' dir='ltr'>Ecclesie</span> <span class='ocrx_word' id='word_1_308' title='bbox 1012 2230 1118 2261; x_wconf 81' lang='lat' dir='ltr'>nobile</span> 
     </span>
     <span class='ocr_line' id='line_1_45' title="bbox 131 2285 1118 2326; baseline 0.001 -12"><span class='ocrx_word' id='word_1_309' title='bbox 131 2294 168 2315; x_wconf 87' lang='lat' dir='ltr'>ac</span> <span class='ocrx_word' id='word_1_310' title='bbox 205 2285 410 2326; x_wconf 87' lang='lat' dir='ltr'>conspicuum</span> <span class='ocrx_word' id='word_1_311' title='bbox 442 2285 620 2316; x_wconf 84' lang='lat' dir='ltr'>membrum</span> <span class='ocrx_word' id='word_1_312' title='bbox 648 2287 781 2320; x_wconf 78' lang='lat' dir='ltr'>existat,</span> <span class='ocrx_word' id='word_1_313' title='bbox 815 2286 852 2317; x_wconf 86' lang='lat' dir='ltr'>ad</span> <span class='ocrx_word' id='word_1_314' title='bbox 885 2287 932 2317; x_wconf 76' lang='lat' dir='ltr'>sui</span> <span class='ocrx_word' id='word_1_315' title='bbox 970 2286 1118 2316; x_wconf 89' lang='lat' dir='ltr'>nimirum</span> 
     </span>
     <span class='ocr_line' id='line_1_46' title="bbox 131 2340 1118 2383; baseline 0.001 -12"><span class='ocrx_word' id='word_1_316' title='bbox 131 2340 258 2381; x_wconf 74' lang='lat' dir='ltr'>capitiS,</span> <span class='ocrx_word' id='word_1_317' title='bbox 282 2340 363 2380; x_wconf 83' lang='lat' dir='ltr'>quod</span> <span class='ocrx_word' id='word_1_318' title='bbox 395 2347 445 2372; x_wconf 89' lang='lat' dir='ltr'>est</span> <span class='ocrx_word' id='word_1_319' title='bbox 467 2344 675 2373; x_wconf 78' lang='lat' dir='ltr'>sacrosancta</span> <span class='ocrx_word' id='word_1_320' title='bbox 705 2343 850 2373; x_wconf 84' lang='lat' dir='ltr'>Romana</span> <span class='ocrx_word' id='word_1_321' title='bbox 874 2343 1036 2381; x_wconf 79' lang='lat' dir='ltr'>Ecclesia,</span> <span class='ocrx_word' id='word_1_322' title='bbox 1058 2352 1118 2383; x_wconf 91' lang='lat' dir='ltr'>que</span> 
     </span>
     <span class='ocr_line' id='line_1_47' title="bbox 131 2397 1117 2440; baseline 0.002 -13"><span class='ocrx_word' id='word_1_323' title='bbox 131 2397 217 2428; x_wconf 87' lang='lat' dir='ltr'>inter</span> <span class='ocrx_word' id='word_1_324' title='bbox 232 2407 343 2427; x_wconf 87' lang='lat' dir='ltr'>omnes</span> <span class='ocrx_word' id='word_1_325' title='bbox 359 2397 440 2428; x_wconf 88' lang='lat' dir='ltr'>alias</span> <span class='ocrx_word' id='word_1_326' title='bbox 455 2397 580 2429; x_wconf 85' lang='lat' dir='ltr'>obtinet</span> <span class='ocrx_word' id='word_1_327' title='bbox 593 2399 699 2430; x_wconf 82' lang='lat' dir='ltr'>divina</span> <span class='ocrx_word' id='word_1_328' title='bbox 716 2399 920 2430; x_wconf 80' lang='lat' dir='ltr'>institutione</span> <span class='ocrx_word' id='word_1_329' title='bbox 934 2400 1117 2440; x_wconf 85' lang='lat' dir='ltr'>primatum⁷</span> 
     </span>
     <span class='ocr_line' id='line_1_48' title="bbox 130 2453 1121 2486; baseline 0.001 -2"><span class='ocrx_word' id='word_1_330' title='bbox 130 2455 369 2485; x_wconf 87' lang='lat' dir='ltr'>incrementum</span> <span class='ocrx_word' id='word_1_331' title='bbox 390 2453 517 2484; x_wconf 83' lang='lat' dir='ltr'>accedit</span> <span class='ocrx_word' id='word_1_332' title='bbox 543 2455 568 2485; x_wconf 89' lang='lat' dir='ltr'>si</span> <span class='ocrx_word' id='word_1_333' title='bbox 591 2455 769 2486; x_wconf 80' lang='lat' dir='ltr'>membrum</span> <span class='ocrx_word' id='word_1_334' title='bbox 792 2455 875 2486; x_wconf 91' lang='lat' dir='ltr'>idem</span> <span class='ocrx_word' id='word_1_335' title='bbox 898 2460 963 2486; x_wconf 86' lang='lat' dir='ltr'>tam</span> <span class='ocrx_word' id='word_1_336' title='bbox 989 2455 1121 2486; x_wconf 90' lang='lat' dir='ltr'>honori-</span> 
     </span>
     <span class='ocr_line' id='line_1_49' title="bbox 130 2509 1119 2553; baseline 0 -12"><span class='ocrx_word' id='word_1_337' title='bbox 130 2510 224 2541; x_wconf 79' lang='lat' dir='ltr'>ficum</span> <span class='ocrx_word' id='word_1_338' title='bbox 236 2509 274 2539; x_wconf 76' lang='lat' dir='ltr'>ab</span> <span class='ocrx_word' id='word_1_339' title='bbox 288 2520 327 2541; x_wconf 87' lang='lat' dir='ltr'>ea</span> <span class='ocrx_word' id='word_1_340' title='bbox 341 2514 437 2550; x_wconf 80' lang='lat' dir='ltr'>grata</span> <span class='ocrx_word' id='word_1_341' title='bbox 452 2509 535 2541; x_wconf 88' lang='lat' dir='ltr'>dona</span> <span class='ocrx_word' id='word_1_342' title='bbox 556 2511 730 2552; x_wconf 84' lang='lat' dir='ltr'>subscipiat</span> <span class='ocrx_word' id='word_1_343' title='bbox 747 2514 780 2543; x_wconf 88' lang='lat' dir='ltr'>et</span> <span class='ocrx_word' id='word_1_344' title='bbox 799 2512 945 2543; x_wconf 69' lang='lat' dir='ltr'>efficacia</span> <span class='ocrx_word' id='word_1_345' title='bbox 962 2512 1119 2553; x_wconf 86' lang='lat' dir='ltr'>percipiat</span> 
     </span>
     <span class='ocr_line' id='line_1_50' title="bbox 131 2566 1119 2610; baseline 0.002 -13"><span class='ocrx_word' id='word_1_346' title='bbox 131 2567 331 2608; x_wconf 78' lang='lat' dir='ltr'>adjumenta.</span> <span class='ocrx_word' id='word_1_347' title='bbox 368 2566 464 2604; x_wconf 79' lang='lat' dir='ltr'>Sane,</span> <span class='ocrx_word' id='word_1_348' title='bbox 496 2566 536 2597; x_wconf 85' lang='lat' dir='ltr'>ad</span> <span class='ocrx_word' id='word_1_349' title='bbox 556 2567 754 2599; x_wconf 87' lang='lat' dir='ltr'>audientiam</span> <span class='ocrx_word' id='word_1_350' title='bbox 785 2576 929 2599; x_wconf 85' lang='lat' dir='ltr'>nostram</span> <span class='ocrx_word' id='word_1_351' title='bbox 957 2569 1119 2610; x_wconf 84' lang='lat' dir='ltr'>pervenit,</span> 
     </span>
     <span class='ocr_line' id='line_1_51' title="bbox 130 2622 1121 2666; baseline 0 -12"><span class='ocrx_word' id='word_1_352' title='bbox 130 2624 213 2664; x_wconf 86' lang='lat' dir='ltr'>qnod</span> <span class='ocrx_word' id='word_1_353' title='bbox 230 2622 371 2653; x_wconf 82' lang='lat' dir='ltr'>nonnulli</span> <span class='ocrx_word' id='word_1_354' title='bbox 385 2623 495 2653; x_wconf 88' lang='lat' dir='ltr'>clerici</span> <span class='ocrx_word' id='word_1_355' title='bbox 506 2633 544 2654; x_wconf 89' lang='lat' dir='ltr'>ac</span> <span class='ocrx_word' id='word_1_356' title='bbox 558 2634 694 2664; x_wconf 86' lang='lat' dir='ltr'>persone</span> <span class='ocrx_word' id='word_1_357' title='bbox 707 2625 884 2666; x_wconf 79' lang='lat' dir='ltr'>dignitates</span> <span class='ocrx_word' id='word_1_358' title='bbox 895 2625 914 2663; x_wconf 88' lang='lat'>¹,</span> <span class='ocrx_word' id='word_1_359' title='bbox 929 2628 1121 2666; x_wconf 76' lang='lat' dir='ltr'>personatus</span> 
     </span>
     <span class='ocr_line' id='line_1_52' title="bbox 131 2679 1121 2713; baseline 0.001 -3"><span class='ocrx_word' id='word_1_360' title='bbox 131 2683 165 2710; x_wconf 87' lang='lat' dir='ltr'>et</span> <span class='ocrx_word' id='word_1_361' title='bbox 179 2680 241 2710; x_wconf 85' lang='lat' dir='ltr'>alia</span> <span class='ocrx_word' id='word_1_362' title='bbox 264 2679 421 2710; x_wconf 84' lang='lat' dir='ltr'>beneficia</span> <span class='ocrx_word' id='word_1_363' title='bbox 442 2689 512 2709; x_wconf 76' lang='lat' dir='ltr'>cum</span> <span class='ocrx_word' id='word_1_364' title='bbox 534 2689 611 2710; x_wconf 80' lang='lat' dir='ltr'>cura</span> <span class='ocrx_word' id='word_1_365' title='bbox 633 2682 666 2711; x_wconf 74' lang='lat' dir='ltr'>et</span> <span class='ocrx_word' id='word_1_366' title='bbox 691 2681 759 2711; x_wconf 83' lang='lat' dir='ltr'>sine</span> <span class='ocrx_word' id='word_1_367' title='bbox 781 2691 857 2711; x_wconf 79' lang='lat' dir='ltr'>cura</span> <span class='ocrx_word' id='word_1_368' title='bbox 884 2682 914 2711; x_wconf 95' lang='lat' dir='ltr'>in</span> <span class='ocrx_word' id='word_1_369' title='bbox 939 2681 1121 2713; x_wconf 75' lang='lat' dir='ltr'>cathedrali</span> 
     </span>
    </p>
   </div>
   <div class='ocr_carea' id='block_1_20' title="bbox 1141 2080 1150 2754">
    <p class='ocr_par' dir='ltr' id='par_1_22' title="bbox 1141 2080 1150 2754">
     <span class='ocr_line' id='line_1_53' title="bbox 1141 2080 1150 2754; baseline 0 0"><span class='ocrx_word' id='word_1_370' title='bbox 1141 2080 1150 2754; x_wconf 95' lang='lat' dir='ltr'> </span> 
     </span>
    </p>
   </div>
   <div class='ocr_carea' id='block_1_21' title="bbox 129 2735 1123 2946">
    <p class='ocr_par' dir='ltr' id='par_1_23' title="bbox 129 2735 1123 2946">
     <span class='ocr_line' id='line_1_54' title="bbox 130 2735 1122 2769; baseline 0.001 -2"><span class='ocrx_word' id='word_1_371' title='bbox 130 2740 163 2767; x_wconf 83' lang='lat' dir='ltr'>et</span> <span class='ocrx_word' id='word_1_372' title='bbox 187 2736 258 2766; x_wconf 79' lang='lat' dir='ltr'>aliis</span> <span class='ocrx_word' id='word_1_373' title='bbox 284 2735 441 2766; x_wconf 73' lang='lat' dir='ltr'>Metensis</span> <span class='ocrx_word' id='word_1_374' title='bbox 462 2735 606 2766; x_wconf 83' lang='lat' dir='ltr'>civitatis</span> <span class='ocrx_word' id='word_1_375' title='bbox 634 2740 666 2767; x_wconf 87' lang='lat' dir='ltr'>et</span> <span class='ocrx_word' id='word_1_376' title='bbox 687 2737 828 2768; x_wconf 69' lang='lat' dir='ltr'>diocesis</span> <span class='ocrx_word' id='word_1_377' title='bbox 860 2738 1008 2769; x_wconf 73' lang='lat' dir='ltr'>ecclesiis</span> <span class='ocrx_word' id='word_1_378' title='bbox 1041 2738 1122 2768; x_wconf 80' lang='lat' dir='ltr'>obti-</span> 
     </span>
     <span class='ocr_line' id='line_1_55' title="bbox 129 2790 1122 2829; baseline 0.001 -6"><span class='ocrx_word' id='word_1_379' title='bbox 129 2795 256 2829; x_wconf 81' lang='lat' dir='ltr'>nentes,</span> <span class='ocrx_word' id='word_1_380' title='bbox 271 2791 413 2822; x_wconf 77' lang='lat' dir='ltr'>debitam</span> <span class='ocrx_word' id='word_1_381' title='bbox 429 2791 458 2821; x_wconf 94' lang='lat' dir='ltr'>in</span> <span class='ocrx_word' id='word_1_382' title='bbox 475 2790 599 2822; x_wconf 84' lang='lat' dir='ltr'>eisdem</span> <span class='ocrx_word' id='word_1_383' title='bbox 617 2792 767 2823; x_wconf 81' lang='lat' dir='ltr'>ecclesiis</span> <span class='ocrx_word' id='word_1_384' title='bbox 781 2793 994 2824; x_wconf 83' lang='lat' dir='ltr'>residentiam</span> <span class='ocrx_word' id='word_1_385' title='bbox 1014 2794 1122 2825; x_wconf 73' lang='lat' dir='ltr'>facore</span> 
     </span>
     <span class='ocr_line' id='line_1_56' title="bbox 131 2847 1123 2890; baseline 0.002 -11"><span class='ocrx_word' id='word_1_386' title='bbox 131 2848 386 2890; x_wconf 86' lang='lat' dir='ltr'>preterinittunt,</span> <span class='ocrx_word' id='word_1_387' title='bbox 409 2857 600 2888; x_wconf 83' lang='lat' dir='ltr'>quamquam</span> <span class='ocrx_word' id='word_1_388' title='bbox 618 2847 743 2879; x_wconf 85' lang='lat' dir='ltr'>illorum</span> <span class='ocrx_word' id='word_1_389' title='bbox 761 2849 1023 2890; x_wconf 81' lang='lat' dir='ltr'>percipiant-cum</span> <span class='ocrx_word' id='word_1_390' title='bbox 1040 2851 1123 2881; x_wconf 88' lang='lat' dir='ltr'>inte-</span> 
     </span>
     <span class='ocr_line' id='line_1_57' title="bbox 130 2904 1122 2946; baseline 0.001 -10"><span class='ocrx_word' id='word_1_391' title='bbox 130 2906 251 2946; x_wconf 85' lang='lat' dir='ltr'>gritate</span> <span class='ocrx_word' id='word_1_392' title='bbox 269 2906 459 2946; x_wconf 74' lang='lat' dir='ltr'>proventus,</span> <span class='ocrx_word' id='word_1_393' title='bbox 484 2910 617 2945; x_wconf 83' lang='lat' dir='ltr'>propter</span> <span class='ocrx_word' id='word_1_394' title='bbox 632 2904 714 2944; x_wconf 82' lang='lat' dir='ltr'>quod</span> <span class='ocrx_word' id='word_1_395' title='bbox 735 2905 849 2936; x_wconf 83' lang='lat' dir='ltr'>eedem</span> <span class='ocrx_word' id='word_1_396' title='bbox 873 2906 1015 2937; x_wconf 76' lang='lat' dir='ltr'>ecclesie</span> <span class='ocrx_word' id='word_1_397' title='bbox 1035 2906 1122 2937; x_wconf 88' lang='lat' dir='ltr'>debi-</span> 
     </span>
    </p>
   </div>
   <div class='ocr_carea' id='block_1_22' title="bbox 1142 2080 1151 2940">
    <p class='ocr_par' dir='ltr' id='par_1_24' title="bbox 1142 2080 1151 2940">
     <span class='ocr_line' id='line_1_58' title="bbox 1142 2080 1151 2940; baseline 0 0"><span class='ocrx_word' id='word_1_398' title='bbox 1142 2080 1151 2940; x_wconf 95' lang='lat' dir='ltr'> </span> 
     </span>
    </p>
   </div>
   <div class='ocr_carea' id='block_1_23' title="bbox 166 2987 436 3018">
    <p class='ocr_par' dir='ltr' id='par_1_25' title="bbox 166 2987 436 3018">
     <span class='ocr_line' id='line_1_59' title="bbox 166 2987 436 3018; baseline 0 -8"><span class='ocrx_word' id='word_1_399' title='bbox 166 2989 186 3010; x_wconf 82' lang='grc'>1.</span> <span class='ocrx_word' id='word_1_400' title='bbox 203 2988 248 3011; x_wconf 84' lang='lat' dir='ltr'>Ms.</span> <span class='ocrx_word' id='word_1_401' title='bbox 265 2995 269 3010; x_wconf 71' lang='grc' dir='ltr'><em>ι</em></span> <span class='ocrx_word' id='word_1_402' title='bbox 287 2987 436 3018; x_wconf 78' lang='lat' dir='ltr'>dignitatis.</span> 
     </span>
    </p>
   </div>
   <div class='ocr_carea' id='block_1_24' title="bbox 1143 1082 2161 1244">
    <p class='ocr_par' dir='ltr' id='par_1_26' title="bbox 1143 1082 2161 1244">
     <span class='ocr_line' id='line_1_60' title="bbox 1143 1082 2161 1126; baseline -0.006 -5"><span class='ocrx_word' id='word_1_403' title='bbox 1143 1082 1144 1099; x_wconf 62' lang='lat'><em>³</em></span> <span class='ocrx_word' id='word_1_404' title='bbox 1171 1100 1231 1120; x_wconf 91' lang='lat' dir='ltr'>non</span> <span class='ocrx_word' id='word_1_405' title='bbox 1259 1090 1444 1120; x_wconf 85' lang='lat' dir='ltr'>curaverint</span> <span class='ocrx_word' id='word_1_406' title='bbox 1469 1088 1627 1124; x_wconf 79' lang='lat' dir='ltr'>residere,</span> <span class='ocrx_word' id='word_1_407' title='bbox 1651 1096 1707 1117; x_wconf 71' lang='lat' dir='ltr'>vos</span> <span class='ocrx_word' id='word_1_408' title='bbox 1732 1086 1783 1116; x_wconf 78' lang='lat' dir='ltr'>vel</span> <span class='ocrx_word' id='word_1_409' title='bbox 1811 1086 1895 1116; x_wconf 89' lang='lat' dir='ltr'>alter</span> <span class='ocrx_word' id='word_1_410' title='bbox 1924 1091 2068 1116; x_wconf 79' lang='lat' dir='ltr'>vestrum</span> <span class='ocrx_word' id='word_1_411' title='bbox 2105 1096 2161 1126; x_wconf 86' lang='lat' dir='ltr'>per</span> 
     </span>
     <span class='ocr_line' id='line_1_61' title="bbox 1143 1142 2161 1187; baseline -0.006 -10"><span class='ocrx_word' id='word_1_412' title='bbox 1143 1153 1145 1163; x_wconf 66' lang='lat'><strong>¹</strong></span> <span class='ocrx_word' id='word_1_413' title='bbox 1171 1157 1227 1177; x_wconf 87' lang='lat' dir='ltr'>vos</span> <span class='ocrx_word' id='word_1_414' title='bbox 1250 1147 1299 1177; x_wconf 89' lang='lat' dir='ltr'>vel</span> <span class='ocrx_word' id='word_1_415' title='bbox 1321 1157 1378 1187; x_wconf 87' lang='lat' dir='ltr'>per</span> <span class='ocrx_word' id='word_1_416' title='bbox 1392 1146 1486 1176; x_wconf 83' lang='lat' dir='ltr'>alium</span> <span class='ocrx_word' id='word_1_417' title='bbox 1504 1155 1562 1175; x_wconf 88' lang='lat' dir='ltr'>seu</span> <span class='ocrx_word' id='word_1_418' title='bbox 1576 1143 1668 1178; x_wconf 84' lang='lat' dir='ltr'>alios,</span> <span class='ocrx_word' id='word_1_419' title='bbox 1697 1142 1801 1173; x_wconf 80' lang='lat' dir='ltr'>dictos</span> <span class='ocrx_word' id='word_1_420' title='bbox 1821 1148 1997 1183; x_wconf 78' lang='lat' dir='ltr'>proventus</span> <span class='ocrx_word' id='word_1_421' title='bbox 2026 1142 2161 1182; x_wconf 80' lang='lat' dir='ltr'>singulis</span> 
     </span>
     <span class='ocr_line' id='line_1_62' title="bbox 1144 1198 2161 1244; baseline -0.007 -10"><span class='ocrx_word' id='word_1_422' title='bbox 1144 1229 1145 1236; x_wconf 68' lang='grc'>,</span> <span class='ocrx_word' id='word_1_423' title='bbox 1172 1204 1274 1240; x_wconf 79' lang='lat' dir='ltr'>annis,</span> <span class='ocrx_word' id='word_1_424' title='bbox 1297 1203 1411 1244; x_wconf 85' lang='lat' dir='ltr'>quibus</span> <span class='ocrx_word' id='word_1_425' title='bbox 1432 1202 1509 1233; x_wconf 89' lang='lat' dir='ltr'>dicti</span> <span class='ocrx_word' id='word_1_426' title='bbox 1530 1202 1641 1232; x_wconf 82' lang='lat' dir='ltr'>clerici</span> <span class='ocrx_word' id='word_1_427' title='bbox 1663 1205 1694 1231; x_wconf 86' lang='lat' dir='ltr'>et</span> <span class='ocrx_word' id='word_1_428' title='bbox 1712 1210 1848 1241; x_wconf 87' lang='lat' dir='ltr'>persone</span> <span class='ocrx_word' id='word_1_429' title='bbox 1878 1198 2060 1240; x_wconf 85' lang='lat' dir='ltr'>hujusmodi</span> <span class='ocrx_word' id='word_1_430' title='bbox 2079 1199 2161 1228; x_wconf 86' lang='lat' dir='ltr'>resi-</span> 
     </span>
    </p>
   </div>
   <div class='ocr_carea' id='block_1_25' title="bbox 1171 1254 2161 1414">
    <p class='ocr_par' dir='ltr' id='par_1_27' title="bbox 1171 1254 2161 1414">
     <span class='ocr_line' id='line_1_63' title="bbox 1171 1254 2161 1300; baseline -0.007 -9"><span class='ocrx_word' id='word_1_431' title='bbox 1171 1261 1314 1291; x_wconf 82' lang='lat' dir='ltr'>dentiam</span> <span class='ocrx_word' id='word_1_432' title='bbox 1341 1261 1372 1290; x_wconf 93' lang='lat' dir='ltr'>in</span> <span class='ocrx_word' id='word_1_433' title='bbox 1404 1260 1481 1300; x_wconf 62' lang='lat' dir='ltr'>ipsis</span> <span class='ocrx_word' id='word_1_434' title='bbox 1520 1258 1670 1289; x_wconf 80' lang='lat' dir='ltr'>ecelesiis</span> <span class='ocrx_word' id='word_1_435' title='bbox 1698 1267 1758 1287; x_wconf 91' lang='lat' dir='ltr'>non</span> <span class='ocrx_word' id='word_1_436' title='bbox 1798 1257 1948 1288; x_wconf 83' lang='lat' dir='ltr'>fecerint.</span> <span class='ocrx_word' id='word_1_437' title='bbox 1989 1265 2088 1294; x_wconf 81' lang='lat' dir='ltr'>usque</span> <span class='ocrx_word' id='word_1_438' title='bbox 2122 1254 2161 1284; x_wconf 80' lang='lat' dir='ltr'>ad</span> 
     </span>
     <span class='ocr_line' id='line_1_64' title="bbox 1171 1313 2160 1356; baseline -0.008 -8"><span class='ocrx_word' id='word_1_439' title='bbox 1171 1317 1345 1348; x_wconf 88' lang='lat' dir='ltr'>triennium</span> <span class='ocrx_word' id='word_1_440' title='bbox 1363 1316 1568 1356; x_wconf 64' lang='lat' dir='ltr'>colligentes,</span> <span class='ocrx_word' id='word_1_441' title='bbox 1592 1314 1664 1344; x_wconf 84' lang='lat' dir='ltr'>illos</span> <span class='ocrx_word' id='word_1_442' title='bbox 1685 1314 1769 1344; x_wconf 87' lang='lat' dir='ltr'>sicut</span> <span class='ocrx_word' id='word_1_443' title='bbox 1791 1313 1930 1343; x_wconf 80' lang='lat' dir='ltr'>divinam</span> <span class='ocrx_word' id='word_1_444' title='bbox 1958 1318 1990 1342; x_wconf 86' lang='lat' dir='ltr'>et</span> <span class='ocrx_word' id='word_1_445' title='bbox 2016 1314 2160 1341; x_wconf 80' lang='lat' dir='ltr'>nostram</span> 
     </span>
     <span class='ocr_line' id='line_1_65' title="bbox 1175 1367 2161 1414; baseline -0.008 -10"><span class='ocrx_word' id='word_1_446' title='bbox 1175 1383 1210 1404; x_wconf 81' lang='lat' dir='ltr'>ac</span> <span class='ocrx_word' id='word_1_447' title='bbox 1225 1373 1410 1414; x_wconf 77' lang='lat' dir='ltr'>Apostolice</span> <span class='ocrx_word' id='word_1_448' title='bbox 1432 1372 1523 1403; x_wconf 79' lang='lat' dir='ltr'>Sedis</span> <span class='ocrx_word' id='word_1_449' title='bbox 1535 1380 1644 1401; x_wconf 83' lang='lat' dir='ltr'>caram</span> <span class='ocrx_word' id='word_1_450' title='bbox 1659 1370 1784 1400; x_wconf 81' lang='lat' dir='ltr'>habetis</span> <span class='ocrx_word' id='word_1_451' title='bbox 1807 1367 2117 1409; x_wconf 61' lang='lat' dir='ltr'>gratiani,t(›talite1*</span> <span class='ocrx_word' id='word_1_452' title='bbox 2129 1368 2161 1397; x_wconf 86' lang='lat' dir='ltr'>et</span> 
     </span>
    </p>
   </div>
   <div class='ocr_carea' id='block_1_26' title="bbox 1147 1424 2162 1470">
    <p class='ocr_par' dir='ltr' id='par_1_28' title="bbox 1147 1424 2162 1470">
     <span class='ocr_line' id='line_1_66' title="bbox 1147 1424 2162 1470; baseline -0.008 -10"><span class='ocrx_word' id='word_1_453' title='bbox 1147 1430 1148 1433; x_wconf 72' lang='grc'>’</span> <span class='ocrx_word' id='word_1_454' title='bbox 1173 1429 1315 1460; x_wconf 87' lang='lat' dir='ltr'>fideliter</span> <span class='ocrx_word' id='word_1_455' title='bbox 1337 1439 1393 1470; x_wconf 89' lang='lat' dir='ltr'>per</span> <span class='ocrx_word' id='word_1_456' title='bbox 1412 1439 1524 1459; x_wconf 75' lang='lat' dir='ltr'>manus</span> <span class='ocrx_word' id='word_1_457' title='bbox 1547 1430 1673 1458; x_wconf 82' lang='lat' dir='ltr'>vestras</span> <span class='ocrx_word' id='word_1_458' title='bbox 1695 1426 1896 1457; x_wconf 78' lang='lat' dir='ltr'>convertatis</span> <span class='ocrx_word' id='word_1_459' title='bbox 1917 1425 1947 1455; x_wconf 89' lang='lat' dir='ltr'>in</span> <span class='ocrx_word' id='word_1_460' title='bbox 1969 1424 2162 1454; x_wconf 86' lang='lat' dir='ltr'>solutionem</span> 
     </span>
    </p>
   </div>
   <div class='ocr_carea' id='block_1_27' title="bbox 1174 1479 2165 1582">
    <p class='ocr_par' dir='ltr' id='par_1_29' title="bbox 1174 1479 2165 1582">
     <span class='ocr_line' id='line_1_67' title="bbox 1174 1479 2165 1526; baseline -0.007 -10"><span class='ocrx_word' id='word_1_461' title='bbox 1174 1485 1356 1526; x_wconf 84' lang='lat' dir='ltr'>hujusmodi</span> <span class='ocrx_word' id='word_1_462' title='bbox 1377 1484 1569 1519; x_wconf 83' lang='lat' dir='ltr'>debitorum,</span> <span class='ocrx_word' id='word_1_463' title='bbox 1593 1483 1752 1514; x_wconf 83' lang='lat' dir='ltr'>attentius</span> <span class='ocrx_word' id='word_1_464' title='bbox 1774 1481 1945 1523; x_wconf 72' lang='lat' dir='ltr'>provisuri,</span> <span class='ocrx_word' id='word_1_465' title='bbox 1969 1491 2007 1511; x_wconf 88' lang='lat' dir='ltr'>ne</span> <span class='ocrx_word' id='word_1_466' title='bbox 2028 1481 2114 1520; x_wconf 87' lang='lat' dir='ltr'>ipsos</span> <span class='ocrx_word' id='word_1_467' title='bbox 2134 1479 2165 1509; x_wconf 90' lang='grc'>111</span> 
     </span>
     <span class='ocr_line' id='line_1_68' title="bbox 1174 1536 2164 1582; baseline -0.008 -9"><span class='ocrx_word' id='word_1_468' title='bbox 1174 1542 1238 1573; x_wconf 82' lang='lat' dir='ltr'>alia</span> <span class='ocrx_word' id='word_1_469' title='bbox 1265 1542 1397 1582; x_wconf 84' lang='lat' dir='ltr'>negotia</span> <span class='ocrx_word' id='word_1_470' title='bbox 1427 1542 1526 1582; x_wconf 81' lang='lat' dir='ltr'>ipsius</span> <span class='ocrx_word' id='word_1_471' title='bbox 1565 1540 1704 1581; x_wconf 84' lang='lat' dir='ltr'>episcopi</span> <span class='ocrx_word' id='word_1_472' title='bbox 1735 1539 1785 1569; x_wconf 81' lang='lat' dir='ltr'>vel</span> <span class='ocrx_word' id='word_1_473' title='bbox 1824 1538 1967 1568; x_wconf 84' lang='lat' dir='ltr'>ecclesie</span> <span class='ocrx_word' id='word_1_474' title='bbox 2006 1536 2164 1567; x_wconf 78' lang='lat' dir='ltr'>Metensis</span> 
     </span>
    </p>
   </div>
   <div class='ocr_carea' id='block_1_28' title="bbox 1144 1592 2165 1749">
    <p class='ocr_par' dir='ltr' id='par_1_30' title="bbox 1144 1592 2165 1749">
     <span class='ocr_line' id='line_1_69' title="bbox 1147 1592 2165 1639; baseline -0.008 -9"><span class='ocrx_word' id='word_1_475' title='bbox 1147 1622 1148 1635; x_wconf 46' lang='lat'>2</span> <span class='ocrx_word' id='word_1_476' title='bbox 1174 1601 1466 1639; x_wconf 82' lang='lat' dir='ltr'>quantumcumque</span> <span class='ocrx_word' id='word_1_477' title='bbox 1484 1597 1633 1638; x_wconf 80' lang='lat' dir='ltr'>urgentia</span> <span class='ocrx_word' id='word_1_478' title='bbox 1648 1599 1841 1626; x_wconf 81' lang='lat' dir='ltr'>convertere</span> <span class='ocrx_word' id='word_1_479' title='bbox 1861 1593 2066 1636; x_wconf 84' lang='lat' dir='ltr'>presumatis.</span> <span class='ocrx_word' id='word_1_480' title='bbox 2081 1592 2165 1623; x_wconf 85' lang='lat' dir='ltr'>Tali-</span> 
     </span>
     <span class='ocr_line' id='line_1_70' title="bbox 1145 1649 2164 1692; baseline -0.008 -6"><span class='ocrx_word' id='word_1_481' title='bbox 1145 1657 1147 1692; x_wconf 73' lang='grc' dir='ltr'>ξ</span> <span class='ocrx_word' id='word_1_482' title='bbox 1173 1658 1224 1686; x_wconf 90' lang='lat' dir='ltr'>ter</span> <span class='ocrx_word' id='word_1_483' title='bbox 1240 1658 1348 1686; x_wconf 86' lang='lat' dir='ltr'>autem</span> <span class='ocrx_word' id='word_1_484' title='bbox 1364 1654 1549 1685; x_wconf 82' lang='lat' dir='ltr'>mandatum</span> <span class='ocrx_word' id='word_1_485' title='bbox 1569 1656 1712 1683; x_wconf 77' lang='lat' dir='ltr'>nostrum</span> <span class='ocrx_word' id='word_1_486' title='bbox 1731 1652 1760 1682; x_wconf 91' lang='lat' dir='ltr'>in</span> <span class='ocrx_word' id='word_1_487' title='bbox 1788 1652 1845 1681; x_wconf 86' lang='lat' dir='ltr'>hac</span> <span class='ocrx_word' id='word_1_488' title='bbox 1875 1652 1967 1692; x_wconf 86' lang='lat' dir='ltr'>parte</span> <span class='ocrx_word' id='word_1_489' title='bbox 1990 1649 2164 1690; x_wconf 83' lang='lat' dir='ltr'>adimplere</span> 
     </span>
     <span class='ocr_line' id='line_1_71' title="bbox 1144 1702 2161 1749; baseline -0.008 -6"><span class='ocrx_word' id='word_1_490' title='bbox 1144 1702 1146 1725; x_wconf 70' lang='lat'>1</span> <span class='ocrx_word' id='word_1_491' title='bbox 1171 1712 1304 1749; x_wconf 69' lang='lat' dir='ltr'>curetis,</span> <span class='ocrx_word' id='word_1_492' title='bbox 1329 1714 1361 1742; x_wconf 91' lang='lat' dir='ltr'>ut</span> <span class='ocrx_word' id='word_1_493' title='bbox 1374 1710 1532 1741; x_wconf 83' lang='lat' dir='ltr'>crescatis</span> <span class='ocrx_word' id='word_1_494' title='bbox 1549 1708 1668 1740; x_wconf 75' lang='lat' dir='ltr'>exinde</span> <span class='ocrx_word' id='word_1_495' title='bbox 1681 1708 1806 1739; x_wconf 84' lang='lat' dir='ltr'>meritis</span> <span class='ocrx_word' id='word_1_496' title='bbox 1819 1706 1901 1748; x_wconf 89' lang='lat' dir='ltr'>apud</span> <span class='ocrx_word' id='word_1_497' title='bbox 1918 1707 2028 1744; x_wconf 85' lang='lat' dir='ltr'>Deum,</span> <span class='ocrx_word' id='word_1_498' title='bbox 2043 1707 2075 1736; x_wconf 87' lang='lat' dir='ltr'>et</span> <span class='ocrx_word' id='word_1_499' title='bbox 2089 1715 2161 1740; x_wconf 71' lang='lat' dir='ltr'>nos,</span> 
     </span>
    </p>
   </div>
   <div class='ocr_carea' id='block_1_29' title="bbox 1167 1761 2183 2034">
    <p class='ocr_par' dir='ltr' id='par_1_31' title="bbox 1167 1761 2183 2034">
     <span class='ocr_line' id='line_1_72' title="bbox 1170 1761 2157 1809; baseline -0.008 -10"><span class='ocrx_word' id='word_1_500' title='bbox 1170 1768 1223 1808; x_wconf 84' lang='lat' dir='ltr'>qui</span> <span class='ocrx_word' id='word_1_501' title='bbox 1241 1768 1335 1809; x_wconf 89' lang='lat' dir='ltr'>plene</span> <span class='ocrx_word' id='word_1_502' title='bbox 1356 1767 1395 1798; x_wconf 89' lang='lat' dir='ltr'>de</span> <span class='ocrx_word' id='word_1_503' title='bbox 1417 1766 1575 1797; x_wconf 84' lang='lat' dir='ltr'>fidelitate</span> <span class='ocrx_word' id='word_1_504' title='bbox 1595 1776 1631 1796; x_wconf 77' lang='lat' dir='ltr'>ac</span> <span class='ocrx_word' id='word_1_505' title='bbox 1657 1765 1797 1805; x_wconf 83' lang='lat' dir='ltr'>puritate</span> <span class='ocrx_word' id='word_1_506' title='bbox 1822 1768 1931 1793; x_wconf 79' lang='lat' dir='ltr'>vestra</span> <span class='ocrx_word' id='word_1_507' title='bbox 1958 1761 2157 1794; x_wconf 79' lang='lat' dir='ltr'>confidimus,</span> 
     </span>
     <span class='ocr_line' id='line_1_73' title="bbox 1169 1818 2161 1865; baseline -0.008 -10"><span class='ocrx_word' id='word_1_508' title='bbox 1169 1824 1369 1865; x_wconf 82' lang='lat' dir='ltr'>diligentiam</span> <span class='ocrx_word' id='word_1_509' title='bbox 1391 1825 1536 1854; x_wconf 74' lang='lat' dir='ltr'>vestram</span> <span class='ocrx_word' id='word_1_510' title='bbox 1556 1822 1664 1863; x_wconf 85' lang='lat' dir='ltr'>dignis</span> <span class='ocrx_word' id='word_1_511' title='bbox 1697 1822 1728 1851; x_wconf 92' lang='lat' dir='ltr'>in</span> <span class='ocrx_word' id='word_1_512' title='bbox 1752 1820 1882 1851; x_wconf 90' lang='lat' dir='ltr'>Domino</span> <span class='ocrx_word' id='word_1_513' title='bbox 1900 1818 2047 1849; x_wconf 77' lang='lat' dir='ltr'>laudibus</span> <span class='ocrx_word' id='word_1_514' title='bbox 2073 1827 2161 1848; x_wconf 80' lang='lat' dir='ltr'>com-</span> 
     </span>
     <span class='ocr_line' id='line_1_74' title="bbox 1168 1874 2167 1921; baseline -0.008 -10"><span class='ocrx_word' id='word_1_515' title='bbox 1168 1881 1320 1912; x_wconf 88' lang='lat' dir='ltr'>mendare</span> <span class='ocrx_word' id='word_1_516' title='bbox 1342 1880 1512 1921; x_wconf 69' lang='lat' dir='ltr'>possimus.</span> <span class='ocrx_word' id='word_1_517' title='bbox 1531 1877 1797 1911; x_wconf 81' lang='lat' dir='ltr'>Contradictores</span> <span class='ocrx_word' id='word_1_518' title='bbox 1821 1886 1911 1913; x_wconf 76' lang='lat' dir='ltr'>vero,</span> <span class='ocrx_word' id='word_1_519' title='bbox 1934 1876 1960 1905; x_wconf 92' lang='lat' dir='ltr'>si</span> <span class='ocrx_word' id='word_1_520' title='bbox 1971 1875 2030 1915; x_wconf 84' lang='lat' dir='ltr'>-qui</span> <span class='ocrx_word' id='word_1_521' title='bbox 2044 1874 2167 1909; x_wconf 52' lang='lat' dir='ltr'>fuerint</span> 
     </span>
     <span class='ocr_line' id='line_1_75' title="bbox 1168 1930 2183 1976; baseline -0.007 -9"><span class='ocrx_word' id='word_1_522' title='bbox 1168 1938 1220 1969; x_wconf 87' lang='lat' dir='ltr'>vel</span> <span class='ocrx_word' id='word_1_523' title='bbox 1239 1937 1393 1973; x_wconf 79' lang='lat' dir='ltr'>rebelles,</span> <span class='ocrx_word' id='word_1_524' title='bbox 1418 1937 1591 1967; x_wconf 83' lang='lat' dir='ltr'>monitione</span> <span class='ocrx_word' id='word_1_525' title='bbox 1604 1935 1775 1976; x_wconf 85' lang='lat' dir='ltr'>premissa,</span> <span class='ocrx_word' id='word_1_526' title='bbox 1792 1941 2032 1974; x_wconf 85' lang='lat' dir='ltr'>percensuram</span> <span class='ocrx_word' id='word_1_527' title='bbox 2052 1930 2160 1961; x_wconf 85' lang='lat' dir='ltr'>eccle-</span> <span class='ocrx_word' id='word_1_528' title='bbox 2180 1958 2183 1960; x_wconf 92' lang='lat'>.</span> 
     </span>
     <span class='ocr_line' id='line_1_76' title="bbox 1167 1987 2159 2034; baseline -0.009 -9"><span class='ocrx_word' id='word_1_529' title='bbox 1167 1995 1344 2032; x_wconf 75' lang='lat' dir='ltr'>siasticain,</span> <span class='ocrx_word' id='word_1_530' title='bbox 1377 1992 1592 2034; x_wconf 72' lang='lat' dir='ltr'>appellatione</span> <span class='ocrx_word' id='word_1_531' title='bbox 1635 1990 1827 2032; x_wconf 82' lang='lat' dir='ltr'>postposita,</span> <span class='ocrx_word' id='word_1_532' title='bbox 1851 1987 2077 2029; x_wconf 81' lang='lat' dir='ltr'>compescatis,</span> <span class='ocrx_word' id='word_1_533' title='bbox 2099 1997 2159 2017; x_wconf 92' lang='lat' dir='ltr'>non</span> 
     </span>
    </p>
   </div>
   <div class='ocr_carea' id='block_1_30' title="bbox 1140 2044 2159 2090">
    <p class='ocr_par' dir='ltr' id='par_1_32' title="bbox 1140 2044 2159 2090">
     <span class='ocr_line' id='line_1_77' title="bbox 1140 2044 2159 2090; baseline -0.009 -8"><span class='ocrx_word' id='word_1_534' title='bbox 1140 2044 1142 2063; x_wconf 58' lang='lat'>³</span> <span class='ocrx_word' id='word_1_535' title='bbox 1167 2051 1317 2082; x_wconf 77' lang='lat' dir='ltr'>obstante</span> <span class='ocrx_word' id='word_1_536' title='bbox 1331 2050 1437 2090; x_wconf 86' lang='lat' dir='ltr'>aliqua</span> <span class='ocrx_word' id='word_1_537' title='bbox 1454 2048 1545 2080; x_wconf 75' lang='lat' dir='ltr'>Sedis</span> <span class='ocrx_word' id='word_1_538' title='bbox 1559 2047 1749 2088; x_wconf 76' lang='lat' dir='ltr'>Apostolice</span> <span class='ocrx_word' id='word_1_539' title='bbox 1764 2045 1978 2087; x_wconf 82' lang='lat' dir='ltr'>indulgentia,</span> <span class='ocrx_word' id='word_1_540' title='bbox 1996 2054 2053 2085; x_wconf 91' lang='lat' dir='ltr'>per</span> <span class='ocrx_word' id='word_1_541' title='bbox 2066 2053 2159 2083; x_wconf 84' lang='lat' dir='ltr'>quam</span> 
     </span>
    </p>
   </div>
   <div class='ocr_carea' id='block_1_31' title="bbox 1168 2099 2163 2485">
    <p class='ocr_par' dir='ltr' id='par_1_33' title="bbox 1168 2099 2163 2485">
     <span class='ocr_line' id='line_1_78' title="bbox 1168 2099 2158 2146; baseline -0.009 -8"><span class='ocrx_word' id='word_1_542' title='bbox 1168 2106 1306 2138; x_wconf 87' lang='lat' dir='ltr'>effectus</span> <span class='ocrx_word' id='word_1_543' title='bbox 1325 2106 1523 2146; x_wconf 86' lang='lat' dir='ltr'>presentium</span> <span class='ocrx_word' id='word_1_544' title='bbox 1542 2103 1689 2145; x_wconf 85' lang='lat' dir='ltr'>impediri</span> <span class='ocrx_word' id='word_1_545' title='bbox 1710 2103 1819 2133; x_wconf 80' lang='lat' dir='ltr'>valeat</span> <span class='ocrx_word' id='word_1_546' title='bbox 1840 2101 1891 2132; x_wconf 87' lang='lat' dir='ltr'>vel</span> <span class='ocrx_word' id='word_1_547' title='bbox 1907 2099 2046 2137; x_wconf 80' lang='lat' dir='ltr'>differri,</span> <span class='ocrx_word' id='word_1_548' title='bbox 2070 2102 2102 2130; x_wconf 90' lang='lat' dir='ltr'>et</span> <span class='ocrx_word' id='word_1_549' title='bbox 2119 2099 2158 2129; x_wconf 83' lang='lat' dir='ltr'>de</span> 
     </span>
     <span class='ocr_line' id='line_1_79' title="bbox 1169 2156 2159 2205; baseline -0.009 -11"><span class='ocrx_word' id='word_1_550' title='bbox 1169 2174 1229 2205; x_wconf 84' lang='lat' dir='ltr'>qua</span> <span class='ocrx_word' id='word_1_551' title='bbox 1249 2162 1423 2204; x_wconf 87' lang='lat' dir='ltr'>specialem</span> <span class='ocrx_word' id='word_1_552' title='bbox 1451 2164 1601 2202; x_wconf 83' lang='lat' dir='ltr'>oporteat</span> <span class='ocrx_word' id='word_1_553' title='bbox 1633 2161 1664 2190; x_wconf 91' lang='lat' dir='ltr'>in</span> <span class='ocrx_word' id='word_1_554' title='bbox 1690 2158 1896 2200; x_wconf 85' lang='lat' dir='ltr'>presentibus</span> <span class='ocrx_word' id='word_1_555' title='bbox 1927 2157 1995 2188; x_wconf 89' lang='lat' dir='ltr'>fieri</span> <span class='ocrx_word' id='word_1_556' title='bbox 2022 2156 2159 2186; x_wconf 88' lang='lat' dir='ltr'>mentio—</span> 
     </span>
     <span class='ocr_line' id='line_1_80' title="bbox 1171 2213 2158 2258; baseline -0.009 -7"><span class='ocrx_word' id='word_1_557' title='bbox 1171 2230 1255 2251; x_wconf 86' lang='lat' dir='ltr'>nem.</span> <span class='ocrx_word' id='word_1_558' title='bbox 1278 2220 1368 2250; x_wconf 83' lang='lat' dir='ltr'>Scire</span> <span class='ocrx_word' id='word_1_559' title='bbox 1389 2228 1525 2258; x_wconf 80' lang='lat' dir='ltr'>namque</span> <span class='ocrx_word' id='word_1_560' title='bbox 1548 2227 1604 2248; x_wconf 83' lang='lat' dir='ltr'>vos</span> <span class='ocrx_word' id='word_1_561' title='bbox 1626 2217 1784 2255; x_wconf 76' lang='lat' dir='ltr'>volumus,</span> <span class='ocrx_word' id='word_1_562' title='bbox 1803 2214 1885 2255; x_wconf 84' lang='lat' dir='ltr'>quod</span> <span class='ocrx_word' id='word_1_563' title='bbox 1898 2215 1924 2245; x_wconf 89' lang='lat' dir='ltr'>si</span> <span class='ocrx_word' id='word_1_564' title='bbox 1937 2213 2158 2255; x_wconf 75' lang='lat' dir='ltr'>negligentes,</span> 
     </span>
     <span class='ocr_line' id='line_1_81' title="bbox 1171 2268 2159 2317; baseline -0.009 -10"><span class='ocrx_word' id='word_1_565' title='bbox 1171 2275 1253 2317; x_wconf 82' lang='lat' dir='ltr'>quod</span> <span class='ocrx_word' id='word_1_566' title='bbox 1270 2275 1366 2308; x_wconf 82' lang='lat' dir='ltr'>absit,</span> <span class='ocrx_word' id='word_1_567' title='bbox 1381 2274 1520 2311; x_wconf 81' lang='lat' dir='ltr'>fueritis,</span> <span class='ocrx_word' id='word_1_568' title='bbox 1540 2274 1569 2304; x_wconf 90' lang='lat' dir='ltr'>in</span> <span class='ocrx_word' id='word_1_569' title='bbox 1586 2271 1806 2303; x_wconf 84' lang='lat' dir='ltr'>convertendo</span> <span class='ocrx_word' id='word_1_570' title='bbox 1821 2270 1959 2301; x_wconf 83' lang='lat' dir='ltr'>fideliter</span> <span class='ocrx_word' id='word_1_571' title='bbox 1976 2268 2159 2310; x_wconf 85' lang='lat' dir='ltr'>hujusmodi</span> 
     </span>
     <span class='ocr_line' id='line_1_82' title="bbox 1172 2325 2163 2374; baseline -0.008 -11"><span class='ocrx_word' id='word_1_572' title='bbox 1172 2334 1348 2374; x_wconf 79' lang='lat' dir='ltr'>proventus</span> <span class='ocrx_word' id='word_1_573' title='bbox 1364 2332 1395 2361; x_wconf 91' lang='lat' dir='ltr'>in</span> <span class='ocrx_word' id='word_1_574' title='bbox 1417 2331 1610 2362; x_wconf 86' lang='lat' dir='ltr'>solutionem</span> <span class='ocrx_word' id='word_1_575' title='bbox 1626 2328 1807 2359; x_wconf 86' lang='lat' dir='ltr'>debitorum</span> <span class='ocrx_word' id='word_1_576' title='bbox 1836 2328 1989 2368; x_wconf 87' lang='lat' dir='ltr'>ipsorum,</span> <span class='ocrx_word' id='word_1_577' title='bbox 2012 2325 2163 2366; x_wconf 84' lang='lat' dir='ltr'>indigna-</span> 
     </span>
     <span class='ocr_line' id='line_1_83' title="bbox 1172 2382 2161 2428; baseline -0.009 -8"><span class='ocrx_word' id='word_1_578' title='bbox 1172 2390 1292 2420; x_wconf 85' lang='lat' dir='ltr'>tionem</span> <span class='ocrx_word' id='word_1_579' title='bbox 1308 2390 1451 2419; x_wconf 85' lang='lat' dir='ltr'>nostram</span> <span class='ocrx_word' id='word_1_580' title='bbox 1471 2386 1581 2428; x_wconf 86' lang='lat' dir='ltr'>procul</span> <span class='ocrx_word' id='word_1_581' title='bbox 1598 2385 1692 2417; x_wconf 84' lang='lat' dir='ltr'>dubio</span> <span class='ocrx_word' id='word_1_582' title='bbox 1710 2384 1894 2416; x_wconf 81' lang='lat' dir='ltr'>incurretis.</span> <span class='ocrx_word' id='word_1_583' title='bbox 1914 2383 2030 2413; x_wconf 86' lang='lat' dir='ltr'>Datum</span> <span class='ocrx_word' id='word_1_584' title='bbox 2052 2382 2161 2412; x_wconf 85' lang='lat' dir='ltr'>Viter-</span> 
     </span>
     <span class='ocr_line' id='line_1_84' title="bbox 1174 2442 1780 2485; baseline -0.005 -11"><span class='ocrx_word' id='word_1_585' title='bbox 1174 2445 1226 2482; x_wconf 78' lang='lat' dir='ltr'>bii,</span> <span class='ocrx_word' id='word_1_586' title='bbox 1250 2445 1293 2475; x_wconf 90' lang='grc' dir='ltr'>ΙΙΙ</span> <span class='ocrx_word' id='word_1_587' title='bbox 1310 2454 1411 2475; x_wconf 87' lang='lat' dir='ltr'>nonas</span> <span class='ocrx_word' id='word_1_588' title='bbox 1427 2443 1510 2485; x_wconf 73' lang='lat' dir='ltr'>julii,</span> <span class='ocrx_word' id='word_1_589' title='bbox 1530 2453 1614 2473; x_wconf 74' lang='lat' dir='ltr'>anno</span> <span class='ocrx_word' id='word_1_590' title='bbox 1637 2442 1743 2473; x_wconf 81' lang='lat' dir='ltr'>tertio.</span> <span class='ocrx_word' id='word_1_591' title='bbox 1768 2456 1780 2467; x_wconf 70' lang='grc' dir='ltr'>-ι</span> 
     </span>
    </p>
   </div>
   <div class='ocr_carea' id='block_1_32' title="bbox 1246 2576 2092 2611">
    <p class='ocr_par' dir='ltr' id='par_1_34' title="bbox 1246 2576 2092 2611">
     <span class='ocr_line' id='line_1_85' title="bbox 1246 2576 2092 2611; baseline -0.012 -1"><span class='ocrx_word' id='word_1_592' title='bbox 1246 2582 1346 2610; x_wconf 76' lang='grc'>2029</span> <span class='ocrx_word' id='word_1_593' title='bbox 1747 2577 1870 2611; x_wconf 67' lang='lat' dir='ltr'>Anagni,</span> <span class='ocrx_word' id='word_1_594' title='bbox 1889 2578 1915 2602; x_wconf 78' lang='lat'>31</span> <span class='ocrx_word' id='word_1_595' title='bbox 1936 2576 2092 2602; x_wconf 66' lang='lat' dir='ltr'>aontiasf».</span> 
     </span>
    </p>
   </div>
   <div class='ocr_carea' id='block_1_33' title="bbox 1175 2665 2166 2798">
    <p class='ocr_par' dir='ltr' id='par_1_35' title="bbox 1175 2665 2166 2798">
     <span class='ocr_line' id='line_1_86' title="bbox 1210 2665 2165 2706; baseline -0.009 -7"><span class='ocrx_word' id='word_1_596' title='bbox 1210 2672 1350 2698; x_wconf 88' lang='lat' dir='ltr'>Omnibus</span> <span class='ocrx_word' id='word_1_597' title='bbox 1382 2674 1552 2706; x_wconf 79' lang='lat' dir='ltr'>praesentes</span> <span class='ocrx_word' id='word_1_598' title='bbox 1581 2670 1693 2696; x_wconf 78' lang='lat' dir='ltr'>litteras</span> <span class='ocrx_word' id='word_1_599' title='bbox 1713 2667 1890 2702; x_wconf 82' lang='lat' dir='ltr'>inspecturis</span> <span class='ocrx_word' id='word_1_600' title='bbox 1914 2669 2019 2692; x_wconf 84' lang='lat' dir='ltr'>notum</span> <span class='ocrx_word' id='word_1_601' title='bbox 2042 2665 2110 2691; x_wconf 80' lang='lat' dir='ltr'>facit</span> <span class='ocrx_word' id='word_1_602' title='bbox 2136 2672 2165 2691; x_wconf 74' lang='lat' dir='ltr'>se</span> 
     </span>
     <span class='ocr_line' id='line_1_87' title="bbox 1176 2713 2166 2754; baseline -0.01 -7"><span class='ocrx_word' id='word_1_603' title='bbox 1176 2720 1306 2754; x_wconf 80' lang='lat' dir='ltr'>Philippo</span> <span class='ocrx_word' id='word_1_604' title='bbox 1316 2720 1350 2746; x_wconf 87' lang='lat' dir='ltr'>de</span> <span class='ocrx_word' id='word_1_605' title='bbox 1361 2719 1563 2745; x_wconf 74' lang='lat' dir='ltr'>SanctaCruce</span> <span class='ocrx_word' id='word_1_606' title='bbox 1577 2716 1720 2744; x_wconf 85' lang='lat' dir='ltr'>nonnulla</span> <span class='ocrx_word' id='word_1_607' title='bbox 1732 2716 1807 2741; x_wconf 80' lang='lat' dir='ltr'>bona</span> <span class='ocrx_word' id='word_1_608' title='bbox 1822 2714 2013 2740; x_wconf 81' lang='lat' dir='ltr'>concessisse.</span> <span class='ocrx_word' id='word_1_609' title='bbox 2027 2713 2104 2739; x_wconf 68' lang='lat' dir='ltr'>(um.</span> <span class='ocrx_word' id='word_1_610' title='bbox 2122 2714 2166 2743; x_wconf 78' lang='lat'>25,</span> 
     </span>
     <span class='ocr_line' id='line_1_88' title="bbox 1175 2764 1909 2798; baseline -0.011 -4"><span class='ocrx_word' id='word_1_611' title='bbox 1175 2777 1199 2795; x_wconf 87' lang='lat' dir='ltr'>a.</span> <span class='ocrx_word' id='word_1_612' title='bbox 1217 2768 1262 2793; x_wconf 84' lang='grc'><strong>111.</strong></span> <span class='ocrx_word' id='word_1_613' title='bbox 1279 2776 1303 2793; x_wconf 84' lang='lat' dir='ltr'>c.</span> <span class='ocrx_word' id='word_1_614' title='bbox 1316 2768 1377 2798; x_wconf 71' lang='lat'>410,</span> <span class='ocrx_word' id='word_1_615' title='bbox 1395 2767 1413 2792; x_wconf 85' lang='lat' dir='ltr'>f.</span> <span class='ocrx_word' id='word_1_616' title='bbox 1431 2768 1476 2797; x_wconf 61' lang='grc' dir='ltr'>Μ’,</span> <span class='ocrx_word' id='word_1_617' title='bbox 1495 2767 1670 2795; x_wconf 56' lang='lat' dir='ltr'>ammarum,</span> <span class='ocrx_word' id='word_1_618' title='bbox 1688 2767 1707 2790; x_wconf 79' lang='lat' dir='ltr'>t.</span> <span class='ocrx_word' id='word_1_619' title='bbox 1725 2764 1769 2793; x_wconf 72' lang='grc'><strong>111,</strong></span> <span class='ocrx_word' id='word_1_620' title='bbox 1788 2768 1820 2788; x_wconf 84' lang='grc'><strong>11“’</strong></span> <span class='ocrx_word' id='word_1_621' title='bbox 1839 2764 1909 2788; x_wconf 42' lang='lat' dir='ltr'>&#39;twa</span> 
     </span>
    </p>
   </div>
   <div class='ocr_carea' id='block_1_34' title="bbox 1172 2855 2166 3019">
    <p class='ocr_par' dir='ltr' id='par_1_36' title="bbox 1172 2855 2166 3019">
     <span class='ocr_line' id='line_1_89' title="bbox 1222 2855 2165 2902; baseline -0.01 -8"><span class='ocrx_word' id='word_1_622' title='bbox 1222 2877 1236 2890; x_wconf 86' lang='lat'>«</span> <span class='ocrx_word' id='word_1_623' title='bbox 1265 2861 1484 2900; x_wconf 66' lang='lat' dir='ltr'>patriarchis,</span> <span class='ocrx_word' id='word_1_624' title='bbox 1500 2858 1771 2902; x_wconf 68' lang='lat' dir='ltr'>archiepiscopis,</span> <span class='ocrx_word' id='word_1_625' title='bbox 1784 2857 1957 2900; x_wconf 76' lang='lat' dir='ltr'>episcopis,</span> <span class='ocrx_word' id='word_1_626' title='bbox 1976 2855 2165 2893; x_wconf 75' lang='lat' dir='ltr'>abbatibus,</span> 
     </span>
     <span class='ocr_line' id='line_1_90' title="bbox 1172 2911 2166 2963; baseline -0.008 -12"><span class='ocrx_word' id='word_1_627' title='bbox 1172 2918 1353 2963; x_wconf 55' lang='lat' dir='ltr'>prioribus,</span> <span class='ocrx_word' id='word_1_628' title='bbox 1368 2917 1515 2952; x_wconf 67' lang='lat' dir='ltr'>decanis,</span> <span class='ocrx_word' id='word_1_629' title='bbox 1534 2913 1781 2948; x_wconf 71' lang='lat' dir='ltr'>archidiaconis</span> <span class='ocrx_word' id='word_1_630' title='bbox 1801 2919 1832 2945; x_wconf 83' lang='lat' dir='ltr'>et</span> <span class='ocrx_word' id='word_1_631' title='bbox 1853 2913 1931 2945; x_wconf 76' lang='lat' dir='ltr'>aliis</span> <span class='ocrx_word' id='word_1_632' title='bbox 1952 2911 2166 2944; x_wconf 70' lang='lat' dir='ltr'>ecclesiarum</span> 
     </span>
     <span class='ocr_line' id='line_1_91' title="bbox 1175 2967 2162 3019; baseline -0.007 -13"><span class='ocrx_word' id='word_1_633' title='bbox 1175 2974 1315 3019; x_wconf 70' lang='lat' dir='ltr'>prelatis</span> <span class='ocrx_word' id='word_1_634' title='bbox 1341 2985 1378 3007; x_wconf 85' lang='lat' dir='ltr'>ac</span> <span class='ocrx_word' id='word_1_635' title='bbox 1399 2973 1565 3005; x_wconf 67' lang='lat' dir='ltr'>Jioln&#39;titms</span> <span class='ocrx_word' id='word_1_636' title='bbox 1583 2971 1672 3010; x_wconf 75' lang='lat' dir='ltr'>uiris,</span> <span class='ocrx_word' id='word_1_637' title='bbox 1691 2970 1951 3008; x_wconf 73' lang='lat' dir='ltr'>marchionibus,</span> <span class='ocrx_word' id='word_1_638' title='bbox 1974 2967 2162 3008; x_wconf 72' lang='lat' dir='ltr'>comitibus,</span> 
     </span>
    </p>
   </div>
  </div>
 </body>
</html>
