2477 3512
923 308 1151 345 TROISOEME
1177 309 1322 346 ΑΧΝΕΕ

120 388 265 417 nostrum
276 385 312 415 P.
328 384 438 415 Sancti
450 383 583 423 Georgii
599 382 639 412 ad
654 381 770 412 Velum
784 382 925 412 Aureum
938 382 1105 413 diaconum
1131 383 1133 417 ζ

119 441 314 473 cardinalem
349 440 497 471 dedimus
527 438 716 480 specialiter
747 437 935 468 auditorem.
964 438 1105 478 Cumque
1131 448 1132 453 ¹

120 497 303 538 Stephanus
325 499 514 537 procurator
535 499 606 525 tuus
625 494 762 525 Johanni
775 493 814 524 de
831 494 978 525 Jussiaco
990 504 1106 535 procu-
1130 494 1132 546 ¹,

117 554 218 584 ratori
249 553 325 583 dicti
352 553 390 582 R.
423 551 567 582 libellum
595 560 703 581 coram
733 549 892 581 cardinali
924 560 1020 591 super
1044 551 1105 581 hoc
1130 564 1132 573 ν

116 610 285 641 obtulisset
309 608 434 646 eodem,
454 608 527 648 quia
548 607 652 637 dictus
667 606 843 641 Johannes,
856 607 888 636 in
905 606 956 637 die
975 606 1014 637 ad
1030 616 1104 647 pro-

118 665 296 697 cedendum
317 665 347 695 in
361 674 459 695 causa
478 662 615 704 prefixa,
630 673 686 703 per
706 662 910 703 subterfugia
926 665 959 693 et
971 662 1104 693 cavilla-

119 722 225 752 tiones
239 721 510 752 contestationem
526 719 590 749 litis
609 719 823 759 evitans.juri
840 729 955 759 parere
969 729 1004 749 ac
1019 720 1105 760 post-
1130 726 1131 729 ’

120 778 258 815 modum,
274 777 313 808 de
324 775 474 807 mandato
489 775 663 806 cardinalis
682 774 826 816 ejusdem
842 775 943 805 semel
964 774 1105 805 secundo
1130 790 1132 815 χ

119 838 152 865 et
166 835 262 865 tertio
273 832 488 875 peremptorie
506 832 537 861 in
554 831 680 872 publica
693 832 811 862 citatus
831 831 1006 869 audientia,
1020 840 1105 862 com-
1131 854 1132 858 ,

119 900 235 931 parere
253 898 361 920 coram
382 897 420 919 eo
440 887 610 927 aliquando
629 888 864 917 contumaciter
881 897 941 917 non
957 887 1104 925 curabat,

118 945 288 986 aliquando
308 953 386 974 vero
406 944 541 974 veniens
557 945 729 973 contumax
752 942 940 975 recedebat.
959 943 1106 973 cardina-

118 1003 156 1033 lis
187 1002 346 1043 prefatus,
368 999 500 1035 auditisv
532 999 608 1029 visis
642 1003 674 1030 et
700 998 877 1029 intellectis
909 1010 969 1039 que
1001 999 1105 1030 dictus

119 1059 150 1089 S.
173 1059 364 1098 procurator
381 1058 454 1086 tuus
480 1065 535 1097 pro
555 1057 648 1096 parte
664 1058 720 1086 tua
735 1055 837 1086 voluit
858 1065 1039 1097 proponere
1054 1066 1106 1087 co—

116 1121 183 1144 ram
203 1123 253 1149 eo,
280 1116 313 1144 et
343 1112 579 1143 deliberatione
601 1122 698 1152 super
722 1112 785 1142 hiis
812 1111 919 1143 habita
941 1112 1103 1153 diligenti,

115 1169 236 1200 dictum
247 1170 285 1199 R.
298 1168 350 1199 vel
361 1169 432 1209 ejus
446 1170 703 1210 procuratorei‘n.
720 1169 830 1209 siquis
843 1169 873 1199 111
890 1170 980 1199 curia
994 1172 1106 1200 nostra

115 1282 206 1318 fecit.
220 1284 253 1312 ut
273 1285 363 1312 certa
379 1282 431 1312 die
443 1284 649 1322 compareret
670 1290 778 1312 coram
796 1291 844 1319 eo,
857 1282 993 1323 justam.
1007 1281 1105 1313 dante

115 1338 259 1376 Domino,
274 1338 468 1369 sententiam
482 1337 664 1369 auditurus
679 1338 720 1368 Et
740 1338 825 1378 quia,
838 1338 924 1369 dicto
940 1338 972 1368 S.
994 1348 1106 1379 procu-

113 1396 224 1425 ratore
245 1396 299 1425 tuo
313 1394 529 1434 personaliter
546 1399 766 1435 comparente,
788 1394 894 1425 nullus
916 1404 972 1435 pro
991 1395 1105 1425 eodem

116 1451 153 1481 R.
182 1459 371 1492 comparere
392 1450 540 1487 curabat,
564 1450 769 1491 supradictus
791 1450 978 1490 cardinalis,
998 1450 1107 1482 habito

114 1517 211 1548 super
230 1507 289 1537 hoc
315 1507 448 1538 consilio
475 1507 666 1548 peritorum.
688 1507 787 1548 ipsius
809 1508 848 1537 R.
880 1507 1028 1538 absentia
1050 1508 1108 1542 Dei
1132 1515 1133 1518 ’

112 1563 239 1604 repleta
266 1564 442 1604 presentia,
465 1563 663 1605 prebendam
689 1563 825 1594 eandem
851 1573 922 1594 cnm
948 1564 1106 1595 fructibus

118 1788 322 1830 imponendo.
336 1789 471 1819 Demum
483 1799 562 1820 vero
574 1789 747 1820 cardinalis
757 1789 946 1830 jamdictus,
971 1790 1043 1830 quia
1054 1800 1110 1830 per

120 1845 353 1887 fidedignorum
372 1846 592 1877 testimonium
608 1846 873 1887 etjuramentum
889 1845 967 1876 dicti
986 1846 1017 1877 S.
1039 1857 1111 1887 pro-

119 1903 281 1934 curatoris
290 1903 337 1934 tui
352 1902 410 1933 sibi
421 1903 565 1943 legitime
580 1903 728 1934 constitit
742 1904 868 1933 fructus
882 1902 1029 1944 ejusdem
1039 1913 1110 1944 pre-

119 1959 223 1990 bende
241 1959 353 1990 valere
364 1959 570 1990 annuatim‘X
589 1959 738 1989 marchas
756 1958 987 2000 sterlingorum
997 1962 1030 1990 et
1046 1959 1109 1991 dic-

118 2018 185 2046 tum
208 2016 246 2046 R.
270 2015 371 2046 tribus
392 2016 485 2046 annis
502 2016 628 2046 fructus
650 2016 836 2056 percepisse
850 2016 1010 2057 prefatos,
1025 2016 1114 2047 fruc-
1136 2014 1137 2018 ’

119 2074 170 2102 tus
190 2072 276 2113 ipsos
301 2071 357 2102 tibi
388 2072 427 2102 ab
451 2071 566 2103 eodem
593 2073 629 2102 R.
651 2071 874 2102 restituendos
896 2082 952 2112 pro
974 2072 1111 2113 singulis
1136 2069 1137 2072 ¹

121 2129 210 2158 annis
232 2129 384 2169 predictis
409 2130 439 2159 in
466 2130 496 2160 X
521 2130 638 2159 marcis
666 2129 899 2169 sterlingorum
921 2134 1036 2160 taxare
1057 2140 1110 2160 cu-
1135 2126 1137 2149 ἶ

121 2185 217 2223 ravit,
236 2185 311 2216 Xlu
333 2186 431 2216 soldis
452 2188 485 2217 et
503 2186 562 2216 IIII
577 2185 744 2226 sterlingis
762 2196 816 2226 pro
840 2195 949 2216 marca
966 2186 1109 2226 qualibet

121 2241 326 2281 computatis,
349 2243 443 2282 prout
463 2241 520 2283 [in]
542 2242 770 2278 instrumentis
795 2241 928 2282 publicis
949 2242 1108 2273 confectis

94 2378 98 2381 .
119 2356 225 2384 netur.
244 2354 308 2384 Nos
330 2355 449 2394 itaque,
466 2355 528 2385 tuis
550 2355 839 2396 supplicationibus
860 2355 1018 2393 inclinati,
1032 2366 1106 2387 sen-
1133 2364 1134 2367 ’

121 2411 256 2441 tentiam
290 2411 391 2451 ipsam
420 2411 551 2452 provide
572 2412 682 2447 latam,
709 2414 811 2442 ratam
840 2413 873 2441 et
897 2413 1024 2452 gratam
1052 2412 1106 2442 ha-
1132 2397 1134 2428 ,¹

121 2467 245 2503 bentes,
277 2466 364 2497 illam
394 2468 587 2499 auctoritate
615 2469 792 2510 apostolica
826 2467 1053 2498 confirmamus
1073 2472 1107 2499 et

120 2524 282 2564 presentis
300 2524 411 2564 scripti
431 2525 608 2564 patrocinio
629 2526 874 2556 communimus.
888 2525 1107 2555 Tenoresins-

120 2583 355 2610 trumentorum
376 2580 513 2620 ipsorum
542 2580 581 2611 de
607 2581 706 2612 verbo
731 2581 772 2612 ad
791 2580 924 2611 verbum
947 2582 1107 2621 presenti-

119 2635 177 2666 bus
198 2636 294 2666 inseri
317 2636 489 2671 facientes,
503 2637 553 2676 qui
575 2637 659 2667 tales
681 2642 776 2668 sunt:

617 2744 741 2772 vitei-be,
760 2747 791 2770 29
805 2745 869 2777 juin
891 2747 965 2770 1257.

167 2830 181 2841 a
207 2816 322 2847 Petrus¹
347 2816 554 2847 miseratione
575 2816 681 2846 divina
703 2817 813 2848 Sancti
831 2818 961 2855 Georgii
982 2819 1021 2849 ad
1048 2820 1108 2850 Vo-

125 2885 138 2897 n
167 2872 228 2902 lum
244 2882 374 2903 aureum
389 2872 542 2902 diaconus
559 2872 744 2911 cardinalis,
759 2874 918 2904 universis
938 2878 1108 2915 presentes
1134 2883 1135 2917 j
1161 2885 1174 2897 ‘¹

122 2942 135 2953 a
165 2928 290 2959 litteras
318 2929 523 2969 inspecturis.
545 2929 680 2960 salntem
701 2930 731 2959 in
753 2930 896 2960 Domino.
919 2931 1039 2962 Dudum
1061 2933 1109 2962 in-
1134 2932 1136 2972 ’,

1135 2973 1136 2985 ³
1164 2999 1178 3013 «
1206 2988 1296 3015 rator
1310 2984 1350 3015 de
1371 2984 1521 3014 mandato
1538 2984 1646 3012 nostro
1662 2981 1691 3011 iu
1707 2979 1869 3010 audientia
1890 2977 2013 3018 publica
2034 2974 2147 3009 5011101,

124 2999 136 3011 ιι
167 2988 216 3015 ter
237 2985 424 3026 magistrum
449 2986 580 3016 Petrum
603 2986 641 3015 de
662 2986 871 3017 Farnberiaro
891 2987 1011 3018 domini
1030 2999 1110 3029 pape

2082 315 2146 345 639

1160 397 1175 410 «ι
1203 384 1402 424 capellanum
1435 391 1463 415 et
1496 384 1665 415 Radulfum
1693 383 1732 414 de
1761 382 1923 414 Montibus
1958 383 2144 413 canonicum

1160 453 1174 466 «
1203 441 1458 474 Lausanensem,
1483 450 1579 480 super
1599 440 1739 470 ecclesia
1761 440 1869 470 Sancti
1891 439 2019 470 Martini
2036 439 2147 479 Magni

1159 509 1174 523 (ι
1203 496 1438 527 Londoniensis
1459 497 1628 537 questione
1649 496 1791 534 suborta,
1815 499 1847 526 et
1873 495 1986 526 eadem
2007 505 2145 526 coram..

1159 565 1173 579 a
1202 552 1323 584 decano
1358 553 1566 593 Lugdunensi
1601 552 1797 592 aliquandiu,
1830 552 2026 583 auctoritate
2051 550 2145 582 Sedis

1161 621 1174 634 ιι
1202 608 1401 648 Apostolice,
1433 608 1601 643 ventilata,
1625 608 1761 638 remissa
1793 608 1922 638 tandem
1944 608 1982 638 ad
2008 617 2145 638 examen

1160 676 1173 690 «
1201 665 1412 705 apostolicum
1433 675 1490 706 per
1513 664 1675 695 decanum
1695 664 1844 701 eundem,
1868 667 1961 704 prout
1979 674 2020 694 ex
2041 663 2144 694 forma

1159 736 1173 749 «
1200 721 1382 752 litterarum
1399 721 1485 751 dicte
1506 720 1599 751 Sedis
1618 720 1770 756 habebat,
1794 720 1938 751 dominus
1959 731 2040 761 papa
2057 719 2145 750 dedit

1159 792 1172 806 (ι
1202 787 1259 808 nos
1282 778 1310 807 111
1335 778 1404 818 ipso
1430 777 1559 817 negotio
1584 776 1770 817 specialiter
1799 776 1989 806 auditorem.
2014 776 2147 817 Compa—

1159 848 1172 861 «
1201 833 1346 864 rentibus
1363 834 1470 873 itaque
1486 832 1748 874 procuratoribus
1770 833 1905 873 partium
1920 842 2025 863 coram
2039 832 2142 869 nobis,

1159 904 1173 919 «
1201 901 1257 932 pro
1278 892 1369 931 parte
1384 890 1461 920 dicti
1479 890 1628 930 magistri
1647 890 1698 925 P.,
1720 889 2034 927 libelluminjudicio
2055 898 2147 919 rece-

1160 962 1173 975 «
1202 948 1304 989 pimus
1324 948 1356 977 in
1378 947 1461 977 111111(-
1489 946 1614 977 1110(111111
1635 956 1640 976 ;

1205 1018 1218 1032 «
1246 1003 1360 1035 Coram
1388 1003 1477 1034 vobis
1506 1002 1687 1033 reverendo
1715 1003 1806 1042 patre
1826 1001 1952 1032 domino
1976 1002 2013 1031 P.
2037 1001 2147 1031 Sancti

1159 1072 1173 1087 «
1202 1059 1335 1100 Georgii
1356 1058 1394 1089 ad
1412 1058 1528 1089 Velnm
1544 1059 1684 1088 Aureum
1703 1056 1838 1087 diacono
1860 1056 2029 1093 cardinali,
2048 1057 2145 1096 parti-

1160 1130 1173 1143 «
1204 1116 1260 1146 bus
1282 1115 1427 1146 auditore
1448 1124 1616 1148 concesse,
1639 1114 1717 1144 dicit
1742 1115 1774 1143 et
1795 1113 1943 1153 proponit
1964 1112 2147 1152 Stephanus

1131 1193 1132 1203 1
1160 1185 1175 1200 «
1202 1172 1241 1203 de
1268 1172 1400 1203 Bellicio
1421 1171 1572 1206 clericus,
1599 1171 1706 1201 socius
1727 1172 1760 1201 et
1787 1170 1978 1210 procurator
1999 1168 2146 1209 magistri

116 1228 218 1264 esset,
240 1224 367 1255 demum
389 1225 422 1255 in
443 1225 607 1255 authentia
630 1224 756 1265 publica
772 1225 866 1255 citari
888 1226 1104 1266 peremptorie
1130 1227 1132 1248 1'

1160 1242 1172 1255 υ
1202 1229 1239 1259 Ρ.
1263 1228 1302 1259 de
1322 1228 1532 1259 Camberiaco
1553 1227 1698 1257 canonici
1719 1226 1858 1257 ecclesie
1884 1225 1993 1256 Sancti
2015 1224 2148 1255 Martini

1160 1298 1173 1313 «
1203 1285 1312 1326 Magni
1332 1284 1577 1317 Londoniensis,
1600 1283 1716 1314 domini
1740 1292 1821 1324 pape
1842 1281 2012 1323 capellani,
2036 1283 2148 1312 contra

1160 1354 1174 1369 «
1203 1341 1406 1382 Rodulphum
1431 1340 1470 1371 de
1500 1339 1661 1371 Montibus
1691 1339 1878 1369 canonicum
1908 1339 2147 1369 Lausanensem

1161 1411 1174 1425 «
1203 1398 1271 1428 sive
1284 1400 1398 1428 contra
1409 1398 1480 1437 ejus
1500 1397 1680 1437 legitimum
1692 1395 1912 1433 defensorem,
1924 1394 2034 1425 dicens
2050 1395 2144 1435 quod„

1161 1469 1174 1481 α
1198 1465 1269 1485 011111
1290 1453 1375 1484 idem
1397 1454 1556 1494 magister
1574 1453 1605 1483 in
1622 1452 1737 1483 eadem
1759 1452 1900 1483 ecclesia
1922 1451 2033 1481 Sancti
2060 1451 2146 1482 Mar-

1161 1524 1167 1538 (

1204 1511 1263 1541 tini
1285 1510 1394 1551 Magni
1410 1509 1627 1540 Londoniensi
1650 1508 1746 1539 fuerit
1765 1508 1919 1539 canonice
1944 1509 2096 1548 receptus
2117 1508 2147 1537 in

1133 1591 1135 1607 ,
1162 1582 1175 1595 «
1204 1567 1392 1598 canoui‹-um
1408 1568 1441 1596 et
1459 1566 1488 1596 in
1507 1565 1652 1599 fratrem.
1666 1575 1702 1595 ac
1722 1564 1970 1605 prebenda,qne
1986 1564 2018 1593 in
2033 1563 2145 1594 eadem

115 1619 187 1650 inde
203 1620 366 1661 perceptis
382 1630 401 1650 a
415 1622 561 1661 tempore
582 1619 649 1650 litis
671 1623 757 1650 mote
778 1620 924 1661 predicto
938 1620 970 1651 S
992 1631 1107 1662 procu—
1133 1610 1134 1624 ³

116 1676 215 1707 ratori
241 1678 295 1707 tuo
320 1677 447 1707 nomine
478 1676 721 1707 sententialiter
745 1676 933 1718 adjudicare
964 1677 1105 1715 curavit,
1133 1665 1135 1702 i

115 1732 201 1763 dicto
226 1733 264 1763 R.
287 1742 385 1773 super
412 1743 450 1763 ea
475 1735 666 1774 perpetuum
690 1732 918 1764 nichilominus
945 1733 1108 1764 silentium
1134 1730 1135 1752 ³

1162 1638 1176 1651 «
1204 1624 1347 1655 ecclesia
1366 1623 1495 1654 vacavit
1522 1633 1579 1663 per
1605 1624 1742 1652 mortem
1763 1621 1911 1661 magistri
1934 1621 2079 1661 Hugonis
2108 1620 2147 1651 de

1163 1695 1176 1709 (ι
1195 1680 1358 1722 Cumgnis
1373 1680 1448 1711 olim
1464 1679 1611 1721 ejusdem
1625 1678 1767 1710 ecclesie
1783 1678 1941 1715 canonici,
1954 1677 2014 1707 sibi
2029 1677 2148 1708 collata

1164 1751 1177 1765 «
1206 1738 1335 1775 fuisset,
1349 1737 1455 1767 dictus
1468 1737 1506 1767 R.
1523 1736 1563 1767 de
1580 1735 1754 1772 Montibus,
1772 1734 1946 1765 canonicus
1961 1734 2148 1764 Lausanen-

1163 1809 1177 1823 «
1206 1795 1262 1832 sis,
1283 1794 1462 1835 predictam
1485 1792 1679 1834 prebendam
1703 1793 1817 1822 contra
1833 1790 1994 1832 justitiam
2013 1799 2150 1830 occupa-

1163 1865 1177 1879 «
1206 1852 1255 1882 vit
1273 1861 1309 1881 ac
1331 1851 1430 1892 ipsam
1451 1849 1579 1880 detinet
1602 1850 1792 1889 occupatam
1821 1848 1851 1877 in
1876 1847 1976 1887 ipsius
1998 1847 2149 1887 magistri

1163 1922 1177 1936 «
1206 1907 1415 1949 prejudicium
1450 1916 1511 1937 non
1541 1905 1698 1936 modicum
1729 1906 1762 1935 et
1790 1913 1979 1945 gravamen.
2009 1903 2145 1937 Verum,

1164 1978 1177 1992 «
1206 1974 1277 1994 cum
1298 1964 1403 1994 dictus
1422 1962 1581 2004 magister
1596 1962 1632 1991 P.
1653 1970 1796 1997 causam,
1815 1970 1874 2000 que
1895 1959 1980 1989 inter
1997 1959 2099 2000 ipsum
2116 1961 2148 1990 et

1164 2035 1177 2049 α
1206 2021 1326 2052 dictum
1340 2021 1378 2050 R.
1395 2029 1491 2060 super
1503 2018 1615 2050 eadem
1634 2016 1795 2058 prebenda
1805 2016 1957 2053 vertitur,
1970 2015 2149 2046 obtinuerit

1164 2093 1177 2106 «
1206 2078 1245 2109 ad
1259 2087 1399 2108 examen
1413 2075 1505 2107 Sedis
1520 2074 1708 2116 Apostolice
1726 2073 1886 2111 revocari,
1905 2073 1987 2113 petit
2001 2082 2058 2113 per
2074 2082 2143 2108 voa,

1163 2150 1176 2163 «
1204 2133 1383 2166 reverende
1396 2135 1500 2174 pater,
1512 2131 1756 2163 sententialiter
1771 2129 1932 2161 declarari
1948 2128 2065 2159 dictam
2077 2139 2150 2170 pre-

1134 2172 1135 2183 1

1134 2186 1135 2222 J
1162 2206 1175 2220 «
1205 2191 1341 2222 bendam
1362 2190 1401 2221 ad
1422 2189 1543 2220 dictum
1563 2188 1755 2229 magistrum
1771 2187 1808 2217 P.
1824 2186 1988 2227 pertinere
2004 2185 2042 2215 de
2060 2185 2148 2225 jure,

168 2296 173 2301 ι
211 2296 218 2327 l
286 2296 304 2327 Γ
329 2298 350 2327 ἰ.
428 2297 446 2328 d
505 2298 513 2328 l
626 2298 647 2329 ll
879 2298 887 2328 1
1133 2246 1135 2308 i
1161 2263 1175 2275 υ
1204 2251 1238 2279 et
1257 2258 1327 2279 eam
1341 2246 1598 2287 sibiadjudicari.
1618 2254 1688 2275 cum
1705 2243 1864 2275 fructibus
1886 2241 1991 2272 medio
2005 2243 2148 2281 tempore

120 2306 208 2327 exm(
223 2307 252 2334 e,
275 2307 325 2327 ‹ic
343 2307 352 2327 1
370 2308 425 2328 car
450 2298 501 2328 ina
516 2300 541 2329 is
562 2299 622 2339 sigi
651 2309 668 2329 0
693 2299 834 2335 munitis,
858 2309 875 2339 p
892 2298 983 2329 euius
1004 2299 1108 2329 conti-
1132 2309 1134 2330 ;

1160 2320 1174 2333 «
1202 2304 1376 2346 perceptis,
1400 2313 1477 2344 quos
1497 2302 1635 2333 extimat
1650 2300 1783 2332 Llibras
1802 2298 2090 2339 sterlingorum‚et
2107 2297 2150 2327 ei-

1160 2376 1174 2389 «
1202 2361 1273 2392 dem
1294 2361 1332 2391 R.
1361 2361 1429 2391 sive
1459 2360 1530 2401 ejus
1556 2357 1758 2400 procuratori
1780 2357 1878 2397 ipsius
1905 2354 2033 2385 nomine
2051 2362 2148 2394 super

1160 2432 1173 2447 «ε
1201 2428 1240 2449 ea
1258 2423 1445 2459 perpetuum
1465 2415 1628 2447 silentium
1644 2414 1774 2455 imponi,
1798 2414 1830 2443 et
1851 2412 1889 2442 ab
1911 2421 1946 2442 ea
1970 2409 2148 2441 sententia-

1159 2488 1173 2503 «
1200 2475 1276 2505 liter
1297 2473 1453 2511 amoveri,
1471 2482 1542 2503 cum
1557 2471 1677 2502 nullum
1691 2471 1744 2511 jus
1761 2469 1880 2501 habeat
1900 2468 1930 2498 111
1945 2466 2076 2503 00110111,
2096 2475 2149 2506 pe-

1160 2546 1173 2557 «
1203 2532 1240 2561 tit
1265 2540 1428 2571 expensas
1452 2529 1556 2559 factas
1582 2530 1614 2559 et
1636 2528 1839 2568 protestatur
1869 2523 2046 2560 faciendas,
2070 2532 2148 2562 quas

1132 2621 1133 2627 ,
1160 2602 1173 2614 «1
1202 2590 1346 2628 tempore
1363 2586 1525 2617 sententie
1542 2584 1734 2621 declarabit,
1754 2582 1844 2613 salvo
1860 2581 1934 2622 jure
1951 2581 2015 2611 etc.

1204 2657 1218 2671 κ
1246 2642 1376 2674 Prefixo
1391 2643 1504 2683 igitur,
1523 2653 1582 2673 non
1604 2642 1728 2672 tautum
1750 2639 1847 2669 semel
1869 2637 1925 2668 sed
1940 2636 2073 2677 pluries,
2091 2635 2145 2665 ,lo-

1132 2694 1134 2699 .
1159 2715 1172 2729 «
1202 2700 1297 2731 hanni
1316 2699 1356 2731 de
1376 2700 1537 2737 Jnssiaco,
1562 2697 1761 2739 procuratori
1783 2695 1861 2726 dicti
1876 2695 1914 2724 R.
1934 2693 1973 2724 ad
1990 2693 2050 2723 hoc
2072 2701 2146 2732 spe-

1160 2772 1174 2785 «
1202 2757 1330 2788 cialiter
1341 2757 1532 2794 constituto,
1544 2755 1680 2785 termino
1691 2753 1729 2784 ad
1742 2750 1979 2795 procedendum
1990 2750 2020 2779 in
2035 2757 2145 2783 causa,

1161 2828 1174 2840 «ι
1203 2814 1287 2845 sicut
1306 2813 1434 2855 dejure
1453 2813 1521 2843 fieri
1541 2811 1692 2848 debehat,
1704 2809 1787 2841 idem
1800 2809 1990 2850 procurator
2007 2815 2064 2846 per
2077 2804 2149 2835 sub-

1204 2871 1345 2912 terfugia
1370 2872 1400 2901 et
1429 2869 1656 2899 cavillationes
1686 2865 1960 2897 contestationem
1990 2863 2055 2893 litis
2076 2860 2144 2891 evi-

1163 2942 1176 2955 «
1204 2930 1289 2963 tans,
1309 2927 1374 2967 juri
1398 2936 1512 2968 parere
1544 2923 1749 2964 contempsit.
1772 2922 1902 2953 Domum
1925 2920 2008 2951 idem
2036 2927 2148 2959 procu-
