2477 3512
178 289 239 319 758
897 288 1154 322 REGISTRES
1176 289 1513 324 D’ALEXANDRE
1534 290 1582 324 IV

177 397 342 428 tribuerat,
377 397 503 430 reliquis
538 397 569 422 in
604 397 779 423 subsidium
815 397 1074 424 distributionum
1110 405 1186 432 quo-

176 437 369 464 tidianarum
394 437 565 470 deputatis,
591 437 630 462 ab
655 437 888 470 archiepiscopo
914 437 1088 464 Coloniensi
1124 445 1186 464 me-

178 476 369 510 tropolitano
398 476 464 509 Jam
495 476 725 507 confirmatam,
754 476 930 503 confirmat.
956 477 1052 510 (nm.
1085 477 1132 508 25,
1164 478 1184 504 f.

180 516 235 542 117
262 519 308 547 νο,
335 522 383 542 an.
416 516 467 546 IV,
495 522 519 542 c.
548 516 609 548 24.)

219 604 230 618 «
246 591 381 621 Eisdem.
399 591 478 621 Cum
495 600 512 620 a
531 592 621 620 nobis
637 609 686 620 —.
705 592 780 621 Dat.
798 592 944 626 Viterbii,
962 593 989 621 V
1005 592 1076 622 idus
1091 593 1183 631 junii,

176 654 260 674 anno
290 644 395 673 tertio.
428 657 439 670 »ι

252 804 340 830 2435
679 805 817 836 Viterbe‚
839 805 855 831 5
876 805 1000 838 Janvier
1026 805 1101 832 1258

214 853 363 886 Magistro
395 853 529 880 Ricardo
558 854 595 880 de
617 853 775 885 Clifforde,
798 855 900 880 rector
926 854 1071 880 ecclesiae
1106 854 1184 880 Slin-

173 893 330 924 donensis,
354 893 551 919 Cicestrensis
580 893 720 924 diocesis,
744 893 883 926 indulget
913 895 958 925 ut,
987 895 1110 927 praeter
1137 901 1184 919 ec-

171 932 297 959 clesiam
320 933 357 958 de
380 932 528 959 Slindonc
545 934 576 959 et
599 933 661 959 alia
678 933 887 959 ecclesiastica
904 933 1056 959 beneficia
1077 940 1183 959 curam

172 972 349 998 animarum
368 972 517 999 habentia
543 979 623 1006 quae
651 973 690 999 ad
722 979 866 1006 praesens
897 973 1030 1004 obtinet,
1056 973 1183 999 unicum

171 1012 257 1038 aliud
280 1012 478 1044 beneficium,
502 1012 598 1038 etiam
621 1012 647 1038 si
669 1012 791 1038 similen
814 1020 920 1038 curam
944 1012 1070 1043 habeat,
1093 1014 1134 1043 et,
1159 1012 1184 1038 si

170 1051 291 1085 aliquid
318 1059 357 1078 ex
384 1052 460 1085 ipsis
486 1052 701 1085 resignaverit,
731 1052 815 1078 aliud
843 1052 910 1078 loco
936 1052 1020 1078 illius
1048 1052 1183 1085 recipere

173 1092 281 1124 possit.
300 1091 397 1124 (Rea.
416 1091 465 1123 25,
482 1092 503 1118 f.
524 1092 580 1118 117
598 1095 644 1123 v0,
662 1098 711 1118 an.
734 1091 785 1123 IV,
804 1098 828 1118 c.
847 1092 909 1124 25.)

213 1174 224 1190 (ι
253 1163 409 1202 Moqistro
439 1163 572 1193 Ricardo
601 1163 638 1192 de
668 1163 828 1201 Clillorde,
859 1163 966 1193 rectori
996 1163 1117 1193 ecclesie
1146 1164 1182 1193 de

171 1215 330 1250 Slindone,
370 1215 568 1246 Ciceslrensis
596 1216 735 1246 diocesis.
774 1216 926 1246 Volentes
953 1216 1014 1245 tibi
1042 1219 1099 1246 tue
1129 1234 1179 1246 ——.

172 1269 249 1298 Dat.
282 1269 428 1303 viterbii,
461 1269 552 1298 nonis
581 1269 731 1307 januarii,
762 1278 848 1299 anno
879 1272 1005 1308 quarto.
1038 1281 1050 1296 »

247 1415 336 1442 2436
655 1415 793 1448 Viterbe‚
822 1416 839 1443 5
867 1416 991 1450 janvier
1020 1416 1097 1443 1258

209 1464 358 1498 Magistro
378 1464 516 1491 Roberto
536 1465 573 1491 de
591 1465 740 1496 Mariscis,
759 1465 979 1492 archidiacono
998 1465 1179 1497 Exoniensi,

168 1504 310 1537 indulget
331 1506 376 1536 ut,
398 1506 521 1538 praeter
541 1505 834 1531 archidiaconatum
856 1504 1007 1537 oxoniae,
1028 1505 1178 1539 praeben-

169 1544 243 1570 dam
259 1544 296 1570 de
304 1543 460 1577 Eylesbur
469 1546 501 1570 et
516 1545 676 1571 ecclesiam
688 1544 724 1570 (le
736 1544 933 1578 Hemingbur
942 1552 1049 1571 curam
1060 1545 1178 1571 anima·

167 1590 237 1610 rum
260 1584 422 1616 habentes,
447 1591 527 1617 quae
551 1584 590 1610 ad
614 1591 759 1618 praesens
782 1584 916 1615 obtinet,
940 1584 1069 1611 unicum
1091 1585 1178 1611 aliud

167 1623 355 1650 beneficium
367 1624 622 1655 ecclesiasticum,
635 1624 731 1650 etiam
744 1624 768 1650 si
779 1624 912 1650 similem
925 1631 1031 1650 curam
1050 1624 1177 1656 habeat,

166 1664 209 1694 et,
222 1663 248 1689 si
262 1663 383 1696 aliquid
397 1671 435 1690 ex
448 1663 523 1697 ipsis
536 1664 750 1697 resignaverit,
766 1663 852 1689 aliud
865 1663 932 1690 loco
944 1664 1028 1690 illius
1042 1664 1177 1698 recipere

168 1703 278 1736 possit.
302 1703 398 1736 (Rea.
423 1702 471 1734 25,
495 1703 515 1730 f.
542 1703 598 1730 117
621 1707 667 1735 νο,
691 1711 740 1730 an.
768 1703 819 1735 IV,
843 1710 867 1730 c.
891 1703 954 1736 26.)

209 1790 220 1806 α
249 1779 406 1818 Mayislro
435 1779 564 1809 Roberlo
593 1779 629 1809 de
657 1779 819 1814 Mariscis,
850 1779 1066 1809 archidiacono
1095 1780 1176 1809 Exo-

165 1832 279 1862 niensi.
305 1832 456 1862 Volentes
479 1832 540 1861 tibi
576 1834 627 1862 etc
651 1849 701 1861 —.
727 1832 803 1862 Dat.
829 1832 976 1866 Viterbii,
1013 1833 1105 1862 nonis
1128 1832 1176 1871 ja-

166 1885 279 1919 nuarii,
315 1894 400 1915 anno
436 1887 562 1924 quarto.
600 1897 611 1912 »

245 2032 332 2058 2⁴37
604 2032 742 2065 Viterbe‚
761 2033 809 2059 10²
832 2032 995 2060 decembre
1015 2033 1092 2060 1257

206 2081 332 2108 Decano
343 2083 375 2108 et
386 2081 524 2115 capitulo
538 2081 805 2115 Magdunensibus
817 2081 1020 2108 Bituricensis
1033 2082 1174 2114 diocesis,

165 2122 297 2148 mandat
336 2123 382 2153 ut,
411 2121 505 2155 juxta
538 2123 679 2148 tenorem
712 2121 890 2148 litterarum
921 2122 960 2148 ab
992 2122 1060 2155 ipsa
1096 2122 1174 2148 Sede

164 2161 347 2195 Apostolica
376 2168 469 2194 super
497 2161 557 2188 hoc
585 2161 819 2193 mandatamm,
850 2168 928 2195 quas
957 2161 1082 2188 efficere
1110 2169 1173 2188 non

164 2202 362 2233 curaverant,
392 2201 603 2227 Bel-trandum
632 2201 670 2227 de
698 2200 853 2232 Busseria,
883 2200 1029 2227 clericum
1058 2201 1174 2228 Bituri-

164 2240 263 2267 censis
278 2240 418 2272 diocesis,
435 2240 467 2267 in
483 2240 668 2267 canonicum
679 2241 710 2266 et
725 2240 757 2266 in
769 2240 899 2267 fratrem
909 2241 1072 2274 recipiant,
1083 2241 1173 2275 eique

165 2280 378 2313 praebendam
408 2280 548 2313 aliquam
579 2280 747 2313 assignent.
778 2280 875 2313 (Rea.
907 2280 955 2312 25,
986 2280 1006 2307 f.
1039 2280 1096 2307 117
1126 2284 1172 2313 v⁰,

164 2327 213 2346 an.
253 2319 304 2351 IV,
339 2327 363 2347 c.
399 2319 461 2352 27.)

205 2407 216 2422 «
239 2418 268 2430 ..,
291 2396 404 2426 decano
441 2397 466 2425 el
487 2395 623 2434 capitulo
650 2395 936 2433 Maqdunensibus,
964 2395 1172 2426 Bituricensis

162 2448 301 2478 diocesis.
323 2448 513 2478 Affectionis
534 2451 667 2487 paterne
687 2448 831 2478 studium
852 2466 901 2477 —.
924 2449 1001 2478 Dat.
1023 2449 1169 2484 viterbii,

163 2501 307 2530 kalendis
332 2501 519 2535 decembris,
544 2510 629 2530 anno
652 2501 760 2530 tertio.
786 2512 797 2528 »

242 2648 329 2674 2438
620 2649 757 2681 Viterbe‚
771 2649 818 2675 1⁴2r
829 2649 992 2676 decembre
1012 2649 1088 2676 1257

203 2697 303 2724 Simili
315 2698 408 2724 modo
424 2698 541 2724 decano
557 2700 587 2724 et
602 2697 741 2731 capitulo
764 2698 910 2724 ecclesiae
930 2698 958 2725 S.
974 2698 1171 2731 Austregisili

163 2736 200 2762 de
229 2737 337 2764 Castro
366 2737 569 2764 Bituricensis
598 2738 730 2764 mandat
766 2739 801 2763 ut
831 2737 959 2763 Petrum
989 2738 1026 2763 de
1056 2737 1170 2769 Garda,

161 2778 313 2803 rectorem
340 2777 486 2803 ecclesiae
514 2777 552 2803 de
579 2777 713 2808 Vinolio,
740 2777 943 2803 Bituricensis
971 2777 1111 2809 diocesis,
1139 2778 1170 2803 in

162 2816 346 2842 canonicum
379 2818 409 2843 et
441 2817 472 2843 in
504 2816 633 2843 fratrem
665 2816 817 2850 recipiant
848 2816 938 2850 eique
958 2817 1170 2850 praebendam

162 2855 301 2888 aliquam
322 2856 490 2889 assignent.
512 2856 608 2889 (Res.
631 2856 679 2888 25,
699 2856 720 2882 f.
745 2856 810 2887 118,
832 2863 880 2883 an.
906 2856 958 2888 IV,
979 2856 1069 2889 c.28.)

203 2929 215 2944 (ι
245 2919 390 2952 ..,(Ιεεαηο
426 2921 452 2947 el
492 2919 627 2957 capitulo
676 2919 795 2948 ecclesie
834 2919 941 2948 Sancti
993 2918 1171 2957 Asliryisili

161 2966 197 2994 de
240 2966 346 2995 Castro
377 2967 593 2996 Bituricensis.
631 2967 821 2996 Affectionis
853 2970 987 3005 paterne
1024 2967 1169 2996 studium

161 3017 233 3043 etc..
265 3024 363 3054 usque
394 3015 425 3044 in
455 3015 564 3044 finem.
596 3028 607 3042 »

1371 399 1461 425 2⁴39
1747 399 1885 431 Viterbe‚
1897 399 1935 426 22
1946 399 2109 426 decembre
2130 399 2216 428 1857.

1330 447 1582 475 Translationem
1605 448 1814 481 quorumdam
1837 448 1990 474 bonorum
2013 448 2152 482 capitulo
2174 448 2300 482 Magde-

1291 487 1435 520 burgensi
1459 488 1499 514 ab
1522 488 1668 521 episcopo
1688 489 1719 514 et
1733 487 1872 521 capitulo
1890 487 2209 515 Halberstadensibus
2228 490 2299 522 post

1291 526 1447 561 Ludolphi
1468 528 1604 560 episcopi
1627 527 1855 560 depositionem
1877 527 1995 554 factam
2016 527 2192 555 confirmat.
2215 527 2297 555 nno.

1290 566 1338 598 25,
1362 567 1383 593 f.
1403 566 1470 598 118,
1486 574 1534 594 an.
1556 566 1608 598 1v,
1628 574 1652 594 c.
1673 567 1730 599 293
1747 566 1922 594 PorrnAsr
1937 566 2298 599 17122;Ron1-:N131‹:no‚

1290 609 1312 633 t.
1338 605 1397 637 111,
1422 608 1460 632 n⁰
1481 606 1549 633 472.

1331 716 1342 730 «
1369 705 1514 743 Capitulo
1539 704 1816 743 Maqdeburyensi.
1843 704 1914 734 Hiis
1940 714 2001 743 que
2026 705 2068 734 ab
2093 705 2297 735 ecclesiarum

1289 759 1349 786 etc.
1396 757 1477 787 Sane
1521 757 1636 796 petitio
1668 760 1775 787 vestra
1808 757 1900 787 nobis
1932 757 2075 787 exhibita
2109 758 2297 788 continebat

1290 810 1387 848 quod,
1440 810 1514 839 licet
1554 810 1653 840 felicis
1705 810 1935 839 recordationis
1992 810 2026 844 1.,
2084 819 2179 849 papa,
2226 819 2296 849 pre-

1290 863 1434 892 decessor
1470 866 1587 896 noster,
1636 865 1668 892 et
1716 872 1773 892 nos
1818 865 1891 901 post
1934 863 2035 892 latam
2087 863 2296 902 depositionis

1288 915 1483 944 sententiam
1520 916 1551 944 in
1588 915 1807 954 Ludulphum,
1845 915 1900 954 qui
1936 918 2015 945 tunc
2050 925 2108 954 pro
2144 915 2294 954 episcope

1289 967 1571 997 Halberstadensis
1589 968 1717 997 ecclesie
1735 977 1768 997 se
1785 969 1927 1006 gerebat,
1947 976 2058 998 omnes
2075 968 2296 1003 alienationes.

1287 1020 1534 1055 infeudationes,
1566 1021 1740 1050 locationes
1770 1024 1802 1050 et
1833 1023 2019 1050 contractus
2049 1021 2211 1060 quoslibet
2240 1030 2297 1060 per

1286 1073 1425 1102 eundem
1441 1073 1476 1102 L.
1495 1074 1533 1103 de
1550 1074 1672 1108 castris,
1690 1074 1783 1108 villis,
1801 1074 2053 1112 possessionibus
2069 1077 2102 1103 et
2118 1074 2188 1103 aliis
2204 1074 2296 1104 bonis

1285 1126 1326 1155 ad
1344 1126 1448 1164 ipsam
1471 1127 1637 1156 ecclesiam
1665 1127 1891 1165 spectantibus
1922 1127 1954 1156 in
1984 1127 2130 1166 ejusdem
2165 1127 2296 1157 ecclesie

1285 1179 1498 1217 prejudicium
1523 1179 1619 1209 initos
1644 1179 1711 1209 sive
1736 1179 1863 1209 habitos
1901 1180 2107 1209 decernentes
2131 1180 2238 1209 irritos
2262 1182 2295 1209 et

1284 1231 1404 1266 inanes,
1428 1241 1465 1261 ea
1488 1232 1595 1261 omnia
1618 1232 1658 1261 ad
1671 1232 1723 1271 jus
1737 1235 1770 1262 et
1791 1232 2023 1270 proprietatem
2045 1232 2144 1271 ipsius
2166 1232 2295 1262 ecclesie

1285 1284 1470 1314 duxerimus
1504 1285 1696 1319 revocanda,
1732 1285 1957 1315 nichilominus
1992 1288 2101 1315 tamen
2136 1285 2221 1315 idem
2255 1285 2291 1315 L.

1283 1338 1476 1367 comitatum
1492 1338 1548 1377 qui
1564 1338 1705 1368 Sehusen
1722 1338 1840 1367 dicitur
1854 1340 1887 1367 et
1902 1338 1965 1368 tria
1981 1340 2087 1368 castra
2114 1338 2155 1367 ad
2172 1338 2293 1368 dictam

1282 1390 1448 1420 ecclesiam
1471 1391 1653 1429 spectantia
1678 1390 1838 1420 nobilibus
1859 1391 1936 1420 viris
1960 1390 2103 1420 ,Iohanni
2117 1393 2150 1420 et
2167 1390 2292 1426 Ottoni.

1282 1443 1521 1473 marchionibus
1558 1443 1922 1482 Bramdeburgensibus,
1962 1443 2097 1482 receptis
2135 1444 2177 1473 ab
2215 1443 2292 1482 ipsis

1281 1496 1386 1526 tribus
1400 1496 1528 1526 milibus
1542 1505 1724 1526 marcarum
1734 1499 1767 1526 et
1778 1496 2023 1535 quadringentis
2032 1496 2148 1526 marcis
2156 1496 2292 1535 argenti.

1281 1549 1414 1588 capituli
1438 1549 1720 1579 Halberstadensis
1742 1549 1784 1579 ad
1807 1549 1839 1579 id
1858 1558 1921 1579 non
1939 1549 2111 1579 accedente
2125 1558 2292 1585 consensu,

1281 1602 1320 1631 de
1340 1601 1438 1637 facto,
1460 1611 1534 1631 cum
1555 1602 1594 1632 de
1613 1602 1684 1641 jure
1704 1602 1897 1641 nequiverit,
1919 1602 1951 1631 in
1972 1602 2105 1632 feudum
2127 1602 2203 1632 dare
2222 1611 2292 1641 pre-

1279 1655 1428 1693 sumpsit,
1457 1664 1582 1685 marcas
1609 1655 1694 1693 ipsas
1722 1655 1755 1684 in
1784 1664 1859 1684 usus
1887 1655 2032 1694 proprios
2061 1655 2291 1685 convertando.
2346 1672 2352 1675 —

1276 1699 1399 1737 'Verum
1441 1708 1632 1737 venerabilis
1683 1707 1784 1737 frater
1844 1710 1984 1743 noster..‚
2031 1707 2291 1738 Alberstadensis

1279 1760 1458 1799 episcopus,
1489 1763 1522 1790 et
1551 1760 1636 1790 idem
1667 1760 1846 1799 capitulum
1875 1761 2083 1790 attendentes
2114 1760 2201 1799 quod
2230 1760 2291 1799 ipsi

1279 1813 1473 1843 comitatum
1495 1815 1529 1843 et
1551 1815 1657 1843 castra
1680 1813 1793 1843 eadem
1817 1813 1855 1843 de
1877 1813 2020 1852 ipsorum
2044 1813 2200 1843 nobilium
2222 1822 2291 1843 ma-

1279 1866 1384 1900 nibus,
1404 1868 1536 1905 propter
1553 1875 1664 1896 eorum
1683 1866 1875 1905 potentiam,
1903 1866 2023 1905 eripere
2042 1875 2106 1896 non
2124 1866 2290 1901 valebant,

1279 1928 1468 1958 quanquam
1489 1919 1586 1949 iidem
1609 1918 1730 1948 nobiles
1771 1928 1867 1957 super
1887 1919 2093 1948 restitutione
2115 1918 2290 1949 comitatus

1277 1974 1311 2001 et
1344 1974 1524 2001 castrorum
1557 1972 1700 2010 ipsorum
1733 1972 1930 2002 auctoritate
1963 1971 2140 2010 apostolica
2173 1972 2290 2002 moniti

1276 2024 1398 2054 fuerint
1432 2024 1610 2064 diligenter,
1645 2024 1837 2054 comitatum
1871 2027 1905 2054 et
1938 2027 2043 2054 castra
2077 2024 2223 2063 predicta
2256 2024 2289 2054 in

1276 2079 1385 2107 vestra
1415 2077 1546 2107 ecclesia
1576 2077 1824 2111 transtulerunt,
1854 2077 1998 2116 prestitis
2034 2077 2227 2115 juramentis
2256 2079 2290 2107 et

1277 2130 1482 2161 cautionibus
1497 2130 1572 2160 hinc
1586 2130 1661 2160 inde
1675 2130 1828 2160 exhibitis
1843 2130 2039 2164 necessariis,
2054 2130 2256 2169 receptisque
2270 2139 2289 2160 a

1276 2183 1369 2213 vobis
1391 2185 1424 2213 et
1445 2185 1554 2213 vestra
1576 2183 1707 2212 ecclesia
1730 2183 1859 2212 nomine
1881 2183 1981 2221 ipsius
2003 2182 2289 2213 Halberstadensis

1276 2236 1406 2266 ecclesie
1427 2236 1554 2265 duobus
1575 2235 1645 2265 aliis
1666 2235 1780 2265 castris
1801 2238 1834 2265 et
1856 2236 1999 2274 quodam
2020 2244 2128 2265 annuo
2157 2235 2286 2265 redditu

1276 2298 1399 2319 necnon
1430 2291 1464 2318 et
1494 2291 1635 2327 quatuor
1665 2288 1795 2318 milibus
1826 2297 2008 2318 marcarum
2039 2291 2072 2317 et
2103 2288 2288 2327 quingentis

1274 2342 1390 2372 marcis
1416 2341 1552 2380 argenti,
1581 2349 1661 2380 quas
1689 2341 1767 2370 dicti
1793 2341 1962 2379 episcopus
1989 2343 2022 2370 et
2049 2341 2228 2379 capitulum
2253 2341 2287 2371 in

1273 2395 1467 2424 solutionem
1491 2394 1673 2424 debitorum
1696 2393 1821 2432 prefate
1843 2394 2126 2423 Halberstadensis
2157 2393 2286 2423 ecclesie

1273 2457 1335 2487 que
1365 2447 1620 2477 absorbebatur1
1633 2446 1665 2476 in
1682 2455 1851 2476 usurarum
1868 2447 2020 2485 voragine
2045 2448 2285 2476 converterunt.

1273 2501 1339 2530 Nos
1359 2500 1457 2539 igitur
1475 2500 1591 2529 vestris
1605 2498 1894 2537 supplicationibus
1912 2499 2068 2533 inclinati,
2089 2499 2176 2538 quod
2190 2507 2286 2537 super

1274 2554 1333 2583 hoc
1363 2553 1496 2592 provide
1526 2552 1650 2582 factum
1680 2554 1729 2581 est
1767 2554 1876 2581 ratum
1906 2552 2063 2581 habentes
2093 2554 2126 2581 et
2155 2553 2284 2590 gratum

1272 2606 1305 2635 id
1341 2605 1537 2636 auctoritate
1574 2605 1752 2643 apostoliea
1790 2604 2020 2634 confirmamus
2057 2607 2090 2634 et
2127 2603 2284 2643 presentis

1272 2659 1383 2697 scripti
1415 2658 1594 2696 patrocinio
1627 2657 1874 2687 communimus.
1908 2657 1995 2687 Nulli
2028 2659 2136 2686 nostre
2168 2656 2284 2686 confir-

1272 2712 1423 2742 mationis
1461 2713 1521 2740 etc.
1554 2710 1630 2740 Dat.
1669 2710 1814 2744 Viterbii,
1852 2710 1901 2739 XI
1931 2710 1993 2740 kal.
2024 2709 2174 2748 januarii.
2197 2718 2284 2739 anno

1273 2767 1400 2804 quarto.
1434 2775 1445 2790 υ

1308 2976 1331 3000 1.
1353 2976 1420 3005 Reg.
1446 2983 1451 2999 2
1477 2974 1667 3000 absolvebatur.
