2477 3512
972 269 1246 316 CINQUIEME
1271 271 1438 309 ANNEE
2218 284 2255 315 91

144 379 436 412 «conditionibus
465 380 679 421 acceptavit,
710 382 817 421 prout
844 380 879 411 in
909 380 1019 422 ipsius
1047 389 1153 421 super

143 434 238 465 «hoc
268 432 438 465 confectis
467 432 594 464 litteris
624 433 761 474 plenius
790 433 1004 465 continetur.
1036 432 1151 472 Quare

142 496 233 518 «nos
262 485 464 517 conferendi
491 485 568 527 ipsi,
598 485 740 516 nomine
767 485 897 526 prefati
924 485 965 517 E.
993 485 1057 516 filii
1085 485 1150 525 sui,

142 547 316 580 «regnum
350 538 550 580 predictum
585 537 698 570 Sicilie
732 538 908 570 habentes
941 538 986 570 ab
1020 538 1151 569 eisdem

143 603 157 621 (ι
171 591 313 623 (101111Πο
331 601 425 633 papa
443 593 479 622 et
495 590 666 622 fratribus
684 591 749 622 sub
767 590 870 623 certis
888 590 1151 622 conditionibus

143 644 366 686 «plenariam
395 645 624 686 potestatem,
654 644 740 675 illud
770 644 872 675 vobis
901 643 987 675 dicti
1016 638 1151 675 domini

143 697 260 738 «regis
278 696 566 738 procuratoribus
584 706 646 738 per
662 696 814 728 eundem
832 696 1017 728 dominum
1033 704 1151 737 regern

140 762 153 777 «
168 750 213 781 ad
235 750 300 781 hoc
321 749 521 791 specialiter
541 749 735 790 deputatis,
757 749 999 790 predictorum
1016 749 1151 780 domini

140 803 257 843 «regis
281 805 317 834 et
341 802 533 838 Edmundi,
558 802 622 833 filii
645 802 709 838 sui,
736 802 888 838 nomine,
913 802 958 834 ad
979 802 1149 833 honorem

140 858 204 887 «et
234 855 382 896 gloriam
414 854 674 896 Redemptoris,
707 855 964 886 exaltationem
996 854 1149 886 Ecclesie

139 920 151 936 «
167 918 206 940 ac
234 909 279 940 ad
306 917 430 949 pacem
457 910 493 940 et
520 907 676 949 quietem
703 907 813 948 ipsius
841 907 938 949 regni
964 907 1148 949 totiusque

139 961 288 1003 «populi
322 960 511 993 Christiani
545 960 782 997 concedimus,
816 960 921 1002 juxta
956 961 1051 1002 quod
1085 971 1148 993 nos

139 1023 238 1045 «una
281 1023 362 1045 cum
405 1013 667 1045 venerabilibus
711 1013 874 1055 patribus
918 1013 1061 1045 domino
1107 1014 1147 1046 O.

139 1066 289 1098 «Sancti
322 1066 470 1098 Adriani
504 1066 653 1098 diacono
688 1066 869 1104 cardinali,
906 1067 969 1099 Ph.
1006 1068 1147 1109 Lugdu-

139 1132 152 1148 ι(
167 1119 265 1151 1161151
288 1119 410 1156 electo,
437 1119 475 1151 P.
502 1119 752 1151 Herefordensi
776 1120 940 1162 episcopo
965 1123 1001 1151 et
1025 1120 1147 1152 nobilii

139 1173 232 1204 «bus
263 1172 347 1204 viris
379 1172 515 1204 Thoma
548 1173 590 1204 de
623 1172 802 1204 Sabaudia
833 1176 869 1204 et
900 1173 1006 1204 Petro
1038 1173 1147 1205 fratre

139 1225 254 1266 «ejus,
277 1225 535 1257 Richemundie
555 1226 755 1262 comitibus,
777 1235 817 1258 ac
830 1226 968 1258 dilectis
982 1226 1017 1258 111
1035 1226 1149 1258 Chris-

139 1281 203 1309 «to
236 1278 401 1310 Johanne
433 1278 578 1315 ManseL
613 1278 792 1320 preposito
822 1279 1080 1316 Bervalecensi,
1112 1282 1148 1311 et

139 1331 273 1363 «Petro
312 1331 527 1373 Cachaporo,
568 1331 816 1363 archidiacono
855 1332 1031 1370 Wellensi,
1072 1335 1147 1364 tam

138 1394 270 1426 «super
299 1384 455 1416 subsidio
486 1384 648 1416 faciendo
680 1384 725 1416 ad
756 1385 886 1426 prefati
916 1385 1012 1426 regni
1043 1394 1147 1426 nego-

139 1449 152 1465 «
166 1437 257 1468 tium
278 1438 577 1478 prosequendum,
599 1440 635 1468 et
656 1437 700 1468 ad
722 1439 1016 1475 consumandum,
1040 1448 1147 1480 quam

138 1489 273 1522 «etiam
302 1499 408 1531 super
434 1490 698 1521 conditionibus
725 1491 946 1532 apponendis
973 1493 1009 1522 et
1036 1501 1149 1522 remo-

139 1542 290 1574 «vendis
315 1542 558 1574 ordinavimus
582 1552 601 1574 a
627 1543 807 1584 sepedicta
833 1543 989 1575 Ecclesia
1014 1543 1048 1574 in
1073 1544 1148 1575 feu-

137 1595 249 1627 «dum
277 1595 322 1627 ab
350 1595 475 1627 eodem
503 1595 544 1627 E.
573 1598 609 1627 et
637 1595 713 1637 ejus
742 1596 930 1628 heredibus
959 1599 1147 1638 perpetum

136 1648 404 1680 «retinendum.
432 1648 487 1681 Ita
512 1651 633 1680 tamen
659 1650 765 1690 quod,
791 1649 819 1681 si
844 1649 960 1681 dictus
984 1650 1148 1681 dominus

139 1711 259 1743 «papa
284 1701 381 1742 regni
405 1701 565 1743 ejusdem
590 1702 817 1734 collationem
842 1705 1002 1734 nostram
1027 1703 1149 1745 hujus-

139 1767 151 1783 «
167 1755 263 1786 modi
281 1757 397 1786 ratam
415 1757 450 1786 et
467 1757 606 1796 gratam
625 1755 790 1787 habuerit
807 1765 847 1787 ac
865 1766 909 1787 ex
926 1758 1021 1788 certa
1039 1757 1150 1788 scien-

137 1822 149 1838 «
166 1807 215 1839 tia
243 1807 461 1849 presentium
486 1808 687 1839 litterarum
714 1811 874 1840 tenorem
901 1809 943 1840 de
968 1809 1076 1841 verbo
1104 1810 1148 1841 ad

137 1861 313 1892 «verbum
340 1860 413 1892 suis
439 1861 581 1893 duxerit
608 1861 735 1893 litteris
761 1862 999 1899 inserendum,
1027 1862 1148 1894 valida

136 1914 209 1945 «sit
231 1916 267 1945 et
290 1913 404 1951 firma,
429 1914 585 1955 alioquin
609 1924 707 1946 cassa
731 1917 767 1946 et
792 1915 891 1946 irrita
915 1915 1091 1947 habeatur
1113 1918 1148 1947 et

137 1979 148 1994 «
165 1966 293 1998 nullius
310 1966 452 2008 penitus
469 1967 514 1998 sit
532 1968 715 1999 momenti.
736 1968 774 1998 In
793 1970 1006 2010 perpetuum
1024 1971 1144 2000 autem

135 2019 408 2051 «testimonium
435 2020 686 2061 premissorum
714 2021 777 2054 has
805 2021 1040 2053 concessionis
1068 2032 1145 2063 pre-

135 2083 148 2100 α
164 2072 256 2104 dicte
294 2072 433 2104 litteras
472 2073 583 2104 nostri
622 2073 722 2114 sigilli
763 2073 958 2106 munimine
997 2075 1146 2107 fecimus

136 2125 331 2157 «roborari.
353 2125 436 2157 Dat.
456 2125 654 2163 Vindocini,
675 2137 767 2158 anno
781 2127 924 2158 Domini
950 2127 1144 2165 MCCLIII,

136 2191 149 2207 ι(
167 2178 200 2210 ΙΙ
226 2188 336 2210 nonas
359 2178 489 2216 martii,
521 2179 754 2220 pontificatus
779 2180 912 2211 domini
937 2180 1144 2218 Innocentii,

135 2241 253 2273 «pape
276 2231 394 2272 quarti
417 2241 510 2263 anno
534 2232 599 2264 XI.
626 2233 638 2251 1
660 2246 672 2260 >1

182 2296 194 2312 «
226 2284 379 2316 Predicti
410 2294 494 2316 vero
526 2288 772 2326 procuratores
803 2296 908 2328 super
939 2287 1144 2328 acceptione

137 2337 362 2369 «collationis
383 2337 587 2378 hujusmodi
608 2341 643 2370 et
665 2339 913 2371 observatione
933 2349 1054 2371 eorum
1076 2351 1144 2382 que

139 2390 395 2421 «continentur
431 2391 467 2421 in
504 2391 591 2432 ipsa,
631 2392 870 2424 exhibuerunt
895 2393 981 2424 mihi
1005 2393 1143 2425 litteras

138 2443 200 2474 «in
224 2443 316 2474 hunc
340 2444 485 2475 modurn
510 2454 516 2475 ;

559 2546 730 2580 VcndOme,
753 2548 770 2574 6
793 2555 875 2575 mars
900 2548 975 2574 1254
997 2556 1061 2575 11.5.

184 2612 195 2626 «
227 2599 425 2631 Venerabili
454 2600 489 2631 in
520 2601 657 2632 Christo
688 2602 781 2643 patri
811 2602 954 2634 domino
984 2603 1141 2640 Alberto,

139 2652 299 2683 «domini
335 2663 425 2694 pape
461 2654 609 2690 notario,
647 2655 847 2695 Apostolice
883 2656 980 2687 Sedis
1014 2656 1142 2697 legato,

141 2705 349 2737 «Johannes
384 2707 425 2737 de
460 2707 646 2738 Amblione
682 2708 836 2740 decanus
861 2709 980 2740 Sancti
1006 2710 1144 2742 ΛΜΗ-66

141 2758 210 2789 «de
251 2759 440 2796 Sabaudia,
481 2760 639 2801 ejusdem
681 2761 813 2792 domini
853 2762 1066 2803 capellanus,
1110 2766 1145 2795 ct

173 2884 193 2904 1.
213 2884 246 2904 Le
260 2884 284 2904 11
297 2884 339 2905 des
353 2890 429 2904 nones
441 2884 471 2904 de
483 2890 550 2904 mars
562 2885 592 2905 dc
606 2886 626 2905 111
640 2886 750 2905 omit-me
763 2886 841 2906 annee
853 2886 886 2906 du
899 2887 1031 2911 pontificat
1044 2888 1146 2908 d'lnno-

140 2921 196 2940 cent
216 2920 249 2940 lv
266 2920 415 2944 correspond
433 2925 464 2939 au
483 2920 497 2940 6
515 2925 580 2941 mars
600 2921 668 2943 125⁴.
686 2922 708 2940 vt
729 2921 746 2940 si
765 2926 791 2940 ce
808 2921 944 2942 document
962 2924 1032 2947 porte·
1050 2923 1145 2943 l'annce

139 2956 209 2979 1233,
225 2956 284 2975 c'est
301 2955 471 2975 ‹2x·id‹·mmcnt
487 2957 547 2980 qu'il
563 2963 575 2976 ιι
593 2956 632 2976 cte
648 2956 706 2976 date
722 2956 820 2980 (Papi-es
836 2957 857 2976 le
874 2957 937 2981 style
953 2957 983 2977 de
1002 2958 1097 2982 Pamin-s
1114 2965 1145 2978 on

139 2991 200 3012 celui
215 2991 245 3011 (le
259 2990 470 3011 l'Annonciation.
486 2990 597 3012 Banu-ne
611 2998 642 3011 au
657 2991 722 3016 style
737 2991 862 3015 modernc,
877 2992 893 3012 il
907 2994 945 3012 est
959 2992 1014 3013 bien
1030 2993 1059 3013 (le
1078 2994 1146 3013 1254.

1259 381 1454 421 «magister
1479 382 1604 413 Petrus
1629 382 1670 413 de
1696 382 1821 423 Ugnia,
1847 384 1960 416 clerici
1985 386 2140 417 domini..
2166 387 2259 419 illus-

1259 433 1348 464 «tris
1372 434 1460 474 regis
1483 435 1617 474 Anglie,
1643 435 1793 466 salutem
1817 447 1896 468 cum
1920 439 2115 470 reverentia
2139 440 2258 471 debita

1258 498 1270 513 «
1285 488 1320 517 et
1346 486 1487 517 devota.
1515 488 1602 517 (jum
1628 488 1791 519 dominus
1816 499 1908 530 papa
1934 500 1995 531 per
2018 501 2099 522 suas
2123 492 2258 523 litteras

1259 539 1453 580 «speciales
1497 542 1532 570 et
1577 549 1638 580 per
1681 550 1736 571 me
1780 541 1992 579 Johannem,
2038 544 2258 585 capellanum

1258 604 1269 619 α
1285 601 1399 628 51111111,
1428 592 1570 623 domino
1600 602 1676 623 meo
1703 593 1828 624 illustri
1856 595 1925 634 regi
1952 595 2086 636 Anglie,
2114 604 2259 637 regnum

1258 657 1270 672 «
1286 644 1397 675 Sicilie
1416 645 1555 676 nomine
1573 645 1775 677 Eadmundi
1797 647 1884 687 (sic)
1902 648 1964 678 filii
1980 648 2043 684 sui,
2062 648 2258 686 obtulisset,

1258 709 1270 725 «
1286 697 1401 728 dictus
1444 698 1608 729 (lominus
1650 708 1722 735 rex,
1766 700 1944 731 oblatione
1986 701 2081 742 regni
2113 702 2260 743 predicti

1257 750 1425 782 «nomine
1446 750 1555 792 ipsius
1577 751 1617 782 E.
1640 752 1715 783 nati
1736 752 1799 789 sui,
1822 753 1886 783 sub
1909 753 2122 794 quibusdam
2143 755 2261 786 condi-

1256 803 1441 834 «tionibus
1474 806 1672 845 acceptata,
1708 808 1813 846 prout
1847 805 1882 836 in
1916 806 2024 847 ipsius
2059 817 2162 848 super
2196 808 2260 839 hoc

1256 856 1452 887 «confectis
1490 856 1618 888 litteris
1657 857 1794 899 plenius
1832 858 2044 895 continetur,
2085 869 2157 896 nos,
2198 870 2260 901 pro

1256 909 1482 950 «receptione
1510 910 1607 951 regni
1635 910 1794 952 ejusdem
1823 911 1963 942 nomine
1992 912 2139 952 predicti
2168 912 2262 944 Ead-

1256 962 1417 999 «mundi,
1440 972 1529 1003 quos
1549 966 1694 1004 propter
1714 963 1779 995 hoc
1800 963 1893 994 idem
1914 974 1975 994 rex
1996 974 2076 995 suos
2098 974 2261 1005 procura-

1256 1027 1268 1042 «
1283 1017 1376 1046 tores
1399 1016 1586 1047 constituit
1610 1016 1777 1058 speciales
1800 1017 1844 1047 ad
1868 1020 2025 1048 vestram
2048 1017 2262 1058 presentiam

1255 1068 1488 1099 «destinavit.
1533 1069 1636 1100 Unde
1679 1079 1753 1106 vos,
1797 1069 1957 1110 ejusdem
2000 1070 2132 1101 domini
2174 1071 2262 1112 regis

1255 1120 1408 1152 «litteris
1431 1131 1536 1162 super
1559 1122 1763 1163 hujusmodi
1787 1122 2032 1164 acceptatione
2056 1123 2141 1154 dicti
2164 1123 2259 1164 regni

1256 1174 1443 1215 «receptis,
1474 1175 1653 1216 prefatum
1688 1184 1835 1216 regnum
1872 1175 1972 1207 nobis
2008 1175 2093 1207 dieti
2129 1176 2261 1207 domini

1255 1227 1371 1268 «regis
1397 1229 1433 1258 et
1459 1227 1619 1268 ejusdem
1647 1228 1687 1259 E.
1716 1228 1779 1259 tilii
1805 1228 1858 1259 sui
1886 1228 2038 1265 nomine,
2066 1228 2131 1260 sub
2158 1229 2261 1260 certis

1255 1280 1546 1312 «conditionibus
1570 1281 1781 1318 contulistis,
1807 1281 1899 1313 sicut
1923 1291 1984 1323 per
2008 1284 2145 1312 vestras
2168 1281 2262 1313 litte-

1256 1344 1267 1360 «
1282 1342 1338 1363 ras
1360 1343 1466 1374 super
1488 1334 1692 1374 hujusmodi
1715 1335 1902 1366 collatione
1925 1335 2039 1366 saetas
2061 1334 2261 1366 evidentius

1256 1386 1560 1418 «demonstratur.
1594 1387 1667 1418 Nos
1698 1387 1830 1428 itaque.
1864 1387 2077 1419 confitentes
2109 1397 2127 1419 a
2160 1387 2261 1419 vobis

1256 1439 1483 1480 «predictum
1512 1448 1659 1480 regnum
1687 1440 1846 1481 ejusdem
1876 1440 2079 1471 Eadmundi
2108 1440 2260 1477 nomine,

1255 1503 1268 1519 α
1282 1492 1347 1523 5111)
1368 1492 1433 1523 11115
1452 1493 1715 1524 conditionibus
1735 1503 1802 1534 que
1823 1493 1988 1534 predictis
2007 1493 2133 1524 vestris
2153 1503 2262 1524 anno-

1256 1547 1408 1575 «tantur
1447 1546 1575 1577 litteris
1614 1546 1795 1587 recepisse,
1838 1546 2080 1587 promittimus
2120 1546 2260 1578 nomine

1256 1598 1522 1639 «predictorum
1547 1599 1679 1629 domini
1702 1599 1791 1639 regis
1813 1602 1849 1630 et
1872 1599 2087 1635 Eadmundi,
2112 1608 2152 1630 ac
2175 1598 2262 1630 obli-

1256 1658 1406 1691 «gamus
1427 1652 1569 1682 eosdem
1591 1651 1775 1683 dominum
1796 1660 1913 1692 regem
1934 1654 1969 1683 et
1990 1659 2137 1692 regnum
2158 1660 2262 1682 suum

1256 1716 1267 1731 «
1283 1706 1318 1735 et
1352 1704 1607 1735 Eadmundum
1641 1705 1735 1746 quod
1769 1707 1951 1736 assument
1983 1703 2080 1745 regni
2112 1703 2261 1745 predicti

1255 1757 1464 1797 «negotium
1492 1756 1640 1788 viriliter
1667 1760 1700 1789 et
1730 1760 1905 1799 potenter,
1936 1757 2101 1798 quodque
2130 1756 2261 1788 facient

1256 1813 1315 1840 «et
1345 1809 1641 1851 inrefragabiliter
1668 1811 1910 1842 observabunt
1939 1810 2102 1841 universa
2130 1812 2166 1841 et
2194 1809 2264 1841 sin-

1255 1875 1267 1890 «
1282 1862 1363 1903 gula
1389 1872 1456 1903 que
1481 1872 1542 1904 per
1566 1873 1629 1895 vos
1653 1866 1690 1894 et
1713 1863 1931 1895 venerabiles
1956 1866 2075 1904 patres
2100 1862 2261 1894 dominos

1256 1915 1519 1952 «Ottobonum,
1551 1916 1671 1948 Sancti
1700 1916 1847 1948 Adriani
1885 1916 2074 1948 diaconum
2102 1916 2262 1949 cardina-

1254 1968 1360 2004 «lem,
1387 1971 1423 1999 et
1450 1969 1513 2000 Ph.
1541 1969 1813 2010 Lugdunensem
1839 1969 2002 2006 electum,
2031 1970 2068 2001 P.
2097 1970 2261 2002 Herefor-

1255 2023 1425 2054 «densem
1455 2022 1670 2064 episcopum,
1701 2025 1735 2054 et
1767 2023 1964 2053 carissimos
1994 2023 2155 2054 dominos
2183 2033 2262 2055 nos-

1254 2078 1354 2107 «tros
1382 2076 1557 2107 Thomam
1586 2076 1627 2106 (le
1658 2075 1835 2106 Sabaudia
1864 2078 1897 2106 et
1930 2076 2084 2112 Petrum,
2114 2076 2260 2107 fratrem

1251 2130 1365 2172 «ejus,
1406 2128 1662 2160 Richemundie
1699 2129 1857 2163 comites,
1888 2138 1927 2159 ae
1965 2129 2058 2159 viros
2095 2128 2262 2170 providos

1253 2183 1442 2215 «dominos
1473 2182 1675 2213 Johannmn
1706 2182 1851 2218 Mansel,
1883 2182 2103 2223 prepositum
2130 2181 2262 2213 Berva-

1252 2237 1455 2269 «lacensem
1483 2237 1519 2268 et
1546 2237 1583 2268 P.
1612 2235 1827 2277 Cachaporo,
1856 2235 2144 2266 archidiaconum
2171 2234 2262 2266 Wel-

1252 2291 1422 2328 «lensem,
1448 2294 1524 2322 tam
1548 2300 1653 2332 super
1676 2289 1832 2321 subsidio
1857 2288 2018 2320 faciendo
2042 2288 2087 2319 ad
2112 2287 2261 2329 predicti

1251 2344 1375 2386 «regni
1398 2344 1579 2385 negotium
1601 2342 1886 2384 prosequendum
1907 2344 1943 2372 et
1964 2342 2258 2377 consumandum,

1252 2407 1387 2439 «quam
1415 2397 1524 2428 etiam
1553 2406 1658 2437 super
1685 2394 1948 2426 conditionibus
1977 2394 2197 2435 apponendis
2225 2396 2260 2424 et

1251 2450 1502 2482 «removendis
1531 2449 1703 2481 duxeritis
1732 2448 1981 2479 ordinandum
2015 2447 2053 2478 In
2083 2447 2184 2488 cujus
2212 2446 2259 2477 rei

1250 2503 1524 2535 «testimonium
1562 2504 1741 2544 presentes
1777 2501 1915 2532 litteras
1951 2500 2144 2539 sigillorum
2182 2510 2259 2530 nos-

1247 2560 1411 2588 «trorum
1437 2556 1631 2587 munimine
1656 2555 1804 2586 fecimus
1829 2554 1997 2585 roborari.
2018 2554 2100 2584 Dat.
2128 2553 2259 2584 Vindo-

1249 2611 1356 2647 «cini,
1391 2619 1484 2641 anno
1519 2608 1653 2639 domini
1688 2608 1776 2639 MCC
1812 2606 2105 2648 quinquagesimo
2141 2605 2256 2637 tertio,

1251 2677 1263 2693 «
1283 2664 1316 2695 II
1343 2672 1465 2699 nonas,
1495 2662 1613 2693 martii
1640 2661 1874 2702 pontificatus
1901 2659 2034 2690 domini
2064 2658 2259 2689 Innoccnlii

1251 2730 1262 2745 a
1280 2726 1369 2758 pape
1394 2715 1512 2756 quarti
1537 2725 1629 2746 anno
1655 2713 1841 2745 undecimo
1865 2725 1877 2741 »
1899 2713 1922 2744 ¹.

1296 2782 1308 2797 <‹
1333 2767 1526 2809 Completis
1549 2767 1657 2808 igitur
1681 2767 1869 2798 collatione
1894 2768 1929 2797 et
1954 2765 2157 2806 acceptione
2185 2774 2259 2805 pre-

1251 2836 1262 2851 «
1279 2822 1393 2858 dictis,
1419 2821 1597 2862 predictus
1621 2830 1680 2851 rex
1704 2829 1765 2861 pro
1789 2819 1965 2850 dictorum
1988 2817 2258 2849 confirmatione

1250 2889 1261 2904 «
1277 2878 1312 2907 et
1336 2883 1398 2914 ego
1423 2874 1661 2905 insinuatione
1686 2875 1930 2913 procuratores
1954 2875 1986 2903 et
2014 2871 2157 2902 nuntios
2182 2871 2258 2902 des-

1283 2993 1304 3013 1.
1323 2993 1361 3013 Au
1378 2992 1442 3016 sujet
1459 2992 1489 3012 dc
1505 2993 1571 3011 cette
1587 2992 1653 3014 date.
1671 2991 1724 3011 voir
1740 2991 1762 3011 la
1777 2992 1835 3011 noto
1851 2990 2003 3014 precedente.
