2477 3512
963 264 1237 312 CINQUIEME
1264 266 1430 304 ΑΝΝΕΕ
2212 274 2255 306 87

136 376 177 402 ad
192 375 404 409 provisionem
421 375 458 401 de
475 374 580 408 aliquo
596 374 748 401 beneficio
765 374 866 401 Alano
882 374 1004 401 Britoni
1021 374 1146 401 clerieo.

134 419 312 446 taciendam
329 426 385 453 per
402 426 565 445 censuram
583 418 826 445 ecclesiasticam
845 419 1024 452 compellat.
1044 419 1136 452 (ΒΕΘ

134 464 184 496 25,
202 464 222 490 f.
242 463 312 496 233,
330 471 379 490 an.
397 463 435 495 V,
453 471 478 490 c.
499 463 582 496 255.)

180 554 194 571 <z
213 541 351 579 Jolano,
374 542 536 573 canonico
558 540 690 572 ecclesie
711 541 749 572 de
770 541 927 583 Leproso,
950 541 1144 573 Bilzzricen—

133 595 182 627 sis
205 595 360 626 diocesis.
387 595 456 626 Sua
482 595 582 626 nobis
608 594 757 626 dilectus
780 614 834 626 —.
862 595 944 626 Dat.
970 595 1141 635 Anagnie,

134 648 164 679 V
184 648 263 679 idus
285 648 497 684 novembris,
523 657 616 679 anno
639 647 776 689 quinto.
799 661 812 677 »

212 796 301 822 3029
666 798 800 831 Anagni,
826 798 861 824 15
884 798 947 825 mai
972 798 1058 825 1259.

174 849 316 881 Matheo,
336 850 479 884 episcopo
498 850 644 884 Trojano,
663 851 803 884 indulget
822 853 856 877 ut
876 852 1030 885 quosdam
1049 858 1143 877 cano-

132 894 256 920 nicatus
268 895 298 920 ct
309 894 503 928 praebendas
520 902 573 921 seu
585 895 778 921 beneficiam
791 896 948 928 aliquibus
967 896 1140 922 diocesibus

134 938 268 965 retinere
289 938 406 965 valeat.
430 938 527 972 (Rea.
544 938 593 971 25,
610 939 631 965 f.
650 940 718 971 233,
736 947 786 966 an.
804 939 842 972 V,
861 947 886 966 c.
905 939 987 974 256.)

177 1042 189 1059 «
208 1031 359 1067 Matheo,
381 1029 539 1071 episcopo
563 1030 725 1072 Trojano.
747 1030 830 1061 Tuis
853 1031 992 1062 devotis
1013 1030 1148 1071 suppli-

129 1083 330 1115 cationibus
362 1093 506 1115 assensu
539 1084 702 1115 benivolo
736 1086 998 1120 concurrentes,
1035 1084 1143 1115 devo-

129 1137 218 1181 tioni
250 1139 309 1168 tue
341 1136 573 1168 canonicatus
598 1140 634 1168 et
661 1137 858 1178 prebendas
885 1147 944 1167 seu
972 1136 1143 1168 beneficia

130 1199 197 1232 que
224 1190 259 1221 in
287 1189 453 1221 VVellensi
474 1192 510 1221 et
540 1190 575 1221 in
607 1190 854 1226 AntlionicnsL
879 1189 1144 1221 Cameracensis

130 1243 288 1280 diocesis,
312 1242 433 1274 Sancti
456 1242 590 1280 Rasmi,
613 1246 649 1274 et
671 1243 793 1275 Sancti
814 1243 945 1280 Leneii,
968 1243 1143 1274 Verulane

128 1296 286 1328 civitatis
327 1298 363 1327 et
399 1295 546 1327 diocesis
582 1296 736 1328 ecelesiis
770 1295 920 1332 obtines,
959 1295 1143 1327 ecclesiam

129 1358 271 1391 quoque
313 1349 356 1380 de
395 1348 582 1385 Bercham,
626 1349 861 1381 Norwicensis
905 1349 1062 1385 diocesis,
1106 1351 1142 1381 et

129 1402 258 1434 Sancte
280 1401 389 1433 Marie
413 1402 456 1433 de
478 1402 577 1434 Valle
598 1402 757 1438 Babucii,
783 1401 958 1433 Verulane
982 1401 1141 1439 diocesis,

128 1455 203 1488 sive
236 1464 358 1487 curam
392 1455 550 1486 habeant
583 1464 761 1486 annexam
799 1454 1032 1496 [animarum]
1067 1454 1141 1486 sive

128 1518 210 1545 non,
234 1517 302 1549 que
323 1507 499 1549 siquidem
520 1517 602 1539 cum
623 1507 733 1539 felicis
755 1507 1012 1539 recordationis
1037 1507 1141 1538 Inno-

129 1560 267 1593 centius
295 1569 389 1602 papa
416 1560 640 1602 predecessor
667 1563 797 1597 noster,
824 1563 861 1591 te
888 1559 1031 1592 ecclesie
1057 1559 1142 1591 Tro-

127 1614 210 1655 iane
230 1623 294 1655 per
314 1613 487 1645 dilectum
507 1613 622 1644 filium
644 1615 806 1645 nostrum
829 1613 867 1644 P.
891 1613 1012 1645 Sancti
1035 1612 1141 1645 Geor-

127 1667 174 1709 gii
205 1667 251 1698 ad
284 1665 413 1698 Velum
444 1666 603 1698 Aureum
635 1666 825 1698 diaconum
858 1665 1073 1698 cardinalem
1104 1666 1141 1697 in

127 1722 308 1762 pastorem
340 1718 426 1751 fecit
458 1719 592 1761 prefici,
627 1719 826 1755 obtinebas,
861 1729 942 1751 cum
975 1718 1141 1751 omnibus

127 1782 250 1805 eorum
283 1772 422 1813 juribus
458 1772 503 1804 ad
538 1772 653 1804 instar
687 1772 848 1813 ejusdem
883 1771 1140 1814 predecessoris

128 1825 295 1858 duximus
315 1825 532 1857 auctoritate
552 1825 771 1867 presentium
791 1826 1016 1862 reservanda,
1038 1828 1079 1857 ut
1099 1835 1140 1858 ea

127 1888 209 1911 curn
237 1878 446 1920 episcopatu
475 1878 630 1919 Trojano
659 1878 754 1910 licite
783 1888 824 1910 ac
852 1878 960 1910 libere
988 1878 1140 1910 retinere

127 1931 257 1969 valeas,
298 1930 529 1973 ipsorumque
570 1934 767 1973 proventus
807 1931 987 1973 percipere
1029 1932 1140 1964 donec

126 1985 237 2026 ipsius
267 1984 495 2027 episcopatus
524 1984 715 2026 pacificam
744 1984 852 2016 fueris
883 1985 1139 2027 possessionem

127 2038 291 2079 adeptus,
318 2037 576 2069 constitutione
602 2037 773 2079 generalis
799 2037 937 2069 concilii
964 2048 1034 2069 non
1060 2038 1141 2070 obs-

126 2093 239 2127 tante,
270 2090 499 2122 decernentes
527 2090 668 2122 irritum
697 2093 734 2122 et
761 2091 867 2123 inane
897 2091 1066 2133 quicquid
1096 2092 1140 2123 de

127 2143 306 2186 premissis
333 2143 513 2175 beneficiis
560 2146 684 2176 contra
712 2144 990 2176 reservationem
1018 2144 1141 2185 hujus-

127 2196 224 2228 modi
243 2205 305 2238 per
325 2205 569 2238 quoscumque
589 2197 779 2238 contigerit
798 2197 1022 2239 attemptari.
1044 2197 1142 2239 Nulli

127 2252 247 2282 nostre
263 2249 513 2281 reservationis
530 2252 597 2282 etc.
617 2250 701 2282 Dat.
719 2250 890 2293 Anagnie,
910 2250 1027 2282 idibus
1045 2250 1141 2291 maii,

127 2312 220 2334 anno
244 2301 381 2343 quinto.
408 2314 420 2331 ι)

207 2451 295 2477 3030
573 2452 709 2485 Anagni‚
732 2453 749 2479 9
773 2453 946 2480 novembre
970 2453 1057 2480 1259.

168 2505 323 2538 Episcopo
347 2504 493 2530 Wellensi
516 2505 547 2531 et
568 2505 786 2538 Bathoniensi,
809 2513 846 2532 ac
869 2506 1019 2539 magistro
1044 2507 1137 2534 Petro

127 2549 165 2576 de
184 2549 328 2583 Piperno,
348 2548 508 2582 capellano
528 2550 711 2583 apostolico,
731 2551 864 2577 mandat
884 2552 919 2577 ut
938 2551 1136 2584 praedictum

126 2592 309 2627 episcopum
333 2592 507 2626 Trojanum
531 2601 594 2619 non
618 2594 807 2627 permittant
832 2602 926 2628 super
949 2594 1139 2621 canonicatu

127 2639 158 2664 et
181 2637 363 2671 praebenda
382 2637 588 2664 Wellensibus
607 2640 637 2665 et
656 2639 783 2665 ecclesia
803 2639 840 2665 de
857 2639 1011 2665 Bercharn
1029 2640 1139 2665 contra

126 2681 371 2708 reservationem
390 2681 430 2707 ab
448 2681 515 2715 ipso
534 2689 618 2715 papa
636 2683 765 2714 factam,
784 2683 824 2709 ab
843 2683 948 2716 aliquo
968 2683 1137 2710 molestari.

126 2726 223 2759 (Rae.
241 2726 290 2758 25,
308 2726 330 2752 f.
349 2725 408 2753 233
425 2729 472 2758 νο,
490 2733 540 2753 an.
559 2727 596 2758 V,
614 2727 687 2760 d.c.)

174 2827 187 2843 «
209 2839 229 2847 ..
252 2815 410 2857 episcopo
433 2815 594 2847 Wellcnsi
616 2818 645 2848 el
666 2817 904 2854 Ballioniensi,
927 2818 955 2848 et
976 2817 1139 2857 maffl'stro

127 2868 225 2900 Petro
249 2868 288 2900 de
311 2868 474 2910 Piperno,
500 2869 675 2910 capellano
699 2873 811 2902 noslro
837 2870 872 2901 in
898 2869 1028 2911 AnsJIia
1052 2879 1139 2901 com-

126 2921 284 2953 moranti.
322 2922 648 2964 Supplicationibus
684 2923 894 2955 venerabilis
930 2923 1048 2954 fratris
1084 2941 1138 2953 Α.

127 2974 210 3006 Dat.
235 2977 274 3006 ut
297 2975 332 3006 in
355 2975 435 3007 alia.
460 2989 472 3003 >a

1333 376 1415 401 3031
1786 378 1919 410 Anagni,
1942 379 1977 404 21
2002 378 2064 405 mai
2088 379 2174 405 1260.

1293 429 1420 455 Cantori
1438 431 1465 456 et
1486 430 1634 462 magistro
1650 430 1892 457 Bartholomaeo
1904 431 1942 457 de
1954 431 2094 463 Mantua,
2107 433 2255 459 canonico

1253 472 1477 505 Cameracensi‚
1497 474 1629 500 mandat
1649 475 1684 500 ut
1703 473 1869 505 Balduino‚
1889 475 2083 508 presbytero,
2104 476 2252 502 canonico

1253 516 1397 543 ecclesiae
1434 517 1668 549 Anthoniensis,
1706 518 1935 544 Cameracensis
1972 519 2111 550 diocesis,
2148 528 2255 546 omnes

1251 560 1372 587 tructus
1395 563 1425 588 et
1447 563 1619 595 proventus
1642 562 1837 595 praebendae
1861 562 1919 588 sibi
1940 569 2103 589 concessae
2127 565 2157 589 et
2181 571 2256 597 quo-

1249 605 1388 631 tidianas
1407 605 1643 632 distributiones
1663 605 1833 632 ministrari
1852 606 1969 632 faciant
1990 607 2047 632 sub
2068 607 2256 634 residentiae

1250 649 1438 676 conditione.
1459 650 1555 683 (ΒΕΘ.
1577 649 1626 681 25,
1644 649 1664 676 f.
1685 650 1742 676 233
1761 654 1807 681 v0,
1827 658 1876 676 an.
1897 650 1933 682 V,
1953 658 1977 677 c.
1997 651 2079 683 257.)

1294 758 1305 773 «
1332 771 1350 777 ..
1377 747 1506 777 (Ἡιιίονῐ
1531 747 1560 777 et
1583 746 1746 787 lnayislro
1772 747 2002 779 Bartholomm
2029 749 2067 779 (Ie
2092 749 2257 792 Mantua,

1248 799 1409 830 canonico
1438 800 1685 831 (latuerat-ensi.
1716 800 1886 841 Exposuit
1918 802 2017 832 nobis
2045 803 2255 834 venerabilis

1248 852 1358 883 frater
1388 855 1507 884 noster
1537 853 1583 884 M.
1615 853 1790 894 Trojanus
1820 854 2015 895 episcopus,
2049 856 2143 895 quod
2175 865 2255 887 cum

1250 904 1359 936 felicis
1390 906 1643 937 recordationis
1678 906 1702 937 I.
1735 916 1839 947 papa,
1873 906 2096 947 predecessor
2127 910 2256 945 noster,

1250 961 1286 990 et
1315 968 1379 990 nos
1407 959 1604 1000 prebendas
1632 962 1667 990 et
1697 959 1868 991 beneficia
1898 969 1965 1000 que
1994 960 2191 997 obtinebat,
2222 963 2257 992 et

1250 1011 1328 1053 jura
1358 1022 1426 1053 que
1454 1012 1707 1053 competebant
1736 1012 1801 1043 sibi
1830 1022 1874 1043 ex
1902 1013 2102 1053 receptione
2130 1022 2193 1045 sua
2221 1013 2256 1044 in

1252 1065 1465 1107 quibusdam
1482 1065 1635 1097 ecclesiis
1651 1068 1735 1097 ante
1751 1066 2011 1107 promotionem
2029 1076 2129 1097 suam
2147 1067 2257 1098 donec

1251 1118 1438 1159 pacificam
1472 1119 1729 1159 possessionem
1761 1119 1815 1149 sui
1848 1119 2073 1160 episcopatus
2106 1119 2257 1160 adeptus

1250 1170 1368 1207 fuerit,
1400 1171 1466 1202 sibi
1498 1171 1702 1203 duxerimus
1726 1172 1968 1208 reservandas
1995 1172 2141 1203 tandem
2166 1172 2258 1204 inter

1249 1224 1367 1265 ipsum
1408 1226 1445 1256 et
1485 1224 1712 1260 Balduinum,
1758 1225 2003 1266 presbiterum,
2047 1226 2257 1257 canonicum

1250 1276 1392 1309 ecclesie
1412 1277 1675 1314 Anthoniensis,
1697 1278 1958 1309 Cameracensis
1977 1278 2133 1315 diocesis,
2153 1288 2258 1320 super

1250 1330 1429 1372 prebenda
1457 1340 1524 1371 que
1552 1340 1613 1372 per
1639 1332 1791 1362 mortem
1817 1329 1988 1368 walterii,
2017 1331 2140 1362 decani
2166 1331 2258 1372 ejus-

1250 1383 1330 1414 dem
1375 1383 1528 1420 ecclesie,
1575 1384 1720 1415 vacavit
1763 1384 1907 1420 ibidem,
1954 1393 2063 1425 quam
2108 1387 2257 1426 uterque

1249 1436 1405 1478 ipsorum
1444 1436 1489 1467 ad
1527 1446 1562 1468 se
1601 1439 1760 1478 spectare
1799 1437 1951 1474 dicebat,
1991 1439 2068 1469 orta
2107 1437 2256 1469 materia

1249 1489 1455 1531 questionis,
1484 1489 1633 1521 dilectus
1660 1490 1753 1521 silius
1780 1490 1892 1521 Jacob
1923 1490 2012 1531 (sic)
2037 1490 2079 1522 de
2105 1490 2255 1528 Sabello,

1248 1542 1454 1583 capellanus
1476 1544 1604 1580 noster,
1628 1552 1733 1584 quem
1754 1543 1789 1574 in
1810 1553 1915 1575 causa
1936 1543 2141 1584 hujusmodi
2162 1543 2259 1575 dedi-

1249 1604 1328 1626 mus
1365 1594 1528 1636 partibus
1566 1595 1777 1631 auditorem,
1818 1596 1967 1637 cognitis
2005 1596 2116 1637 ipsius
2152 1605 2256 1628 cause

1249 1647 1396 1679 meritiis
1418 1650 1453 1679 et
1475 1647 1562 1689 juris
1585 1648 1706 1680 ordine
1729 1649 1929 1685 observato,
1955 1648 2088 1680 dictam
2110 1648 2257 1690 preben-

1249 1700 1332 1732 dam
1359 1700 1620 1732 sententialiter
1645 1701 1685 1732 B.
1715 1701 1913 1743 ajudicavit
1940 1701 2065 1738 eidem,
2094 1703 2257 1733 statuens

1247 1755 1283 1785 et
1318 1753 1498 1786 diffiniens
1531 1754 1747 1786 auctoritate
1781 1757 1902 1787 nostra
1936 1764 1998 1796 pro
2033 1754 2126 1786 bono
2160 1754 2257 1796 pacis

1248 1809 1288 1837 ut
1317 1806 1476 1848 prefatus
1502 1808 1543 1839 B.
1573 1807 1804 1839 medietatem
1832 1808 2015 1839 fructuum
2043 1810 2079 1839 et
2107 1817 2257 1849 proven-

1246 1861 1351 1891 tuum
1391 1860 1501 1901 ipsius
1543 1861 1719 1902 prebende
1763 1860 1942 1902 persolvat
1982 1860 2049 1902 ipsi
2090 1860 2255 1903 episcopo

1247 1913 1445 1950 annuatim,
1476 1913 1585 1945 donec
1616 1914 1732 1945 dictus
1759 1914 1944 1955 episcopus
1973 1913 2191 1954 prebendam
2219 1913 2254 1944 in

1247 1966 1371 1997 eadem
1392 1966 1547 2004 ecclesia,
1568 1967 1673 2008 juxta
1694 1969 1854 1999 tenorem
1875 1967 2036 1999 mandati
2057 1965 2253 2008 apostolici,

1246 2018 1354 2050 fuerit
1386 2022 1579 2052 assecutus.
1614 2020 1768 2052 Verum..
1803 2020 1957 2052 decanus
1989 2022 2025 2051 et
2057 2019 2254 2061 capitulum

1246 2071 1355 2113 ipsius
1392 2072 1534 2104 ecclesie
1572 2075 1751 2104 statutum
1789 2073 1918 2104 habere
1955 2073 2123 2104 dicuntur
2159 2072 2253 2113 quod

1247 2124 1396 2166 quilibet
1419 2125 1561 2157 ecclesie
1586 2119 1742 2167 predicte
1766 2126 1955 2158 canonicus
1978 2126 2013 2156 in
2038 2135 2078 2157 ea
2102 2125 2255 2156 residen-

1246 2179 1335 2210 tiam
1374 2188 1484 2220 usque
1522 2180 1566 2211 ad
1605 2182 1741 2211 certum
1779 2181 1922 2220 tempus
1960 2181 2102 2210 tenetur
2141 2178 2254 2209 facere

1247 2231 1478 2274 personalem,
1506 2235 1543 2264 et
1570 2232 1634 2264 nisi
1662 2242 1723 2274 per
1749 2232 1950 2274 quindecim
1979 2232 2051 2263 dies
2078 2234 2161 2263 aute
2187 2231 2255 2263 fes-

1246 2288 1325 2318 tum
1352 2285 1456 2317 Beati
1484 2285 1659 2317 Johannis
1686 2285 1849 2328 Baptiste
1878 2285 1972 2317 idem
2000 2284 2190 2316 canonicus
2220 2293 2254 2315 se

1246 2338 1312 2380 ipsi
1350 2337 1505 2380 capitulo
1545 2339 1813 2380 presentaverit,
1852 2338 2012 2369 facturus
2049 2337 2254 2378 hujusmodi

1247 2391 1474 2423 residentiam
1500 2392 1604 2432 juxta
1634 2394 1791 2423 tenorem
1818 2391 1947 2423 statuti
1975 2391 2134 2432 predicti,
2163 2390 2255 2421 fora—

1248 2454 1333 2476 neus
1366 2447 1561 2486 reputelur.
1597 2446 1685 2475 (lum
1718 2447 1839 2476 autem
1873 2444 2030 2486 prefatus
2064 2443 2255 2475 canonicus

1247 2508 1308 2539 pro
1327 2498 1486 2539 ejusdem
1506 2508 1609 2529 cause
1629 2498 1874 2539 prosecutione
1893 2498 1938 2529 ad
1958 2498 2083 2529 Sedem
2102 2497 2255 2538 Aposto—

1245 2551 1349 2582 licam
1385 2551 1570 2582 accessisse
1606 2560 1645 2582 ac
1681 2551 1749 2582 ilcr
1782 2551 1855 2591 jam
1892 2550 2078 2591 arripuisse
2115 2550 2255 2581 dicatur

1246 2604 1415 2635 redeundi
1452 2604 1495 2635 ad
1533 2604 1685 2645 propria,
1723 2604 1882 2635 facturus
1917 2604 2065 2635 eandem
2102 2603 2254 2634 residen-

1246 2658 1334 2689 tiam
1357 2658 1392 2688 in
1416 2657 1559 2688 ecclesia
1584 2659 1791 2691 memorata.
1818 2667 1890 2693 nos,
1916 2657 2074 2697 ejusdem
2099 2655 2252 2696 episcopi

1247 2710 1384 2742 devotis
1405 2710 1725 2752 supplicationibus
1745 2710 1914 2746 inclinati,
1937 2709 2148 2740 mandamus
2168 2717 2253 2749 qua—

1246 2763 1343 2795 tinus
1374 2764 1532 2805 prediclo
1564 2764 1733 2795 canonico
1765 2764 1799 2794 111
1832 2762 2077 2804 prenominata
2109 2761 2252 2792 ecclesia

1247 2817 1395 2848 residere.
1430 2819 1567 2858 parato,
1602 2816 1742 2848 faciatis
1775 2816 1989 2847 auctoritate
2024 2817 2154 2849 nostra,
2189 2823 2253 2845 vos

1246 2870 1301 2901 vel
1331 2870 1420 2901 aller
1448 2872 1618 2906 vestrum,
1650 2879 1711 2910 per
1738 2880 1801 2900 vos
1831 2869 1885 2899 vel
1916 2878 1976 2909 per
2005 2867 2100 2903 alios,
2132 2876 2252 2898 omncs

1245 2923 1382 2954 fructus
1413 2926 1448 2954 ct
1479 2925 1673 2964 proventus
1704 2923 1812 2963 ipsius
1844 2921 2018 2963 prebende
2051 2929 2185 2950 necnon
2216 2921 2251 2950 et

1246 2975 1444 3007 cotidianas
1465 2975 1742 3011 distributiones,
1766 2986 1804 3007 ac
1826 2975 1851 3005 si
1874 2975 1918 3006 ad
1945 2973 2144 3006 faciendam
2172 2972 2251 3004 resi-
