2477 3512
284 219 347 248 714

281 286 456 327 impetrare
469 291 502 315 et
516 285 705 316 Venturelle
723 286 880 325 quondam
901 287 1019 318 clerico
1032 288 1151 319 Sancte
1174 289 1275 319 Marie

280 342 312 372 iu
352 341 543 372 Monticellis
574 341 613 372 de
635 342 733 380 Urbe,
756 342 828 382 quia
846 344 1130 375 conversationem
1153 344 1275 376 habere
1299 338 1301 362 ἶ

1298 395 1301 422 Ῐ
1325 400 1398 431 dem
1411 398 2109 430 loci'l'oruacensemcanonicoscontulerunt
2121 400 2316 431 unanimiter

280 408 351 429 cum
368 397 554 437 quibusdam
572 398 690 428 nostris
711 398 922 429 familiaribus
940 399 1121 438 videbatur,
1140 402 1275 432 commi-

281 454 379 483 sissvt
398 453 478 483 bona
507 453 568 484 fide
608 454 770 493 negotium
810 455 1056 495 procurandum,
1097 456 1180 487 idem
1204 457 1271 487 V.¹

282 519 383 549 agens
407 509 581 540 infideliter
599 520 670 540 cum
691 510 776 540 lideli
797 515 829 541 ot
850 511 1075 543 fraudulenter
1099 523 1169 543 cum
1193 513 1273 544 bone

283 564 355 595 fidei
392 576 594 606 possessore,
624 566 768 596 exhibuit
802 567 927 597 demum
960 569 1086 608 prefato
1114 567 1298 609 magistro}

1296 620 1298 628 ’
1323 626 1537 657 consideratis
1558 626 1586 655 in
1605 628 1635 655 te
1658 628 1732 655 tunc
1748 624 1847 664 ipsius
1867 625 2055 655 monasterii
2069 625 2224 656 monacho
2244 626 2313 657 vite

282 622 410 652 litteras
430 623 530 663 prima
554 622 638 652 facie
659 623 856 664 apostolicas
875 623 1147 665 dispensationem
1163 626 1272 667 hujus—

281 679 363 709 modi
384 679 601 714 continentes,
625 679 729 710 soluta
751 679 809 710 sibi
830 680 869 709 ab
894 680 1008 711 eodem
1030 682 1188 723 magistro
1207 693 1270 713 non

279 734 404 766 modica
427 736 559 776 pecunie
582 736 775 776 quantitate,
798 747 876 776 quas
905 747 976 768 cum
998 738 1082 769 idem
1111 740 1272 779 magister
1294 762 1296 787 ἶ,

1294 789 1295 796 ¹
1320 795 1612 837 circumspectam
1625 794 1738 835 quibus
1753 793 1959 824 laudabiliter
1979 794 2158 828 emines.in
2181 797 2214 826 te
2235 804 2313 826 suos

277 792 492 832 comperisset
524 803 582 833 per
600 792 752 823 salsitatis
774 793 885 824 vitium
916 793 1105 827 fabricatas,
1131 796 1268 827 eundem

275 847 444 878 falsarium
472 849 541 889 capi
561 852 595 879 et
614 849 727 879 adduci
751 849 789 880 ad
813 850 1036 881 ecclesiastice
1058 852 1269 883 animadver-

276 905 375 935 sionis
393 905 549 945 judicium
567 910 729 945 tamquam
751 906 799 936 vir
818 906 1002 947 prudenset
1017 908 1169 949 providus
1191 919 1268 949 pro-

277 961 414 991 curavit.
434 961 480 991 Ne
502 961 602 1001 igitur
623 972 719 1003 super
739 962 797 993 1]ος
820 962 902 993 idem
924 964 1082 1003 magister
1104 964 1186 994 unde
1198 965 1266 995 lau-
1291 982 1292 989 κ

1290 1015 1292 1043 3
1318 1024 1351 1052 et
1372 1021 1552 1052 benivolum
1569 1020 1606 1051 ad
1629 1021 1687 1051 nov
1704 1020 2093 1061 prebueruntassensum.
2107 1020 2200 1052 Unde
2216 1019 2314 1051 nobis

275 1017 344 1047 dari
386 1018 561 1058 promeruit
598 1018 775 1058 aliquorum
823 1019 939 1049 exinde
978 1020 1266 1051 obtrectationibus

275 1073 474 1112 mordeatur,
500 1076 554 1104 aut
584 1073 654 1116 ejus
688 1076 773 1105 sama
800 1075 969 1106 laudabilis
990 1076 1097 1116 aliqua
1116 1086 1155 1107 ex
1180 1078 1266 1108 sacto

275 1130 435 1170 premisso
468 1132 598 1171 putetur
624 1133 698 1161 nota
722 1130 772 1161 vel
801 1131 882 1161 nube
907 1142 1072 1173 respersa.
1095 1133 1125 1163 in
1146 1144 1207 1173 quo
1231 1143 1265 1165 se

683 1187 789 1217 studio

273 1253 368 1283 prese
375 1243 591 1281 nteslitteras,
603 1244 714 1284 quibus
726 1254 784 1274 con
791 1248 839 1275 tra
851 1244 1265 1287 latratusquorumcumque

274 1186 440 1227 prudentis
500 1187 626 1217 caulcle
843 1187 991 1219 exhibuit
1043 1189 1262 1229 innocentem,

274 1299 412 1330 munitus
427 1310 516 1330 suain
544 1300 574 1330 in
596 1300 655 1331 bac
676 1301 879 1342 partepossit
894 1301 1067 1333 ostendere
1088 1303 1263 1343 puritatem

272 1355 331 1386 sibi
356 1354 508 1386 duximus
534 1356 770 1387 00110edendas.
794 1357 907 1388 Datum
932 1358 1085 1392 Viterbii,
1108 1359 1185 1389 XVI
1208 1360 1265 1390 ka-

272 1411 384 1442 lendas
405 1412 597 1449 decembris,
620 1423 703 1443 anno
724 1414 832 1444 tertio.
858 1428 871 1441 υ

341 1546 445 1574 2315
749 1551 874 1579 Viterbe.
890 1554 923 1578 20
935 1553 1092 1579 novembre
1116 1556 1193 1580 1257.

304 1634 465 1660 Conlirmat
487 1635 662 1661 electionem
680 1636 791 1671 Aegidii
812 1636 846 1663 de
864 1638 1058 1665 Mareliimont
1073 1639 1102 1665 iu
1123 1640 1264 1667 abbatem

270 1681 441 1707 monasterii
458 1682 485 1708 S.
501 1683 627 1709 Ricbarii
654 1684 683 1709 in
702 1684 832 1710 Pontivo.
858 1685 934 1718 (Rue.
957 1686 998 1715 25,
1016 1694 1040 1712 a.
1060 1687 1105 1718 ΙΙΙ,
1130 1696 1153 1713 c.
1180 1690 1230 1714 714
1244 1689 1262 1714 Ι.

267 1727 289 1753 s.
307 1729 376 1758 94ν.)

316 1831 328 1843 u
358 1818 470 1849 Fratri
490 1819 613 1861 Eyia'io
639 1819 677 1850 tle
697 1821 924 1854 Mat-eleimonc
943 1823 1045 1855 electo
1064 1826 1264 1857 monasterii

269 1874 387 1905 Sancti
407 1873 556 1906 Riclzarii
576 1875 611 1906 in
639 1876 778 1908 Ροηίίυο
796 1877 844 1909 ad
862 1879 1050 1912 Romanam
1075 1882 1262 1913 Ecclesiam

269 1929 362 1961 nullo
396 1930 506 1962 medio
530 1931 745 1974 pert1'aenti.s,
771 1933 900 1966 ordinis
924 1936 1045 1968 Sancti
1071 1937 1260 1977 Benedicta

270 1986 505 2019 Anzbia11.ens17.s-
525 1987 676 2020 diocesis.
702 1990 789 2021 Inter
799 1992 1113 2035 eurasnmltiplices,
1129 2006 1190 2036 que
1205 2006 1263 2027 nos

266 2045 402 2083 angunt,
423 2044 476 2075 illa
497 2047 686 2086 propensius
708 2052 921 2088 perurget,ut
937 2050 1078 2081 viduatis
1095 2052 1261 2090 ecclesiis,

265 2101 438 2140 presertim
459 2112 519 2141 que
540 2102 579 2132 ad
600 2103 775 2135 Romanam
796 2105 976 2137 Ecclesiam
993 2107 1079 2139 nullo
1096 2109 1264 2149 pertinent

266 2156 441 2194 mediante,
463 2157 548 2189 tales
578 2159 643 2190 Deo
670 2163 781 2192 actore
807 2162 1016 2202 preficiantur
1034 2165 1184 2203 ministri,
1208 2176 1265 2207 per

266 2214 530 2253 quosanimarum
546 2216 707 2256 profectui
720 2219 908 2249 consulatur
922 2222 955 2250 et
967 2220 1109 2252 ecclesie
1123 2222 1192 2262 ipse
1212 2233 1264 2254 sa-

266 2269 402 2300 lubriter
429 2270 664 2311 gubernentur.
693 2272 777 2305 Sane
797 2274 909 2306 dilecti
931 2276 983 2306 filii
1005 2302 1025 2307 ..
1056 2279 1204 2319 supprior
1221 2282 1265 2313 ‚et

265 2328 444 2357 conventus
478 2329 665 2359 monasterii
686 2330 795 2361 Sancti
822 2332 964 2362 Richarii
1000 2334 1029 2363 in
1060 2334 1199 2366 Pontivo
1223 2336 1263 2367 ad

266 2382 446 2413 Romanam
468 2384 647 2415 Ecclesiam
687 2386 875 2418 immediato
915 2391 1110 2429 spectantis,
1141 2391 1263 2423 ordinis

267 2438 377 2469 Sancti
386 2439 566 2478 Benedicti,
578 2442 961 2483 Ambianensisdiocesis⁷
975 2447 1066 2477 nobis
1078 2448 1262 2489 significare

266 2498 422 2526 curarunt
440 2506 496 2537 per
515 2498 648 2529 nuncios
658 2502 690 2530 et
706 2500 834 2531 litteras
849 2502 1020 2542 speciales,
1036 2504 1119 2543 quod
1130 2515 1262 2536 monas-

267 2551 349 2582 terio
360 2552 428 2592 ipso
445 2553 570 2584 abbatis
585 2555 743 2595 regimine
756 2556 925 2596 destituto,
942 2559 1148 2599 ipsi‚vocatis
1161 2562 1262 2592 omni-

267 2607 324 2637 bus
351 2609 401 2648 qui
427 2609 620 2649 debuerunt⁷
644 2612 814 2643 voluerunt
844 2616 877 2645 et
896 2618 1070 2655 potuerunt
1091 2618 1260 2649 commode

266 2663 441 2702 interesse,
474 2665 526 2697 die
556 2667 595 2697 ad
618 2667 802 2709 eligendum
835 2672 1058 2703 communiter
1097 2673 1258 2712 ordinata,

266 2721 498 2752 convenientes
518 2723 549 2752 in
568 2734 673 2762 unum⁷
691 2726 827 2766 Spiritus
847 2726 957 2758 Sancti
977 2729 1256 2768 gratiainvocata,

266 2776 297 2806 in
308 2777 445 2817 quinque
460 2778 633 2818 religiosos
648 2782 681 2811 et
692 2781 789 2812 Deum
802 2783 955 2814 timentes
969 2784 1117 2825 ejusdem
1133 2796 1260 2817 monas-

300 2884 320 2905 1.
339 2884 371 2907 Le
392 2885 501 2915 registr-e
520 2888 594 2916 porte
615 2894 650 2910 un
672 2889 699 2910 A.
715 2888 779 2912 Mais
802 2889 818 2912 il
840 2890 917 2920 s'agit
934 2891 1118 2915 evidemment
1136 2893 1170 2916 du
1188 2894 1258 2917 clerc

281 2921 370 2942 omme
388 2920 550 2945 Veniat-ella.

976 218 1212 251 REGISTRES
1239 218 1544 252 D‘ALEXANDRE
1570 218 1610 249 [v

1300 290 1302 300 '
1327 288 1399 319 terii
1428 286 1600 317 monachos
1628 288 1661 316 et
1683 285 1844 316 discretos
1866 285 1952 316 viros
1974 286 2149 327 magistros
2170 286 2313 318 Bernar-

1327 344 1401 375 duin
1422 343 1461 374 de
1480 342 1692 373 Abbatisvilla
1716 340 1967 372 Ambianensem
1988 346 2021 372 et
2039 342 2205 374 Giroldum
2221 343 2313 385 ejus-

1325 463 1398 488 vota
1421 466 1489 494 sua,
1512 455 1627 486 dantes
1647 455 1694 486 eis
1714 454 1855 494 eligendi
1867 454 2015 485 abbatem
2037 454 2164 496 plenam
2184 459 2217 487 et
2232 456 2314 487 libe-

1298 518 1299 538 ἰ
1324 524 1391 544 ram
1415 515 1610 554 potestatem
1629 514 1663 542 et
1684 511 1913 552 promittentes
1946 521 1981 541 se
2001 511 2101 550 illum,
2123 522 2217 553 quem
2237 522 2315 545 con-

1323 568 1701 610 cordi[cripsieligerent
1715 578 1771 608 pro
1781 567 1888 598 electo
1904 568 2052 608 recipere
2061 571 2095 599 et
2107 568 2238 600 habere.
2253 568 2313 606 Qui

1323 682 1490 717 munditia,
1516 681 1682 721 religionis
1702 681 1814 711 favore
1835 691 1872 711 ac
1887 680 2067 711 litterarum
2079 682 2213 712 scientia
2235 691 2315 713 nec—

1322 750 1381 769 non
1403 743 1435 769 et
1457 738 1657 780 providentia
1670 739 1734 768 tam
1756 737 1968 778 spiritualium
1979 747 2071 777 quam
2085 738 2311 779 temporalium

1319 853 1429 883 oculos
1460 852 1653 892 dirigentes,
1677 856 1709 881 te
1735 851 1890 881 canonice
1918 851 1948 880 in
1982 850 2131 881 abbatem
2161 850 2308 892 ejusdcm

1320 909 1505 939 monasterii
1531 908 1715 948 elegerunt,
1738 910 1771 938 et
1793 907 1975 947 hujusmodi
1996 907 2200 938 electionein
2223 907 2313 949 capi-

1318 966 1385 996 tulo
1410 965 1583 1006 publicata,
1607 964 1755 1005 supprior
1774 966 1807 994 et
1825 967 2005 994 conventus
2023 963 2159 1004 predicti
2181 966 2312 1005 gratum

1316 1087 1387 1107 cum
1409 1077 1563 1108 instantia
1589 1076 1820 1117 supplicarunt,
1851 1079 1884 1107 ut
1908 1076 2101 1107 electionem
2130 1076 2312 1118 hujusmodi

1316 1135 1508 1165 confirmare
1529 1133 1567 1163 de
1589 1126 1892 1173 benignitatesolita
1907 1132 2195 1164 curaremus.Cum
2214 1133 2315 1175 igitur

1316 1190 1506 1221 electionem
1518 1189 1653 1220 eandem
1667 1190 1854 1220 canonicam
1874 1200 1930 1230 per
1941 1189 2214 1220 examinationem
2223 1189 2314 1220 inve—

1316 1247 1458 1278 nerimus
1479 1246 1681 1286 diligentem,
1706 1245 1798 1287 pleno
1831 1245 1871 1277 de
1902 1251 1955 1276 tua
1982 1245 2178 1286 ydoneitate
2199 1245 2314 1277 fidedi-

1318 1314 1452 1345 gnorum
1475 1303 1662 1334 testimonio
1685 1302 1805 1339 habito,
1827 1301 1947 1333 dictam
1967 1302 2163 1333 electionem
2180 1301 2220 1333 de
2242 1302 2313 1334 fra-

1316 1362 1400 1390 trum
1447 1362 1629 1389 nostrormn
1670 1358 1803 1389 consilio
1843 1358 1993 1389 duximus
2037 1358 2305 1390 confirmandam.

1317 1416 1473 1452 Quocirca
1508 1415 1739 1446 discretionem
1770 1418 1858 1446 tuam
1898 1424 2051 1456 rogamus
2090 1416 2248 1447 attentius
2279 1418 2312 1447 et

1316 1473 1496 1509 hortamur,
1518 1482 1574 1513 per
1598 1472 1776 1513 apostolica
1797 1471 1853 1502 tibi
1867 1472 1990 1513 scripta
2012 1471 2218 1511 mandantes,
2234 1482 2312 1513 qua—

1316 1530 1402 1560 tinus
1421 1530 1511 1560 tuum
1527 1529 1658 1570 jactans
1680 1529 1711 1559 in
1734 1528 1866 1559 Domino
1886 1529 2078 1569 cogitatum,
2099 1529 2310 1560 commissam

1317 1586 1463 1627 ejusdem
1492 1586 1680 1617 monasterii
1703 1585 1759 1616 tibi
1779 1595 1889 1616 curam
1919 1585 2095 1627 prudenter
2114 1587 2147 1616 et
2167 1584 2313 1617 fideliter

1317 1643 1503 1682 exequaris,
1521 1642 1606 1673 illius
1626 1641 1836 1683 procurandis
1858 1641 2058 1683 profectibus
2079 1645 2111 1673 et
2129 1641 2309 1673 honoribus

1316 1697 1508 1740 ampliandis
1540 1699 1585 1729 sic
1612 1697 1750 1729 sollicite
1777 1698 1824 1729 sic
1839 1698 2021 1729 efficaciter
2044 1697 2252 1737 intendendo,
2276 1703 2310 1730 ut

1315 1755 1440 1786 talenta
1468 1755 1524 1786 tibi
1543 1755 1669 1786 credita
1688 1755 1839 1786 referens
1859 1755 2035 1796 geminata,
2053 1754 2161 1786 fidelis
2181 1757 2216 1786 et
2236 1765 2309 1796 pro—

1317 1811 1410 1842 vidus
1436 1812 1641 1853 dispensator
1671 1812 1827 1842 merearis
1847 1812 1998 1842 constitui
2018 1822 2035 1842 a
2057 1811 2189 1842 Domino
2210 1821 2307 1853 supra

1317 1868 1429 1907 multa,
1456 1865 1578 1909 nosque
1601 1868 1640 1899 de
1661 1870 1715 1899 tuo
1736 1870 1769 1898 et
1792 1867 1939 1909 ejusdem
1960 1868 2148 1898 monasterii
2163 1868 2195 1898 in
2215 1868 2310 1909 spiri-

1316 1924 1456 1956 tualibus
1478 1926 1511 1956 et
1531 1910 1761 1966 temporalibus
1782 1926 1912 1966 sperato
1923 1923 2071 1964 profectu
2093 1924 2254 1965 possimus
2274 1924 2304 1955 in

1316 1981 1448 2012 Domino
1464 1980 1610 2022 gloriari.
1628 1981 1743 2011 Datum
1761 1979 1909 2016 Viterbii,
1930 1980 1990 2011 Xll
2008 1979 2163 2011 balendas
2177 1979 2309 2011 decem-

1316 2037 1393 2073 bris,
1417 2047 1500 2068 auno
1519 2038 1628 2068 tertio.
1654 2050 1668 2064 υ

1389 2175 1489 2202 2316
1793 2175 1918 2207 Viterbe,
1934 2176 1968 2200 20
1982 2175 2140 2201 novembre
2156 2176 2233 2201 1257.

1351 2264 1500 2298 Suppriori
1528 2267 1555 2289 et
1573 2264 1729 2290 conventui
1755 2263 1927 2289 monasterii
1945 2263 1971 2290 S.
1988 2264 2116 2290 Richarii
2130 2263 2160 2290 in
2174 2263 2296 2290 Poutivo

1317 2311 1446 2341 mandat,
1471 2314 1618 2346 quatenus
1633 2312 1710 2338 dicto
1738 2311 1858 2346 Aegidio
1876 2311 1910 2337 de
1934 2312 2127 2338 Marchimont
2145 2314 2294 2345 tamquam

1316 2366 1418 2385 eorum
1437 2359 1535 2385 abbati
1553 2358 1705 2385 humililer
1727 2358 1894 2385 intendant.
1919 2359 1996 2388 (nm.
2014 2361 2056 2387 25,
2073 2367 2097 2384 a.
2119 2359 2164 2389 ΠΙ,
2181 2366 2206 2384 c.
2224 2357 2300 2389 7142,

1317 2406 1336 2433 f.
1354 2407 1423 2436 94⁸3)

1361 2514 1374 2527 «
1401 2525 1421 2529 ..
1446 2497 1617 2541 supprimi
1645 2503 1676 2528 et
1704 2496 1883 2528 conventui
1912 2495 2061 2538 ejusdem
2086 2494 2301 2527 monasterii.

1314 2557 1402 2587 inter
1422 2566 1517 2586 curas
1539 2554 1731 2595 multiplices
1756 2572 1808 2583 -.
1826 2554 1897 2584 Dat.
1919 2556 2080 2594 utsupra.
2108 2566 2120 2578 »v

1382 2690 1482 2718 2317
1793 2688 1916 2719 Viterbe,
1933 2689 1966 2713 20
1981 2686 2139 2713 novembre
2151 2687 2228 2712 1257.

1349 2781 1489 2815 Episcopo
1498 2778 1686 2805 Noviomensi
1705 2777 1835 2809 mandat,
1855 2779 2002 2811 quatenus
2018 2775 2113 2801 eidem
2127 2773 2225 2800 abbati
2240 2781 2302 2799 mu-

1314 2836 1370 2855 nus
1400 2825 1616 2853 benedictionis
1644 2824 1797 2859 impendat
1825 2824 1912 2858 eique
1938 2823 2025 2849 faciat
2052 2830 2068 2848 a
2088 2820 2214 2848 subditis
2238 2820 2304 2853 ejus

1311 2875 1439 2902 debitam
1468 2873 1668 2900 obedientiam
1697 2875 1726 2898 et
1752 2871 1948 2898 reverentiam
1977 2869 2119 2896 exhiberi.
2149 2869 2226 2894 (Rite.
2258 2869 2304 2896 25.

1311 2931 1336 2949 a.
1353 2922 1401 2953 111,
1417 2930 1440 2948 c.
1460 2923 1534 2953 714⁶,
1552 2921 1572 2947 f.
1591 2922 1646 2954 95.)
