2477 3512
174 252 234 284 134
869 252 1138 287 REGISTRES
1164 254 1516 288 D’ALEXANDRE
1545 256 1593 288 IV

169 350 257 374 catus
280 355 362 375 anno
385 350 474 375 sexto
497 349 549 382 (12
570 349 670 382 juillet
699 350 774 375 1260
792 350 818 383 ¹)
843 351 1000 383 datarum,
1019 351 1176 379 dictorum

170 392 318 426 Raynerii
344 394 375 419 et
402 393 572 419 Alexandri
599 401 699 427 papae
725 394 902 421 litterarum
930 397 1071 422 tenorem
1097 397 1176 424 inse-

168 444 246 463 renS.
264 437 472 470 (I‘Anis,13ih.
490 440 554 464 nat.
571 445 627 464 ms,
645 439 697 464 lat.
715 438 792 464 4038
807 439 842 470 Β,
858 439 878 465 ἰ.
897 440 923 471 1,
939 447 963 466 c.
980 440 1022 474 3.)

212 548 225 563 «
250 535 375 566 Latino
402 536 440 566 dc
467 536 622 572 Perusia,
649 536 821 577 familiari
847 540 971 569 nostro.
1002 538 1079 570 liiis
1107 549 1174 580 que

165 588 259 619 fiunt
283 607 337 620 —-.
364 588 447 620 Dat.
473 589 651 626 Laterani,
683 589 754 620 IIII
781 590 849 621 kal.
876 590 1053 628 februarii,
1079 602 1173 624 anno

166 641 333 682 septimo.
359 654 372 670 »

247 821 335 848 3219
601 823 650 850 Au
674 824 804 857 Latran,
827 825 844 852 9
868 825 981 852 sevrier
1004 826 1089 853 1261.

205 875 282 901 Cum
303 875 467 909 contingat
488 876 669 910 aliquando,
692 878 848 911 aliquibus
870 878 900 904 in
923 878 1172 906 claromontensi

163 919 291 946 eeclesia
310 920 497 953 praebendis
517 922 763 948 sacerdotalibus
785 923 982 954 vacantibus,
1004 924 1120 957 recepti
1139 923 1171 950 in

163 964 328 990 canonicos
361 965 500 997 ejusdem
534 966 678 998 eeclesiae
711 967 824 1000 quibus
856 968 1054 1000 praebendae
1085 968 1171 1002 ipsae

162 1009 318 1035 debentur
341 1016 500 1035 annexum
524 1017 602 1036 onus
627 1011 792 1038 sacerdotii
817 1012 955 1044 refugere
979 1014 1170 1045 satagentes,

162 1060 213 1079 eas
234 1054 340 1086 petere
361 1053 410 1079 vel
431 1054 468 1080 de
489 1053 563 1088 ipsis
584 1054 643 1080 sibi
664 1055 764 1082 facere
786 1056 942 1089 provideri
964 1063 1026 1083 non
1047 1059 1170 1089 curant,

161 1097 299 1130 capitulo
321 1097 423 1124 dietae
444 1098 589 1125 ecclesiae
610 1099 751 1131 indulget
773 1101 858 1133 quod
879 1101 918 1127 ad
939 1101 1169 1134 providendum

160 1141 277 1167 talibus
304 1142 342 1168 de
369 1142 436 1168 aliis
463 1143 649 1176 praebendis
678 1144 807 1171 ininiine
836 1146 1013 1171 teneantur.
1044 1146 1169 1178 (PAms,

159 1185 228 1212 Bib.
248 1186 309 1212 nal.
328 1194 384 1212 1ns.
404 1186 458 1213 lat.
477 1187 555 1213 4038
573 1188 608 1219 Β,
627 1188 647 1214 f.
670 1188 681 1214 1
703 1192 749 1219 νο,
767 1196 793 1215 c.
811 1189 854 1222 4.)

209 1296 221 1311 «
248 1284 408 1325 Capitalo
432 1284 565 1317 ecclesie
591 1285 889 1319 Claromontensis.
917 1288 1024 1320 Lecta
1049 1298 1167 1320 coram

160 1337 261 1368 nobis
289 1356 343 1369 ——.
375 1338 458 1369 Dat.
490 1338 667 1376 Laterani,
699 1340 728 1371 V
758 1340 835 1371 idus
864 1340 1042 1378 februarii,
1074 1352 1166 1373 anuo

157 1390 322 1432 septimo.
347 1403 360 1419 ι)

238 1562 327 1588 3220
582 1564 632 1591 Au
655 1565 784 1598 Latran,
808 1566 826 1593 5
846 1566 972 1599 J'anvier
994 1566 1082 1593 1261.

196 1615 352 1650 Episcopo
387 1617 602 1644 Cameracensi
634 1618 766 1646 liberam
799 1619 944 1646 concedit
976 1619 1165 1647 facultatem

157 1660 326 1694 recipiendi
352 1661 430 1687 duas
458 1669 606 1695 personas
640 1663 768 1689 idoneas
802 1663 834 1689 in
869 1664 1035 1690 canonicos
1069 1666 1100 1691 et
1134 1665 1165 1691 in

156 1704 268 1731 fratres
294 1706 325 1731 et
350 1705 537 1738 providendi
562 1714 669 1733 earum
696 1707 820 1741 utrique
847 1708 884 1734 dc
910 1708 1100 1742 praebenda,
1127 1716 1164 1735 ne

158 1748 271 1775 debitis
290 1749 454 1776 fraudetur
471 1750 628 1784 obsequiis
646 1751 773 1778 ecclesia
793 1753 1033 1784 Cameracensis,
1053 1753 1082 1779 in
1102 1761 1164 1787 qua

159 1793 259 1819 Italici
278 1793 418 1820 canonici
436 1796 510 1820 sunt
529 1802 622 1828 quani
643 1795 745 1828 plures
763 1803 823 1821 non
840 1796 1020 1823 residentes.
1038 1797 1163 1830 (Pinus,

154 1837 223 1863 Bib.
240 1839 304 1864 nat.
320 1844 376 1864 ms,
391 1838 446 1864 lat.
461 1838 539 1865 4038
552 1839 588 1871 Β,
604 1840 623 1865 t.
642 1840 654 1865 l
672 1843 717 1871 v0,
732 1846 757 1866 c.
773 1840 814 1873 5.)

201 1951 213 1966 ‹<
245 1963 264 1970 ..
296 1939 453 1981 episcopo
486 1940 766 1972 Claromontensi.
799 1941 874 1973 Tua
907 1943 1007 1974 nohis
1038 1943 1163 1974 frater-

155 1991 249 2023 nitas
286 2010 341 2023 —.
382 1992 466 2024 Dat.
507 1993 684 2030 Laterani,
727 1995 826 2026 nonis
864 1995 1028 2035 januarii,
1070 2006 1162 2028 anno

152 2044 316 2086 septimo.
342 2057 355 2073 »

235 2212 317 2238 3221
560 2215 609 2241 Au
632 2215 762 2249 Latran,
786 2216 823 2244 13
843 2217 968 2251 janvier
991 2219 1078 2247 1261.

194 2265 344 2299 Magistro
371 2266 525 2294 Riccardo
552 2268 589 2295 de
615 2268 770 2302 Liguatao
796 2270 939 2304 indulget
961 2274 1008 2303 ut,
1039 2275 1164 2306 praeter

152 2309 313 2336 ecclesiam
335 2310 441 2337 Sancti
462 2311 590 2338 Martini
611 2313 648 2339 de
669 2313 820 2346 Samellis,
843 2315 998 2348 Sagiensis
1019 2317 1161 2350 diocesis,

151 2360 259 2380 curam
281 2354 457 2381 animarum
484 2356 665 2388 habentem,
690 2358 818 2385 unicum
848 2360 932 2386 aliud
971 2361 1160 2389 beneficium

151 2397 283 2424 similem
301 2406 407 2425 curam
426 2400 544 2427 habens
564 2401 594 2427 in
616 2407 709 2434 regno
732 2402 880 2430 Franciae
895 2405 1030 2438 recipere
1045 2406 1161 2435 valeat.

152 2441 277 2474 (PAms,
291 2442 360 2469 Bib.
378 2446 443 2470 nat.
460 2452 518 2470 ins.
535 2445 589 2471 lat.
607 2446 685 2472 4038
699 2446 735 2478 Β,
752 2447 772 2473 f.
789 2448 817 2479 2,
834 2455 858 2474 c.
876 2448 918 2481 6.)

198 2553 211 2569 «
254 2541 426 2583 ,Maqislro
470 2543 635 2575 Riccarrlo
680 2545 718 2576 (Ie
762 2546 943 2587 Liqaatao,
992 2550 1157 2581 canonico

152 2593 286 2626 ecclesie
316 2594 434 2627 Sancti
472 2597 652 2637 (iaaqerici
685 2598 950 2638 Cameracensis,
983 2602 1100 2633 clerico
1132 2606 1160 2634 el

151 2647 322 2688 familiari
350 2648 461 2681 dilecti
487 2650 559 2690 lilii
586 2652 743 2691 massistri
771 2653 946 2685 Johannis
973 2655 1011 2686 tle
1034 2656 1159 2687 Saran-

153 2702 238 2736 neto,
266 2701 398 2742 nepotis
425 2704 453 2733 el
479 2703 647 2744 capellani
674 2706 790 2736 nostri.
821 2706 991 2745 Quamvis
1020 2712 1055 2739 ut
1085 2710 1160 2750 plu-

156 2762 209 2784 res
234 2771 288 2785 —.
317 2754 400 2786 Dat.
428 2755 606 2793 Laterani,
634 2757 750 2788 idibus
774 2758 938 2799 januarii,
966 2770 1058 2792 anno
1085 2772 1161 2804 sep-

152 2805 251 2838 timo.
276 2819 288 2834 n

183 2933 204 2952 1.
226 2934 315 2959 Incipit
331 2940 336 2955 :
352 2935 414 2956 Cum
428 2935 527 2957 dilectus
541 2937 620 2961 lilius.
636 2939 708 2959 (lette
723 2939 796 2960 lettre
811 2946 841 2961 ne
857 2941 936 2966 rigui-e
951 2947 996 2966 pas
1011 2943 1074 2963 dans
1089 2943 1111 2964 le
1125 2949 1161 2964 re—

150 2967 225 2991 gistre
240 2969 270 2989 de
284 2969 307 2989 la
322 2970 423 2991 sixieme
437 2971 524 2992 annee.

1365 354 1454 380 3222
1700 355 1748 381 Au
1773 355 1902 388 Latran,
1927 356 1963 383 10
1985 356 2099 384 fevi-ier
2121 357 2208 385 1261.

1321 416 1440 442 Abbati
1460 417 1492 442 et
1511 417 1702 443 monasterio
1721 417 1839 444 Beatae
1859 417 1975 444 Mariae
1995 418 2033 444 de
2053 418 2168 446 Siriaco
2188 419 2290 446 indul-

1281 462 1331 493 get
1356 462 1391 486 ut
1414 460 1576 487 ecelesiam
1599 461 1637 487 de
1661 461 1826 494 Nigellula,
1850 462 2069 489 Ambianensis
2093 462 2234 496 diocesis,
2256 464 2288 491 in

1280 512 1343 538 qua
1369 505 1446 531 duos
1472 504 1625 531 seculares
1651 505 1776 532 clericos
1801 506 1975 533 successive
1999 506 2215 540 instituerant,
2240 515 2288 535 ce-

1280 549 1373 576 dente
1401 549 1449 575 vel
1476 549 1647 576 decedente
1673 549 1782 576 clerico
1810 550 1863 584 qui
1890 557 1973 577 nunc
1999 551 2160 578 ecclesiam
2186 552 2288 586 ipsam

1279 593 1413 624 obtinet,
1435 593 1466 620 in
1487 600 1560 620 usus
1580 593 1722 627 proprios
1743 601 1898 621 resumere
1919 595 2050 629 possint.
2072 595 2197 628 (Pisais,
2217 596 2287 624 Bib.

1279 639 1344 664 nat.
1364 645 1420 664 ηις.
1440 638 1494 664 tat.
1514 637 1592 665 4038
1609 638 1645 669 B,
1664 638 1684 664 f.
1704 638 1732 670 2,
1751 645 1776 665 c.
1796 638 1837 672 7.)

1323 750 1337 767 «
1356 764 1375 770 ..
1396 738 1512 770 abbati
1531 741 1559 770 et
1577 739 1755 771 conventui
1774 739 1972 771 monasterii
1993 740 2094 772 Beate
2112 740 2230 772 Marte
2247 740 2287 772 tle

1279 791 1423 829 Siriaco,
1471 792 1797 824 Prcmonstratcnsis
1846 793 1988 830 ordinis,
2036 793 2286 825 Ambianensis

1277 844 1430 876 diocesis.
1454 845 1645 886 Religionis
1666 848 1782 878 vestre
1804 846 1938 878 meritis
1957 865 2012 878 ——.
2035 845 2119 878 Dat.
2142 846 2285 878 Latera-

1279 897 1323 933 ni,
1351 898 1423 929 1111
1448 898 1525 929 idus
1548 899 1726 933 februarii,
1749 908 1842 930 aimo
1864 899 2027 940 septimo.
2052 912 2063 927 »

1358 1117 1448 1144 3223
1692 1119 1741 1145 Au
1764 1118 1894 1151 Latran,
1917 1119 1955 1146 20
1977 1119 2091 1146 sevrier
2114 1119 2204 1147 1261.

1317 1181 1482 1208 Guillelmo
1504 1182 1541 1208 de
1564 1181 1668 1208 Sillaio
1689 1181 1832 1215 indulget
1852 1183 1899 1214 ut,
1920 1183 2045 1216 praeter
2065 1181 2227 1209 ecclesiam
2248 1182 2286 1209 de

1276 1225 1438 1259 Quetetot,
1473 1226 1650 1253 animarum
1683 1233 1791 1253 curam
1824 1226 2005 1258 habentem,
2039 1226 2168 1253 unicum
2200 1226 2286 1254 aliud

1275 1270 1474 1302 beneficium,
1497 1270 1593 1297 etiam
1615 1271 1640 1296 si
1661 1278 1768 1297 curam
1791 1270 1923 1297 similem
1945 1271 2073 1303 habeat,
2094 1271 2190 1298 libere
2211 1270 2286 1298 reci-

1273 1322 1345 1349 pere
1363 1315 1479 1342 valeat.
1498 1315 1623 1348 (Pmus,
1641 1315 1709 1342 Bib.
1729 1317 1794 1342 nat.
1814 1322 1870 1342 ms.
1889 1315 1944 1342 lat.
1963 1315 2041 1342 4038
2058 1315 2095 1348 Β,
2112 1315 2133 1342 f.
2153 1315 2182 1347 2,
2199 1322 2226 1342 c.
2240 1315 2284 1349 8.)

1319 1426 1332 1441 «
1374 1412 1552 1445 Gaillelmo
1588 1413 1627 1444 de
1663 1413 1797 1450 Sillaio,
1835 1414 1952 1445 rectori
1988 1412 2122 1445 ecclesie
2163 1413 2284 1445 Sancte

1272 1466 1390 1498 Mai-ie
1427 1466 1466 1498 de
1503 1466 1660 1507 Quetetot,
1702 1466 1975 1498 Constantiensis
2011 1465 2166 1499 diocesis.
2207 1466 2282 1499 Tue

1272 1519 1474 1551 devotionis
1511 1522 1666 1551 meretur
1702 1538 1757 1551 —.
1798 1520 1881 1551 Dat.
1921 1519 2098 1557 Laterani,
2140 1519 2174 1551 X
2211 1519 2280 1552 kal.

1272 1572 1402 1609 martii,
1427 1582 1520 1604 anno
1542 1572 1706 1614 septimo.
1732 1585 1744 1601 »

1353 1781 1443 1806 3224
1689 1782 1738 1808 Au
1762 1782 1891 1814 Latran,
1916 1783 1953 1809 12
1976 1783 2090 1809 sevrier
2111 1782 2199 1810 1261.

1311 1844 1389 1871 Cum
1418 1845 1646 1872 monasterium
1676 1845 1783 1873 Sancti
1812 1845 1969 1873 Francisci
1997 1846 2213 1874 Cremonensis
2241 1847 2282 1874 sit

1270 1888 1362 1915 nimis
1387 1891 1578 1924 paupertate
1603 1891 1782 1923 gravatum,
1808 1890 1930 1917 inhibet
1955 1898 1993 1917 ne
2018 1890 2124 1925 aliqua
2148 1898 2283 1925 persona

1269 1933 1480 1960 ecclesiastica
1499 1934 1549 1960 vel
1568 1934 1715 1961 secularis
1734 1935 1962 1969 quuscumque
1980 1935 2108 1967 ordinis,
2127 1935 2282 1963 conditio-

1269 1977 1316 2004 nis
1333 1978 1383 2004 vel
1401 1978 1565 2011 dignitatis
1583 1978 1711 2011 existat,
1729 1979 1858 2013 aliquod
1874 1979 2102 2006 monasterium
2118 1979 2169 2007 vel
2185 1979 2281 2007 eccle—

1268 2022 1346 2048 siam
1365 2023 1481 2049 ordinis
1499 2030 1607 2049 eorum
1625 2023 1656 2050 in
1673 2024 1805 2050 civitate
1823 2023 2023 2050 Cremonensi
2040 2024 2090 2051 vel
2107 2024 2174 2058 eJ'us
2191 2024 2281 2051 terri-

1267 2066 1348 2093 torio
1377 2069 1558 2094 construere
1584 2067 1635 2094 vel
1662 2068 1828 2095 aedificare
1849 2070 2043 2102 praesumat.
2064 2068 2190 2102 (Pinus,
2208 2068 2278 2096 Bib.

1267 2112 1333 2138 nat.
1351 2118 1408 2138 mS.
1424 2111 1480 2138 lat.
1498 2111 1576 2139 4038
1590 2111 1628 2144 Β,
1644 2112 1665 2139 f.
1683 2112 1712 2144 2,
1728 2119 1753 2139 c.
1771 2112 1813 2146 9.)

1313 2220 1327 2236 «
1347 2232 1367 2240 ..
1390 2207 1543 2240 abbatise
1563 2210 1591 2240 et
1611 2209 1789 2241 conventui
1806 2209 2006 2241 monasterii
2029 2209 2148 2242 Sancti
2166 2209 2279 2241 Fran-

1267 2261 1348 2292 cisci
1369 2260 1617 2298 Cremonensis,
1637 2262 1770 2294 ordinis
1791 2262 1908 2294 Sancti
1924 2262 2106 2294 Damiani.
2131 2262 2278 2294 Favoris

1267 2314 1377 2345 nostri
1410 2315 1594 2356 provenire
1627 2334 1681 2347 ——.
1714 2315 1798 2347 Dat.
1832 2315 2009 2352 Laterani,
2054 2316 2087 2347 II
2119 2315 2197 2348 idus
2228 2315 2277 2347 fe-

1268 2367 1409 2404 brualii,
1436 2377 1528 2399 anno
1553 2368 1716 2409 septimo.
1743 2381 1755 2397 n

1348 2570 1439 2596 3225
1682 2571 1732 2598 Au
1755 2571 1884 2604 Latran,
1910 2571 1946 2599 16
1967 2571 2082 2599 sevrier
2104 2571 2192 2599 1261.

1307 2633 1492 2667 Magistrum
1516 2633 1624 2666 Gnate,
1647 2634 1807 2661 notarium
1829 2641 1932 2666 suum,
1955 2634 1994 2661 ad
2016 2635 2122 2668 partes
2145 2634 2277 2661 Tusciae

1266 2685 1303 2704 ac
1316 2677 1473 2704 marchiae
1488 2678 1508 2704 J
1512 2678 1657 2705 anuensis
1667 2678 1698 2704 in
1709 2679 1795 2712 pacis
1805 2678 2039 2712 pulchritudine
2054 2678 2270 2705 reformandas

1266 2722 1431 2748 commisso
1450 2722 1509 2756 ipsi
1528 2722 1639 2756 plenae
1658 2723 1822 2756 legationis
1841 2722 1958 2754 officio,
1979 2723 2127 2749 destinat.
2148 2722 2275 2756 (Panis,

1265 2766 1334 2792 Bib.
1351 2767 1417 2793 nat.
1435 2773 1491 2792 ms.
1508 2766 1563 2793 lat.
1579 2766 1658 2793 4038
1673 2767 1709 2798 Β,
1725 2767 1746 2793 f.
1763 2767 1780 2793 2
1796 2770 1843 2799 v0,
1858 2774 1884 2793 c.
1902 2767 1963 2800 10.)

1312 2874 1325 2890 «
1363 2862 1536 2904 Mayistro
1586 2863 1702 2900 Gaale,
1743 2864 1875 2896 notario
1914 2866 2036 2902 nostro,
2078 2864 2272 2907 Apostolice

1268 2915 1366 2946 Sedis
1383 2915 1500 2956 leyato.
1523 2917 1619 2948 Inter
1636 2917 1753 2948 omnia
1772 2920 1890 2949 nostre
1907 2937 1962 2949 —.
1981 2918 2064 2950 Dat.
2093 2917 2270 2955 Laterani,

1268 2967 1385 2999 XIIII
1406 2968 1475 3000 kal.
1499 2970 1628 3006 martii,
1652 2979 1744 3001 anno
1765 2971 1928 3012 septimo.
1952 2983 1965 2999 »

2389 3463 2448 3512 31
2412 3247 2477 3440 -·-.·’.·
