2477 3512
169 301 232 333 770
900 296 1158 330 REGISTRES
1180 295 1516 329 D'ALEXANDRE
1537 295 1585 328 1v

174 408 256 438 tiam
283 410 382 446 atque
410 405 668 436 communionem
695 403 880 443 Apostolice
907 403 996 433 Sedis
1023 402 1184 436 habuerit,

175 463 212 490 ut
226 469 262 490 ea
277 459 376 498 gratis
390 461 423 489 et
436 459 558 497 absque
572 457 736 496 pravitate
749 456 858 495 aliqua
871 455 1010 486 voluerit
1024 455 1184 484 exhibere.

175 513 326 552 Alioquin
341 512 435 542 liceat
450 511 542 541 vobis
558 518 783 549 quemcunque
798 508 976 539 malueritis
991 507 1186 538 catholicum

176 566 264 596 adire
288 565 480 598 antistitem,
505 563 643 602 gratiam
667 565 701 592 et
725 561 977 592 communiorem
1002 560 1186 599 Apostolice

177 619 267 649 Sedis
295 618 480 650 habentem,
496 616 551 655 qui
566 615 718 645 nimirum
733 617 842 644 nostra
857 614 958 643 fultus
979 613 1185 647 auctoritate,

175 670 268 701 vobis
293 670 380 709 quod
406 669 591 708 postulatur
615 668 790 706 indulgeat.
819 667 901 697 Sane
927 666 1091 696 novalium
1116 674 1186 695 ves-

176 726 300 753 trorum
321 731 382 761 que
403 722 538 761 propriis
558 721 708 750 manibus
728 723 787 750 aut
806 719 990 758 sumptibus
1011 718 1125 752 colitis,
1147 718 1186 748 de

177 776 294 815 quibus
311 775 426 814 aliquis
444 775 600 804 hactenus
618 782 680 803 non
699 773 852 812 percepit,
870 772 937 802 sive
955 772 993 801 de
1004 774 1186 801 vestrorum

176 828 364 859 animalium
402 827 619 861 nutrimentis,
656 826 763 856 nullus
800 825 930 857 omnino
967 824 1098 854 clericus
1134 823 1186 854 vel

176 882 276 911 laicus
298 880 437 910 decimas
450 889 468 910 a
482 880 574 909 vobis
588 879 712 918 exigere
725 879 775 908 vel
789 881 981 917 extorquere
1008 879 1184 916 presumat.

177 935 228 964 Ad
248 933 402 963 indicium
421 935 532 963 autem
552 935 701 971 percepte
721 930 907 970 hujusmodi
922 939 940 960 a
962 931 1109 960 Romana
1127 929 1188 959 Ec-

177 987 272 1017 clesia
298 986 468 1021 libertatis,
495 985 587 1015 annis
614 984 746 1024 singulis
773 984 940 1013 denarium
958 992 1101 1017 aureum,
1129 984 1188 1012 aut

177 1040 210 1069 in
234 1041 350 1079 quarto
373 1048 468 1072 anno,
490 1038 698 1068 Bizantinum
722 1037 813 1067 nobis
829 1036 1010 1075 nostrisque
1030 1044 1189 1065 successo-

176 1093 266 1123 ribus
299 1091 497 1130 persolvetis.
531 1090 740 1120 Decernimus
772 1098 846 1128 ergo
878 1091 915 1118 ut
948 1089 1026 1118 nulli
1058 1088 1189 1118 omnino

178 1145 346 1175 hominum
380 1144 475 1173 liceat
493 1143 653 1182 prefatam
671 1142 837 1172 ecclesiam
863 1144 983 1171 temere
1002 1141 1190 1180 perturbare

178 1200 240 1227 etc.
254 1206 372 1236 usque:
394 1196 573 1235 profutura,
592 1196 682 1225 salva
696 1195 785 1225 Sedis
798 1194 982 1233 Apostolice
995 1193 1190 1223 auctoritate

178 1252 212 1280 et
238 1250 270 1279 in
298 1249 449 1288 predictis
467 1249 596 1287 capellis
619 1249 862 1278 diocesanorum
889 1247 1112 1286 episcoporum
1140 1255 1191 1276 ca-

178 1303 292 1333 nonica
319 1302 456 1341 justitia.
486 1301 583 1340 Siqua
612 1301 709 1340 igitur
735 1301 768 1330 in
795 1300 942 1330 futurum
977 1299 1190 1329 ecclesiastica

177 1355 392 1394 secularisque
416 1363 550 1393 persona
566 1357 627 1384 etc.
643 1363 745 1392 usque
769 1353 893 1383 ultioni.
923 1352 1054 1382 Cunctis
1079 1354 1190 1382 autem

176 1411 238 1438 etc.
272 1417 394 1447 usque:
429 1407 607 1437 inveniant.
641 1407 756 1436 Amen.
783 1407 896 1435 Amen.
932 1405 1008 1435 Dat.
1041 1405 1190 1440 Viterbii,

177 1470 234 1500 per
255 1470 388 1490 manum
410 1460 555 1499 magistri
578 1460 724 1494 Jordani,
749 1460 865 1490 Sancte
887 1459 1034 1488 Romane
1051 1457 1192 1488 Ecclesie

177 1514 295 1544 notarii
320 1516 353 1543 et
377 1513 638 1546 vicecancellarii,
682 1513 712 1542 II
761 1521 861 1542 nonas
894 1511 1057 1545 februarii,
1092 1511 1191 1540 indic-

177 1567 268 1596 tione
285 1566 399 1605 prima,
421 1565 654 1595 Incarnationis
672 1565 830 1595 dominice
847 1574 933 1594 anno
949 1564 992 1594 M.
1011 1564 1069 1594 CC.
1087 1563 1190 1593 LVII.

179 1618 392 1659 pontificatus
419 1628 496 1649 vero
525 1618 646 1648 domini
673 1617 848 1647 Alexandri
876 1626 960 1656 pape
991 1617 1069 1651 IIII,
1106 1625 1192 1647 anno

179 1674 307 1711 quarto.
346 1683 358 1699 »

260 1790 351 1816 2460
647 1789 786 1820 Viterbe,
799 1788 837 1815 23
849 1788 1012 1815 decembre
1024 1788 1110 1816 1257.

222 1839 373 1872 Magistro
407 1838 563 1865 Willelmo
598 1838 636 1864 de
670 1837 895 1871 Lapomeraye,
930 1837 1092 1871 capellano
1126 1844 1195 1871 suo,

181 1878 324 1912 indulget
350 1880 396 1910 ut,
421 1880 546 1912 praeter
570 1877 697 1904 unicum
723 1877 912 1904 beneficium
937 1877 1193 1909 ecclesiasticum,

183 1925 291 1945 curam
303 1918 481 1945 animarum
494 1924 650 1944 annexam
662 1917 792 1948 habens,
806 1917 891 1950 quod
904 1916 1028 1943 obtinet
1041 1916 1193 1950 cujusque

183 1959 356 1992 proventus
375 1959 447 1984 octo
467 1964 643 1984 marcarum
664 1957 883 1990 sterlingorum
902 1956 1075 1983 valentiam
1103 1957 1194 1983 annis

182 1998 313 2031 singulis
322 1998 377 2024 vix
388 1997 554 2028 excedunt,
581 1997 709 2023 unicum
728 1996 814 2023 aliud
836 1996 1025 2022 beneficium
1036 1995 1193 2023 ecclesias-

182 2038 293 2069 ticum,
321 2037 419 2063 etiam
447 2036 580 2063 similem
609 2043 716 2062 curam
744 2036 873 2067 hahens,
903 2037 934 2062 et
962 2036 987 2062 si
1016 2035 1193 2069 aliquodex

183 2077 227 2103 eis
248 2084 319 2103 eum
340 2076 495 2109 resignare
517 2076 693 2109 contigerit,
715 2076 801 2102 aliud
822 2075 889 2101 loco
909 2075 994 2101 illius
1015 2075 1100 2108 quod
1120 2075 1194 2102 resi-

185 2117 338 2150 gnaverit,
352 2117 439 2142 licite
452 2116 593 2149 recipiat.
611 2115 706 2148 (REG.
724 2115 773 2147 25,
788 2115 808 2142 f.
828 2115 884 2141 122
895 2118 941 2146 νῦ,
957 2122 1006 2142 an.
1026 2115 1078 2145 IV,
1093 2122 1117 2142 c.
1130 2114 1192 2148 48.)

227 2200 238 2215 α
260 2189 417 2227 Mayislro
437 2188 589 2217 Willelmo
608 2188 644 2217 de
662 2188 882 2226 Lapomeraye,
902 2187 1061 2226 capellano
1079 2189 1192 2216 nostro.

185 2241 336 2271 Volentes
358 2241 418 2270 tibi
439 2241 577 2279 gratiam
588 2258 637 2269 —.
654 2241 730 2270 Dat.
748 2240 894 2274 Viterbii,
912 2240 943 2269 X
956 2240 1019 2269 kal.
1041 2240 1192 2278 januarii,

185 2303 270 2324 anno
300 2296 427 2332 quarto.
459 2304 470 2320 n

267 2424 350 2450 2461
691 2425 829 2456 Viterbe,
841 2425 876 2451 31
889 2425 1012 2458 Janvier
1024 2425 1108 2452 1258.

232 2473 266 2499 In
298 2473 509 2499 controversia
541 2480 632 2506 super
663 2473 803 2499 cantoria
832 2473 1017 2499 Biterrensis
1048 2473 1193 2500 ecclesiae

188 2513 270 2539 inter
286 2513 471 2545 magistrum
490 2513 638 2539 Pontium
656 2513 693 2539 de
710 2512 738 2539 S.
757 2512 861 2544 Just0‚
879 2513 1083 2539 camerarium
1100 2513 1194 2540 eccle-

188 2553 252 2578 siae
265 2552 460 2584 Biterrensis,
475 2554 505 2578 et
519 2552 705 2585 magistrum
720 2552 903 2585 Gregorium
917 2553 955 2578 de
969 2553 997 2579 S.
1014 2552 1194 2585 Laurentio,

189 2592 418 2618 subdiaconum
433 2593 464 2618 et
479 2592 675 2625 capellanum
692 2592 899 2626 apostolicum
914 2594 1067 2623 vertente,
1084 2593 1195 2619 confir-

190 2633 255 2658 mat
299 2631 464 2658 arbitrium
496 2631 634 2663 Ricardi‚
666 2631 694 2658 S.
727 2631 839 2665 Angeli
869 2631 992 2658 diaconi
1018 2632 1196 2664 cardinalis,

189 2671 245 2705 qui
271 2678 363 2704 super
389 2671 448 2697 hoc
474 2671 618 2704 partibus
645 2671 772 2697 auditor
799 2671 902 2703 datus,
930 2670 1044 2697 Pontio
1071 2672 1197 2698 canoni-

190 2712 297 2737 catum
322 2711 468 2737 ecclesiae
493 2710 705 2737 Narbonensis
730 2718 801 2737 cum
826 2710 1022 2744 plenitudine
1045 2710 1123 2743 juris
1148 2718 1197 2738 ca-

190 2750 293 2777 nonici
313 2750 499 2781 contulerat,
521 2750 667 2783 Gregorio
687 2752 794 2776 autem
814 2750 987 2776 cantoriam
1007 2750 1109 2784 ipsam
1131 2758 1197 2777 sen-

190 2790 364 2816 tentialiter
383 2790 630 2823 adjudicaverat.
652 2789 748 2823 (Rae.
770 2790 818 2821 25,
838 2789 858 2816 f.
882 2789 938 2816 122
976 2793 1022 2821 v0,
1060 2797 1109 2816 an.
1144 2790 1197 2822 IV,

189 2835 215 2856 c.
242 2828 299 2860 49;
327 2829 502 2856 Po'rrnas‘r
528 2828 648 2861 17170.)

231 2912 243 2927 α
267 2901 422 2939 Mayistro
446 2901 536 2931 Petro
560 2901 596 2930 de
621 2900 732 2931 Sancto
757 2901 859 2935 Juslo,
897 2901 1065 2930 camerario
1097 2901 1197 2931 Biter-

190 2953 282 2982 tensi.
306 2953 352 2983 Ea
367 2963 429 2992 que
442 2953 562 2992 judicio
577 2971 627 2982 —-.
646 2954 722 2983 Dat.
739 2954 885 2988 Viterbii,
906 2953 936 2983 II
956 2953 1018 2983 kal.
1033 2953 1196 2989 februarii,

190 3013 276 3034 anno
315 3008 441 3044 quarto.
481 3017 493 3033 »

1368 404 1457 430 2462
1794 404 1933 437 Viterbe,
1945 405 1983 432 28
1993 405 2117 439 janvier
2128 404 2215 433 1258.

1330 452 1513 487 Praeposito
1538 455 1570 480 et
1595 453 1734 488 capitulo
1759 453 1905 480 ecclesiae
1930 453 1959 481 S.
1986 453 2114 480 Nazarii
2136 453 2168 480 in
2193 453 2300 480 Brolio

1290 492 1532 519 Mediolanensis
1546 493 1678 520 mandat
1692 494 1728 520 ut
1742 492 1881 520 Florium
1896 493 1933 520 de
1948 492 2098 525 Famano,
2113 493 2299 520 canonicum

1289 532 1436 558 ecclesiae
1451 532 1488 558 de
1503 532 1612 559 Olzate
1627 529 1738 564 Olona,
1751 533 1783 559 in
1797 540 1905 559 eorum
1918 532 2047 560 ecclesia
2060 532 2092 559 in
2113 533 2300 559 canonicum

1289 573 1320 598 et
1341 571 1372 597 in
1393 571 1522 598 fratrem
1541 572 1706 606 recipiant,
1727 579 1764 599 ac
1783 572 1822 599 de
1841 572 2021 606 praebenda
2039 572 2211 599 liberaliter
2229 578 2300 606 pro-

1289 611 1394 637 videre
1417 613 1537 642 curent,
1559 618 1622 638 non
1645 611 1848 639 obstantibus
1869 613 1993 638 statuto
2015 613 2071 638 aut
2091 611 2206 639 litteris
2227 618 2301 639 oon-

1289 651 1404 678 trariis.
1428 650 1524 683 (Rae.
1549 650 1598 683 25,
1620 651 1640 678 f.
1665 651 1733 683 123,
1755 658 1804 678 an.
1831 651 1884 683 IV,
1906 658 1931 678 c.
1955 651 2032 685 50⁸.)

1331 747 1375 770 «..,
1391 736 1547 775 preposito
1582 738 1609 765 el
1646 736 1781 775 capitulo
1810 736 1931 766 ecclesie
1959 736 2066 766 Sancti
2102 735 2236 766 Nazarii
2265 735 2299 766 in

1287 788 1393 819 Brolio
1412 788 1671 819 Mediolanensis.
1699 789 1770 819 Etsi
1808 789 1850 819 ad
1889 789 2105 828 provisionem
2136 805 2188 818 —.
2222 788 2301 818 Dat.

1287 841 1434 876 Viterbii,
1460 842 1487 871 V
1511 842 1574 872 kal.
1597 841 1760 877 februarii,
1783 851 1869 872 anno
1892 844 2019 881 quarto.
2042 852 2056 870 ι

1373 1017 1461 1043 2463
1799 1018 1938 1050 Viterbe,
1950 1018 1988 1045 28
1998 1018 2122 1052 janvier
2133 1017 2220 1045 1258.

1335 1066 1518 1100 Praeposito
1545 1068 1578 1093 et
1605 1066 1744 1101 capitulo
1772 1067 1919 1094 ecclesiae
1947 1067 1985 1093 de
2013 1066 2157 1098 Corbeta,
2185 1065 2304 1094 Medio-

1292 1105 1429 1132 lanensis
1462 1106 1603 1139 diocesis,
1626 1106 1759 1133 mandat
1791 1108 1827 1133 ut
1861 1106 2062 1134 Guillelmum
2095 1105 2303 1138 Lazaronum,

1294 1145 1481 1172 canonicum
1512 1145 1658 1173 ecclesiae
1691 1146 1799 1173 Sancti
1830 1145 1957 1172 Nazarii
1986 1146 2019 1172 in
2049 1145 2154 1172 Brolio
2186 1145 2304 1172 Medio-

1294 1185 1440 1217 lanensis,
1467 1186 1499 1212 in
1526 1185 1712 1212 canonicum
1739 1187 1771 1212 et
1796 1185 1829 1212 in
1854 1185 1985 1212 fratrem
2010 1185 2175 1219 recipiant,
2202 1191 2240 1212 ac
2265 1184 2304 1212 de

1295 1224 1475 1259 praebenda
1506 1225 1670 1259 providere
1701 1227 1821 1256 curent,
1853 1232 1916 1252 non
1947 1225 2150 1252 obstantibus
2180 1225 2303 1251 statuto

1295 1266 1352 1291 aut
1366 1265 1480 1291 litteris
1496 1265 1669 1292 contrariis.
1687 1264 1783 1298 (REG.
1801 1264 1850 1296 25,
1866 1265 1886 1292 f.
1905 1264 1963 1292 123
1978 1268 2025 1297 v0,
2042 1271 2091 1292 an.
2111 1264 2164 1296 IV,
2177 1261 2257 1297 505.)

1337 1362 1380 1384 «..,
1404 1350 1567 1395 preposito
1589 1352 1615 1379 el
1637 1349 1773 1389 capitulo
1795 1349 1916 1380 ecclesie
1938 1349 1974 1380 de
1997 1348 2304 1384 Corbela‚Mediolo-

1293 1403 1400 1432 nensis
1435 1403 1574 1433 diocesis.
1609 1403 1681 1432 Etsi
1714 1403 1755 1433 ad
1791 1403 2007 1442 provisionem
2039 1405 2100 1432 etc.
2136 1410 2238 1441 usque
2271 1401 2305 1431 in

1293 1456 1392 1486 finem
1418 1458 1455 1486 ut
1481 1455 1538 1496 [in]
1558 1456 1630 1486 alia.
1655 1467 1668 1484 ι

1377 1637 1466 1663 2464
1761 1637 1900 1668 Viterbe,
1914 1636 1950 1663 12
1962 1636 2126 1663 decembre
2137 1635 2224 1663 1257.

1339 1686 1523 1720 Praeposito
1531 1687 1562 1712 et
1571 1685 1710 1719 capitulo
1719 1686 1758 1712 de
1767 1684 2158 1719 Dairago,Mediolanensis
2166 1683 2309 1717 diocesis.

1298 1726 1431 1752 mandat
1441 1727 1477 1752 ut
1487 1726 1685 1760 praedictum
1696 1725 1731 1752 G.
1744 1724 1951 1757 Lazaronum,
1966 1724 2152 1751 canonicum
2161 1723 2309 1751 ecclesiae

1299 1766 1337 1792 de
1370 1765 1514 1797 coi-beta,
1547 1765 1789 1791 Mediolanensis
1821 1764 1963 1796 diocesis,
1994 1764 2027 1791 in
2059 1763 2245 1791 canonicum
2275 1764 2309 1790 et

1298 1806 1330 1832 in
1352 1805 1483 1832 fratrem
1505 1805 1660 1838 recipiant
1682 1811 1718 1831 ac
1740 1805 1778 1831 de
1800 1804 1981 1838 praebenda
2001 1803 2166 1838 providere
2187 1804 2307 1831 curent.

1299 1845 1395 1879 (Fuso.
1419 1844 1468 1876 25,
1489 1844 1510 1871 f.
1534 1844 1591 1871 123
1613 1847 1659 1876 v⁰‚
1682 1851 1731 1871 an.
1757 1844 1810 1876 IV,
1831 1851 1856 1871 c.
1879 1844 1957 1877 500.)

1339 1942 1383 1964 «..,
1402 1930 1558 1969 preposito
1577 1931 1603 1959 et
1636 1929 1771 1968 capitulo
1795 1928 1854 1969 [de]
1873 1929 2024 1968 Dairayo,
2057 1927 2307 1958 Mediolanensis

1295 1983 1434 2013 diocesis.
1457 1983 1529 2013 Etsi
1549 1983 1591 2013 ad
1612 1982 1827 2021 provisionem
1847 2000 1898 2011 —.
1920 1982 1996 2012 Dat.
2016 1981 2163 2016 Viterbii,
2183 1980 2215 2011 11
2235 1980 2309 2011 idus

1298 2036 1486 2070 decembris,
1512 2045 1598 2065 anno
1621 2035 1728 2065 tertio.
1755 2046 1767 2062 n

1378 2223 1466 2250 2465
1814 2222 1953 2254 Viterbe,
1966 2221 2002 2248 15
2014 2221 2128 2248 tevi-ier
2138 2220 2225 2248 1258.

1340 2272 1500 2306 Stephano
1540 2271 1644 2303 Vaini,
1685 2271 1795 2298 clerico
1835 2269 2100 2298 Claromontensis
2139 2269 2271 2296 diocesis

1299 2312 1525 2384 {zbelgiogffius
1545 2311 1686 2338 officium
1707 2311 1860 2337 concedit.
1881 2310 1978 2343 (Rae.
2000 2309 2048 2342 25,
2068 2309 2089 2336 ί.
2112 2308 2169 2336 123
2189 2311 2236 2341 v0,
2255 2314 2305 2335 an.

1338 2448 1351 2464 «
1386 2436 1541 2475 Stephano
1581 2436 1688 2469 Vaini,
1725 2435 1830 2466 clerico
1867 2435 1899 2465 in
1935 2434 2110 2465 minoribus
2144 2428 2345 2464 ordinibus,
2369 2453 2379 2459 .

1298 2490 1470 2523 constituto,
1512 2488 1773 2519 Claromontensis
1812 2488 1952 2518 diocesis.
1992 2488 2041 2517 Ne
2080 2488 2307 2517 contractuum

1299 2542 1453 2572 memoria
1466 2559 1516 2570 -.
1531 2542 1607 2571 Dat.
1621 2541 1768 2575 Viterbii,
1782 2541 1844 2571 XV
1857 2541 1921 2571 kal.
1935 2540 2054 2575 martii,
2067 2549 2152 2570 anno
2165 2540 2309 2579 quarto.-

1380 2722 1468 2748 2466
1806 2721 1945 2753 Viterbe,
1957 2721 1992 2748 31
2004 2720 2128 2754 janvier
2138 2719 2225 2748 1258.

1342 2771 1509 2805 Episcopo,
1535 2771 1714 2804 praeposito
1739 2772 1770 2796 et
1796 2770 1935 2804 capitulo
1960 2767 2308 2803 Carpentoracensihus,

1301 2811 1342 2838 ad
1364 2811 1626 2844 supplicationem
1650 2810 1700 2841 R,
1724 2810 1832 2837 Sancti
1853 2809 1965 2842 Angeli
1986 2808 2109 2835 diaconi
2131 2806 2309 2839 cardinalis,

1301 2850 1434 2877 mandat
1463 2851 1499 2876 ut
1528 2849 1657 2876 Petrum
1687 2850 1725 2876 de
1753 2849 1889 2881 Labant,
1913 2849 2058 2875 clericum
2087 2845 2307 2874 Avinionensis

1301 2889 1450 2924 episcopi,
1480 2891 1631 2916 rectorem
1661 2883 1808 2916 ecclesiae
1838 2889 1875 2915 de
1905 2888 1997 2922 Rupe
2027 2887 2146 2919 Maura,
2176 2885 2307 2914 diocesis

1300 2929 1531 2961 Avinionensis,
1541 2929 1692 2963 recipient
1710 2929 1742 2955 in
1762 2928 1947 2955 canonicum
1967 2929 1999 2954 et
2017 2927 2049 2954 in
2068 2927 2198 2954 fratrem
2216 2925 2308 2960 eique

1302 2969 1340 2996 de
1367 2969 1548 3003 praehenda
1576 2968 1740 3002 providere
1768 2969 1886 2995 curent.
1917 2967 2013 3001 (Bao.
2044 2966 2093 2999 25,
2121 2966 2142 2994 t.
2174 2965 2230 2993 123
2257 2967 2306 2997 νῦ,

1246 2994 1250 3040 Ι
1300 3015 1349 3035 an.
1383 3008 1435 3040 1v,
1465 3015 1489 3035 e.
1520 3007 1582 3042 52.)
