2477 3512
971 263 1176 303 SIXIEME
1200 261 1369 300 ANNEE
2174 268 2236 300 103

107 379 238 411 amicos
265 378 325 420 qui
352 378 512 410 sublatos
538 388 556 409 e
582 378 697 410 medio
724 377 877 409 fideliter
903 377 1113 413 dilexerunt,

106 433 171 464 1136
195 432 240 463 ab
264 431 330 462 illis
354 431 561 462 diversitate
585 431 745 462 distincti
769 431 830 472 qui
853 430 985 462 amicos
1008 430 1115 460 inter-

107 486 191 516 dum
210 484 370 516 miserius
389 483 522 515 deflent
542 493 630 524 quos
650 482 883 524 negligentius
899 483 1114 517 habuerunt,

107 541 142 569 et
185 546 303 569 amare
345 546 551 578 quenquam
593 536 657 567 nisi
700 536 879 578 perditum
922 535 1116 567 nescientes

108 594 193 622 tunc
216 590 359 621 demum
381 589 552 620 exhibent
574 598 649 620 sera
672 599 733 621 sue
755 588 956 621 affectionis
977 587 1115 622 inditia,

112 645 152 674 ut
170 643 318 674 dubium
336 652 381 673 an
397 642 580 673 viventem
598 642 809 679 amaverint,
825 652 893 673 11011
902 640 1117 682 relinquant·

108 695 252 727 Etenim
274 695 356 737 quia
377 695 543 727 indecens
565 694 709 727 meroris
730 695 925 726 remedium
946 696 1000 726 est
1020 693 1118 725 lassi-

106 749 195 780 tudo
226 747 394 785 merendi,
425 748 508 780 licet
539 757 558 779 a
589 747 846 779 constitutione
877 747 971 779 civili
1002 756 1116 778 annus

106 801 212 833 detur
236 800 376 833 feminis
404 801 449 832 ad
476 801 680 842 lugendum,
710 810 780 832 non
809 803 848 832 ut
876 800 1026 836 tamdiu,
1055 799 1115 831 sed

107 864 150 886 ne
188 853 323 886 diutius
361 853 506 885 fletibus
543 854 780 889 intabescant,
821 854 958 885 nullum
996 856 1116 884 tamen

106 907 190 939 viris
214 917 234 939 a
257 907 331 948 lege
355 906 584 948 prescribitur
606 906 716 938 flendi
740 909 882 948 tempus
905 906 1118 947 legitimum,

107 960 189 1002 quia
211 960 347 991 nullum
369 959 417 991 eis
439 959 482 991 ad
505 959 570 991 hoe
591 959 759 991 idoneum
781 960 943 991 consulta
965 960 1117 1001 pruden—

106 1013 157 1044 tia
173 1012 359 1050 indicavit,
378 1012 443 1044 etsi
462 1012 632 1054 sapientis
650 1013 846 1044 auctoritas
863 1013 912 1044 eis
930 1013 1117 1054 permittat

107 1065 339 1108 paucissimos
372 1066 445 1097 dies
477 1065 594 1098 luctus
627 1066 671 1097 ad
706 1066 893 1097 caritatem
926 1066 1117 1098 fovendam

106 1118 340 1161 superstitum
379 1121 415 1150 et
438 1118 714 1150 inhumanitatis
740 1119 955 1161 calumpiam
980 1119 1118 1151 evitan-

110 1172 204 1204 dam.
242 1171 350 1203 Porro
386 1172 452 1203 etsi
489 1172 682 1213 superstiti,
723 1175 761 1203 ut
798 1172 978 1204 modicum
1014 1182 1120 1214 super

108 1227 291 1257 mortuum
315 1234 419 1257 suum
444 1225 569 1267 ploret,
595 1226 797 1257 venerande
821 1226 972 1267 imperet
997 1228 1119 1257 aucto-

106 1278 194 1310 ritas
213 1278 418 1315 vetustatis,
441 1278 541 1310 venit
561 1280 683 1310 tamen
705 1279 770 1310 sub
791 1278 949 1319 jubentis
970 1279 1117 1321 imperio

106 1331 335 1373 intelligenda
357 1341 426 1363 non
446 1333 523 1363 tam
543 1331 692 1363 forsitan
713 1332 875 1373 plorandi
896 1332 988 1363 actio
1010 1342 1117 1373 quam

107 1384 294 1416 modicitas
320 1384 480 1421 actionis,
509 1387 549 1416 ut
575 1394 637 1427 per
662 1385 727 1416 hoc
754 1395 860 1426 quem
886 1386 930 1416 ad
957 1385 1117 1417 flendum

107 1437 242 1469 emollit
281 1437 506 1469 imbecillitas
545 1438 661 1470 anime
701 1438 902 1475 indolentis,
944 1448 964 1470 a
1004 1438 1117 1470 multo

106 1490 333 1522 lacrimarum
352 1490 529 1532 profluvio
549 1494 806 1532 compescatur.
827 1491 1016 1523 Veteribus
1035 1501 1118 1523 sane

107 1543 280 1585 patribus,
320 1545 361 1574 ut
398 1543 511 1585 longis
548 1543 774 1585 indulgerent
812 1544 1120 1586 deplorationibus

106 1596 362 1638 proximorum,
401 1606 472 1628 non
510 1596 624 1628 solum
662 1597 875 1638 suggerebat
900 1597 1120 1638 humanitas,

107 1649 167 1681 sed
189 1649 283 1691 quia,
305 1651 485 1691 quotquot
506 1649 667 1682 universe
688 1650 802 1682 carnis
823 1650 987 1682 debitum
1007 1651 1120 1683 exsol-

108 1702 254 1740 vebant,
276 1702 456 1744 regnantis
478 1702 513 1734 in
536 1712 657 1734 omnes
680 1713 700 1734 a
722 1703 835 1745 primo
858 1706 1006 1745 parente
1027 1713 1120 1735 mor-

108 1755 155 1787 tis
180 1755 339 1797 imperio,
368 1755 521 1787 necdum
547 1756 702 1788 secundo
728 1756 847 1788 Adam
872 1756 1120 1798 triumphante

109 1808 251 1840 devicta
276 1810 400 1845 morte,
428 1808 473 1840 ad
498 1808 628 1840 inferos
653 1809 864 1841 descendere
889 1809 1123 1850 cogebantur.

111 1860 213 1892 Nunc
236 1870 332 1898 vero,
358 1861 501 1902 quando
526 1870 607 1893 cum
632 1861 770 1893 Christo
798 1862 834 1893 in
864 1861 939 1893 Deo
968 1861 1122 1893 fideliter

110 1914 337 1945 morientium
368 1914 444 1946 vita
475 1915 658 1956 reponitur
687 1914 722 1946 in
754 1915 909 1951 excelsis,
942 1915 1016 1947 sine
1046 1914 1123 1956 spei

110 1966 283 1999 catholice
320 1967 451 2008 injuria
487 1967 563 2008 jam
602 1978 671 2000 non
710 1978 898 2010 possumus
936 1968 1121 2010 planctum

110 2020 302 2061 producere
327 2030 433 2062 super
457 2020 545 2052 illos.

160 2082 280 2123 Igitur,
309 2082 598 2115 christianissime
626 2083 800 2125 princeps,
829 2094 910 2116 cum
938 2084 1120 2115 lacrimam

110 2137 212 2167 tuam
237 2135 376 2177 siquam
410 2135 560 2168 forsitan
595 2136 819 2169 vehementia
846 2137 974 2169 doloris
1000 2146 1122 2169 excus-

111 2188 206 2225 serit,
227 2188 389 2220 funditus
411 2189 539 2221 debeat
560 2189 683 2222 matris
706 2189 860 2222 Ecclesie
882 2190 947 2222 tibi
967 2190 1122 2221 fideliter

112 2240 332 2272 condolentis
360 2241 505 2273 lacrima
534 2242 757 2284 compassiva
785 2242 926 2280 siccare,
957 2243 1121 2284 quotiens

113 2293 279 2325 memorie
320 2294 464 2325 stimulo
505 2304 565 2326 cor
605 2297 720 2332 tuum,
763 2298 826 2327 aut
867 2296 1045 2328 carissime
1085 2295 1121 2326 in

114 2346 251 2377 Christo
290 2346 360 2378 filie
399 2350 518 2379 nostre
554 2347 699 2380 illustris
736 2348 853 2389 regine
891 2348 1119 2385 Francorum,

113 2399 285 2431 consortis
312 2402 383 2437 tue,
413 2401 602 2442 pupugerit
629 2401 699 2432 cari
728 2402 801 2433 nati
830 2402 977 2433 acerbus
1004 2411 1121 2433 exces-

113 2462 182 2489 sus,
222 2453 389 2494 quicquid
429 2453 509 2485 hinc
547 2454 691 2485 meroris
728 2454 943 2492 infunditur,
989 2455 1120 2486 blanda

114 2505 357 2546 hujuscemodi
392 2507 562 2547 cogitatio
596 2510 631 2538 et
665 2508 776 2539 dulcis
810 2509 1002 2549 abstergat,
1038 2508 1120 2549 quia

113 2559 148 2590 in
188 2559 325 2590 Christo
365 2559 488 2591 vivens
526 2560 638 2591 multo
678 2561 789 2602 magis
826 2561 974 2602 gloriose
1013 2571 1120 2602 quam

115 2611 210 2653 prius
234 2612 420 2643 carissimis
444 2613 652 2654 parentibus
676 2613 710 2644 in
735 2615 987 2646 resurrectione
1009 2614 1122 2655 justo-

115 2675 204 2702 rum,
233 2665 307 2696 Deo
336 2665 454 2703 dante,
484 2666 632 2697 feliciter
659 2667 845 2708 apparebit
872 2670 907 2698 et
935 2671 1122 2708 congratu-

116 2718 248 2749 labitur
275 2728 310 2750 se
339 2718 434 2749 viam
464 2718 548 2756 vite,
578 2719 643 2750 illis
671 2720 925 2757 erudientibus‚
955 2720 1120 2752 tenuisse.

118 2771 307 2812 Propterea
347 2771 503 2812 reginam
540 2772 689 2803 eandem
728 2773 930 2805 debiliorem
968 2773 1122 2815 corporis

117 2823 170 2854 tui
209 2826 347 2866 partem
387 2824 645 2856 exhortationis
684 2825 823 2857 assidue
861 2826 1122 2858 confortatione

118 2879 290 2914 sustenta,
320 2880 359 2909 ut
387 2878 451 2909 hiis
478 2881 514 2909 et
540 2878 611 2910 tuis
638 2878 938 2911 consolationibus
965 2880 1121 2911 animam

117 2929 290 2968 sublevet,
325 2940 367 2963 ne
399 2931 636 2963 insidentibus
670 2932 818 2964 nimium
851 2932 1030 2965 doloribus
1063 2943 1123 2974 op-

117 2982 302 3025 primatur,
326 2984 388 3016 sed
411 2985 530 3027 potius
554 2985 639 3017 dum
663 2985 863 3018 carissimus
886 2985 980 3017 filius
1003 2995 1121 3018 amare

1222 375 1387 406 recolitur
1418 374 1579 411 defuisse,
1618 375 1775 405 suaviter
1806 375 1839 405 in
1867 378 2021 406 mentem
2051 376 2234 416 utriusque

1223 431 1377 459 recurrat
1415 437 1523 468 quam
1558 430 1638 458 tuto
1675 427 1773 458 exitu
1809 427 1881 458 vite
1919 428 2076 459 mortalis
2117 429 2232 468 spatia

1223 481 1458 517 consumavit,
1488 480 1521 511 in
1549 481 1662 511 lucem
1690 480 1864 521 repositus
1892 480 1986 520 apud
2018 481 2141 515 Deum,
2174 481 2233 511 ubi

1223 544 1304 565 eum
1328 544 1396 564 non
1419 533 1587 564 amissum
1610 533 1740 563 habent
1764 533 1981 573 superstites,
2005 533 2064 563 sed
2090 533 2233 573 premis-

1224 597 1313 618 sum.
1341 587 1590 626 Quamobrem,
1618 586 1732 627 siquid
1758 586 1787 616 ci
1814 585 1973 616 fortassis
1999 586 2040 616 (le
2066 586 2232 625 contagio

1225 642 1361 670 terrene
1379 639 1611 670 habitationis
1629 641 1691 670 ant
1708 638 1857 669 carnalis
1874 638 2074 669 infectionis
2091 638 2235 669 inhesit,

1226 693 1320 734 quod
1350 695 1514 733 oporteat
1543 692 1695 723 Ecclesie
1726 691 1854 722 Sancte
1882 690 2069 731 suffragiis,
2100 691 2154 722 vel
2181 700 2237 722 ca-

1226 750 1343 776 rorum
1372 745 1512 776 auxiliis
1539 744 1684 786 expiari,
1714 744 1835 785 vigilet
1862 743 1953 775 circa
1981 753 2061 775 eum
2091 746 2237 784 paterne

1227 808 1267 830 ac
1310 801 1469 829 materne
1512 797 1692 839 diligentia
1735 797 1889 838 pictatis,
1934 800 2052 828 nostre
2095 806 2236 838 quoquc

1230 852 1389 883 caritatis
1412 851 1595 882 sinceritas
1617 850 1726 892 ipsius
1749 850 1843 891 apud
1869 850 1983 881 Deum
2006 850 2041 880 in
2064 850 2139 891 ipsa
2164 859 2239 891 pre-

1227 905 1349 936 sertim
1388 904 1632 936 immolatione
1672 903 1785 934 hostie
1826 903 2001 939 salutaris,
2043 912 2124 934 cum
2166 912 2236 943 qua

1230 968 1291 999 pro
1316 958 1430 989 salute
1453 957 1613 988 fidelium
1637 959 1720 988 ante
1747 956 1913 987 thronum
1938 956 2002 987 Dei
2027 955 2083 997 pia
2107 955 2239 996 jugiter

1228 1014 1312 1042 vota
1343 1010 1610 1052 prosternimus,
1640 1012 1745 1051 prout
1775 1009 1930 1040 humana
1960 1008 2132 1049 fragilitas
2161 1018 2238 1050 per-

1228 1064 1372 1100 miserit,
1393 1073 1527 1095 memor
1545 1063 1622 1094 erit.
1643 1063 1726 1094 Dat.
1747 1062 1916 1103 Anagnie,
1941 1062 1993 1093 ΙΙΙ
2014 1062 2082 1093 kal.
2104 1061 2239 1094 martii,

1227 1127 1319 1149 anno
1346 1119 1458 1148 sexto.
1489 1130 1500 1144 »

1310 1278 1399 1305 3066
1708 1277 1842 1311 Anagni,
1866 1277 1903 1303 28
1925 1276 2048 1310 J'anvier
2072 1275 2158 1302 1260.

1269 1331 1450 1365 Praeposito
1476 1333 1506 1357 ct
1531 1330 1669 1364 capitulo
1695 1329 1842 1357 ecclesiae
1867 1329 2097 1360 Hasclacensis,
2121 1329 2238 1361 Argen-

1227 1376 1357 1402 tinensis
1391 1376 1532 1407 diocesis,
1566 1374 1734 1408 recipiendi
1768 1374 1941 1400 Henrieum
1975 1374 2013 1400 de
2047 1372 2240 1404 Phentensh,

1229 1420 1376 1446 clericum
1414 1419 1649 1453 Argentinensis
1686 1418 1827 1450 diocesis,
1864 1418 1896 1444 in
1932 1418 2073 1451 ipsorum
2111 1416 2239 1444 ecclesia

1228 1464 1317 1498 eique
1342 1464 1380 1490 de
1405 1464 1585 1497 praebenda
1610 1463 1714 1496 aliqua
1740 1462 1927 1496 providendi
1952 1462 2142 1489 facultatem
2167 1468 2239 1487 con-

1228 1508 1320 1535 cedit.
1338 1508 1434 1541 (Rea.
1452 1508 1501 1539 25,
1517 1508 1538 1534 f.
1556 1507 1625 1539 241,
1642 1514 1691 1534 an.
1710 1507 1765 1538 VI,
1782 1514 1807 1533 c.
1825 1507 1887 1539 27.)

1274 1613 1286 1628 «
1320 1625 1339 1632 ..
1373 1600 1543 1642 preposito
1576 1602 1604 1631 el
1637 1599 1785 1640 capitulo
1819 1598 1950 1630 ecclesie
1983 1597 2236 1633 Haschzcensis,

1228 1653 1492 1694 Arqentinensis
1531 1652 1684 1684 diocesis.
1726 1652 1854 1683 Dilecti
1894 1652 1957 1682 filii
1998 1650 2141 1682 Henrici
2181 1669 2234 1682 —-.

1230 1707 1313 1738 Dat.
1340 1706 1510 1747 Anagnie,
1540 1706 1569 1737 V
1595 1705 1664 1737 kal.
1692 1705 1870 1741 februarii,
1898 1714 1990 1735 anno
2017 1706 2130 1736 sexto.
2159 1716 2170 1732 »

1313 1864 1400 1891 3067
1706 1863 1840 1897 Anagni,
1863 1863 1901 1890 28
1922 1863 2046 1896 janvier
2070 1862 2156 1889 1260.

1271 1918 1454 1952 Praeposito
1474 1918 1504 1944 et
1524 1917 1662 1951 capitulo
1682 1916 1828 1943 ecclesiae
1848 1916 1877 1943 S.
1899 1916 1983 1943 Petri
2002 1915 2238 1949 Argentinensis

1229 1963 1261 1989 in
1277 1970 1302 1989 6.
1319 1970 1360 1989 m.
1377 1969 1433 1996 pro
1447 1962 1630 1988 Burchardo
1647 1962 1684 1988 de
1700 1961 1882 1994 Argentino.
1900 1960 1997 1994 (Hm.
2014 1960 2063 1992 25,
2078 1960 2099 1986 f-
2116 1960 2172 1986 241
2190 1963 2237 1991 νῦ,

1230 2015 1279 2034 an.
1299 2007 1354 2039 VI,
1372 2007 1401 2033 d,
1420 2006 1460 2040 c.)

1277 2110 1288 2125 α
1324 2123 1342 2128 ..
1377 2097 1548 2138 preposito
1582 2098 1610 2127 el
1644 2095 1792 2137 capitulo
1827 2094 1959 2125 ecclesie
1994 2093 2111 2125 Sancti
2145 2092 2237 2124 Petri

1230 2150 1503 2191 Arqcnlinensis.
1525 2149 1651 2181 Dilecti
1672 2149 1735 2180 filii
1752 2147 1949 2180 Burchardi
1969 2147 2011 2178 de
2031 2146 2236 2187 Argentino,

1230 2204 1353 2236 clerico
1376 2206 1442 2235 etc.
1468 2206 1507 2234 ut
1529 2203 1563 2234 in
1587 2202 1654 2234 alia
1678 2211 1739 2243 per
1760 2204 1890 2233 totum.
1916 2213 1928 2229 »

1313 2372 1400 2398 3068
1715 2371 1849 2404 Anagni,
1873 2372 1910 2397 20
1933 2371 2046 2397 fevrIer
2071 2370 2156 2397 1260.

1272 2425 1530 2459 Praeceptoribus
1550 2427 1580 2451 et
1600 2425 1749 2451 fratribus
1769 2424 1933 2458 hospitalis
1953 2425 1981 2450 S.
2003 2423 2118 2450 Mariae
2138 2424 2239 2450 Theu-

1230 2470 1407 2496 tonicorum
1432 2469 1680 2496 Jerosolimitani
1704 2469 1735 2495 in
1761 2469 1893 2495 Livonia
1917 2470 1948 2494 et
1974 2468 2100 2495 Pruscia
2125 2468 2239 2494 consti-

1230 2514 1319 2545 tutis,
1336 2514 1480 2540 concedit
1496 2515 1542 2545 ut,
1558 2513 1590 2539 in
1606 2513 1781 2539 subsidium
1797 2519 1899 2544 suum,
1916 2519 1971 2545 per
1986 2513 2098 2538 fratres
2114 2512 2239 2538 clericos

1230 2558 1278 2584 sui
1294 2558 1411 2584 ordinis
1428 2558 1468 2584 ad
1485 2558 1543 2584 hoc
1559 2557 1698 2589 idoneos,
1716 2564 1839 2583 crucem
1856 2556 2029 2590 praedicari
2045 2556 2164 2583 faciant
2181 2556 2237 2582 sub

1230 2602 1282 2628 illa
1315 2602 1415 2628 forma
1448 2609 1544 2635 quam
1577 2601 1670 2628 Sedes
1702 2601 1886 2635 Apostolica
1919 2600 2174 2626 Praedicatorum
2208 2601 2237 2625 et

1232 2646 1387 2672 Minorum
1407 2646 1552 2672 ordinum
1572 2645 1723 2672 fratribus
1743 2653 1779 2671 ac
1798 2646 1894 2671 etiam
1914 2644 2103 2678 quibusdam
2122 2644 2238 2677 cpisco-

1230 2690 1277 2724 pis
1299 2690 1466 2716 commisit.
1489 2690 1586 2722 (REG.
1610 2689 1659 2721 25,
1681 2689 1702 2715 f.
1726 2689 1780 2715 241
1806 2692 1852 2720 νο,
1875 2696 1924 2715 an.
1949 2688 2003 2718 VI,
2026 2694 2051 2713 c.
2074 2688 2133 2715 28:
2158 2687 2237 2712 Por-

1232 2741 1335 2759 THAsr
1358 2734 1480 2767 17792.)

1277 2838 1288 2853 «
1328 2823 1585 2866 Precepstwibus
1626 2826 1653 2854 et
1691 2822 1856 2864 fratribus
1896 2821 2075 2863 hospitalis
2117 2820 2237 2851 Sancte

1232 2878 1347 2909 Marie
1378 2877 1659 2909 leeutonicorum
1690 2876 1724 2907 in
1754 2876 1899 2907 Livonia
1927 2877 1955 2905 et
1983 2874 2139 2906 Prnscin.
2170 2873 2239 2904 Vix

1231 2931 1364 2972 absque
1389 2930 1541 2962 lacrimis
1564 2948 1619 2961 ——.
1646 2930 1728 2960 Dat.
1756 2929 1924 2967 Anagnie,
1953 2927 1988 2959 X
2012 2928 2079 2958 kal.
2107 2927 2235 2962 martii,

1232 2994 1324 3016 anno
1351 2986 1463 3016 sexto.
1493 2996 1504 3011 υ
